4252 6393
555 385 677 448 380

587 547 1028 621 clinantur.
1093 549 1478 632 Quamvis
1540 553 1815 623 autem
1872 550 2126 622 deter-

589 665 900 738 minata
1015 666 1174 738 sint
1289 666 1617 758 agentia
1749 670 2122 760 respectu

581 782 1314 856 determinatarum
1393 782 1974 878 potentiarum,
2046 786 2126 855 et

585 902 887 991 quanto
979 904 1384 974 creaturae
1482 904 1666 974 sunt
1754 899 2121 980 altiores,

581 1018 813 1089 tanto
884 1015 1177 1092 habent
1246 1022 1626 1112 aspectus
1676 1019 1770 1090 ad
1831 1035 2124 1089 causas

584 1133 924 1207 altiores
988 1159 1002 1204 :
1070 1135 1222 1208 hoc
1280 1140 1555 1210 tamen
1610 1154 1895 1207 verum
1972 1138 2121 1215 est,

586 1250 792 1341 quod
868 1249 1061 1322 talis
1142 1251 1565 1325 inclinatio
1634 1251 1728 1322 ad
1826 1248 2128 1340 aliquid

586 1367 799 1439 aliud
876 1366 1348 1441 diffunditur
1436 1388 1581 1460 per
1655 1365 1926 1439 omnia
2004 1386 2126 1437 ac-

587 1485 756 1558 tiva
803 1490 883 1558 et
962 1485 1312 1577 passiva,
1361 1505 1535 1576 quae
1577 1489 1919 1576 possunt
1952 1504 2128 1555 esse

589 1607 867 1695 partes
937 1601 1323 1673 universi.
1413 1600 1920 1693 Impossibile
2001 1604 2129 1672 est

586 1724 859 1793 autem
928 1719 1323 1809 cogitare,
1397 1719 1598 1810 quod
1669 1717 2125 1789 communis

588 1835 859 1928 passio
931 1840 1069 1908 aut
1134 1835 1581 1914 inclinatio,
1632 1833 1736 1905 sit
1815 1833 2129 1924 aliquo-

587 1971 794 2033 rum,
868 1951 1023 2024 nisi
1098 1972 1243 2044 per
1319 1951 1643 2041 aliquod
1700 1970 2129 2023 commune

584 2069 834 2143 fuerit
906 2070 984 2141 in
1042 2070 1160 2141 eis
1208 2073 1577 2160 recepta:
1633 2067 1784 2140 hoc
1855 2069 2126 2140 autem

587 2206 751 2260 non
791 2191 916 2260 est
962 2185 1255 2268 forma,
1295 2188 1380 2257 ut
1414 2185 1681 2257 visum
1731 2186 1887 2264 est;
1926 2203 2128 2274 ergo

589 2304 965 2378 materia.

675 2419 756 2493 Si
834 2423 1107 2492 autem
1181 2419 1460 2499 instes,
1525 2417 1731 2509 quod
1801 2417 2130 2508 agentia

586 2536 881 2609 habent
923 2540 1343 2627 aspectum
1395 2539 1475 2607 et
1517 2533 2128 2606 inclinationem

588 2652 942 2726 activam
986 2653 1079 2724 ad
1127 2651 1522 2731 formam;
1587 2669 1785 2740 ergo
1838 2651 2126 2723 saltem

588 2770 668 2841 in
729 2769 1022 2841 activis
1079 2767 1295 2841 ratio
1357 2787 1515 2838 non
1560 2767 1875 2859 probat,
1924 2766 2125 2858 quod

589 2883 873 2957 situna
909 2883 1299 2957 materia:
1329 2883 1506 2955 dico
1545 2883 1749 2974 quod
1784 2882 1947 2954 imo
1975 2905 2129 2955 mc-

587 3001 768 3081 Iius,
793 2999 983 3092 quia
1016 3000 1225 3072 sicut
1259 2998 1617 3071 videmus
1647 2998 1851 3089 quod
1874 2996 2130 3070 deter-

588 3119 897 3192 minata
938 3117 1267 3209 agentia
1329 3136 1488 3189 non
1540 3120 1792 3208 agunt
1848 3115 1928 3188 in
1979 3136 2129 3187 sua

587 3233 937 3327 passiva,
985 3238 1071 3307 ut
1140 3232 1351 3325 ignis
1422 3233 1503 3305 in
1562 3233 1897 3323 lignum,
1969 3232 2128 3305 nisi

586 3351 774 3442 quia
815 3351 1422 3424 communicant
1456 3349 1537 3421 in
1577 3350 1876 3441 aliquo,
1924 3351 2128 3442 quod

585 3487 745 3540 non
805 3470 928 3540 est
984 3468 1141 3540 nisi
1188 3466 1575 3548 materia;
1635 3468 1749 3539 sic
1812 3468 2126 3539 univer-

586 3584 876 3658 saliter
953 3583 1277 3675 agentia
1354 3603 1515 3655 non
1612 3587 1951 3673 agerent
2048 3583 2128 3655 in

586 3721 831 3795 passa
894 3698 1478 3771 universaliter
1549 3704 1898 3791 sumpta,
1972 3698 2126 3770 nisi

585 3818 1289 3893 communicarent
1335 3836 1518 3889 cum
1569 3814 1687 3887 eis
1735 3816 1813 3888 in
1856 3816 2126 3907 aliquo

587 3956 772 4017 uno,
847 3934 1053 4026 quod
1132 3952 1294 4004 non
1396 3936 1521 4005 est
1625 3931 1782 4004 nisi
1879 3932 2126 4005 etiam

589 4048 966 4131 materia.

680 4167 910 4246 Item,
968 4181 1488 4255 quaecumque
1532 4165 1717 4234 sunt
1758 4163 2131 4237 determi-

587 4287 783 4356 nata
838 4281 1103 4373 specie
1175 4286 1315 4354 aut
1370 4300 1736 4362 numero,
1798 4285 1880 4353 et
1959 4301 2132 4351 sur-

589 4402 790 4489 gunt
871 4418 969 4469 ex
1047 4395 1697 4478 indeterminatO,
1789 4395 2131 4467 dicimus

594 4514 797 4605 quod
858 4514 1464 4586 communicant
1527 4512 1606 4585 in
1670 4533 1828 4584 una
1886 4517 2131 4584 mate-

595 4631 745 4702 ria.
814 4629 1027 4701 Idem
1068 4628 1407 4701 dicimus
1447 4630 1537 4699 de
1581 4631 1932 4721 quatuor
1982 4628 2132 4700 ele-

595 4743 888 4817 mentis
972 4749 1344 4835 respectu
1426 4743 1791 4815 materiae
1866 4744 2131 4836 primo

592 4867 891 4935 creatae
930 4885 942 4928 :
980 4860 1185 4933 idem
1243 4861 1334 4933 dc
1397 4861 1781 4933 membris
1823 4883 1921 4933 ex
1975 4882 2133 4933 uno

595 4979 923 5059 semine,
973 4980 1063 5051 de
1099 4980 1353 5050 ramis
1386 5000 1483 5050 ex
1521 5000 1676 5051 uno
1713 4979 2077 5070 germine
2113 5005 2128 5048 :

594 5116 777 5169 cum
822 5095 1079 5187 igitur
1122 5095 1200 5166 in
1262 5116 1417 5166 uno
1460 5098 1633 5167 toto
1697 5116 1794 5166 ex
1838 5098 2136 5167 natura

595 5213 856 5306 partis
891 5215 1230 5285 ducatur
1264 5212 1438 5304 quis
1475 5213 1554 5285 in
1587 5211 2134 5302 cognitionem

594 5329 875 5411 totius,
912 5328 1232 5400 videtur
1265 5329 1472 5420 quod
1516 5328 1809 5399 similis
1857 5327 2137 5400 modus

596 5443 1067 5538 procedendi
1130 5444 1236 5516 sit
1294 5445 1373 5516 in
1453 5448 1628 5517 toto
1692 5444 2009 5526 mundo,
2058 5449 2140 5517 et

597 5561 749 5636 hoc
812 5561 918 5635 sit
997 5581 1349 5644 necesse,
1416 5565 1502 5634 ut
1575 5560 1846 5633 omnia
1921 5561 2142 5634 entia

1760 388 1865 452 DE
1908 389 2179 453 RERUM
2220 386 2611 452 PRINCIPIO

2239 548 2808 632 determinata,
2863 553 2950 623 ut
2993 548 3302 640 Angeli,
3355 549 3782 632 elementa,

2239 666 2441 746 coeli,
2501 669 2839 756 surgant
2901 671 2980 740 ot
3025 667 3403 740 oriantur
3456 687 3554 738 ex
3622 685 3781 736 uno

2239 783 2892 857 indeterminato.

2327 901 2883 976 Confirmatur
2934 905 3206 973 autom
3280 901 3544 980 rat'o;
3595 898 3786 992 quia

2242 1021 2580 1092 mundus
2651 1025 2775 1094 est
2845 1039 3090 1100 unus,
3171 1023 3248 1092 ct
3314 1019 3524 1091 sicut
3590 1017 3741 1089 dici

2242 1134 2697 1227 Scriptura,
2744 1134 3149 1228 processit
3182 1135 3271 1206 de
3305 1134 3788 1226 imperfecto

2240 1250 2337 1323 ad
2381 1251 2854 1343 perfectum,
2904 1250 3286 1342 quoniam
3337 1251 3419 1322 in
3481 1250 3791 1345 perfec-

2239 1367 2486 1448 tione,
2531 1373 2610 1441 et
2637 1372 2930 1442 ornatu
2965 1374 3540 1442 creaturarum
3577 1393 3591 1436 :
3632 1387 3796 1439 om-

2241 1503 2338 1555 ne
2380 1488 2651 1557 autem
2711 1484 2876 1557 tale
2930 1484 3029 1556 ab
3087 1504 3244 1555 uno
3306 1482 3790 1576 imperfecto

2243 1601 2635 1694 procedit,
2682 1605 2769 1674 ut
2832 1605 3052 1693 patet
3122 1600 3202 1672 in
3264 1598 3649 1671 membris
3699 1601 3792 1671 et

2245 1718 2499 1790 ramis
2590 1717 2986 1799 omnibuS,
3064 1736 3224 1789 non
3313 1715 3519 1808 quod
3595 1714 3791 1787 illud

2243 1834 2959 1908 indeterminatum
3038 1834 3441 1926 praecedat
3483 1836 3791 1924 tempo-

2243 1973 2356 2033 re,
2423 1952 2634 2024 sicut
2687 1951 2775 2023 fit
2827 1951 2907 2023 in
2966 1949 3398 2042 aliquibus,
3464 1954 3551 2022 ut
3610 1968 3789 2040 ger-

2244 2089 2424 2141 men
2485 2089 2789 2151 ramOS,
2860 2067 2992 2138 sed
3058 2065 3422 2140 naturali
3480 2066 3782 2145 ordine,

2244 2185 2449 2277 quod
2505 2185 2826 2258 videtur
2866 2184 3133 2256 dicere
3168 2181 3670 2273 Augustinus
3711 2185 3787 2249 in

2235 2306 2578 2391 principio
2644 2305 2726 2370 de
2782 2303 3204 2370 mirabilibus
3277 2323 3484 2368 sacrm
3558 2303 3787 2389 Scrip-

2242 2433 2429 2498 turoe,
2512 2442 2660 2508 cap.
2743 2421 2806 2490 1.
2895 2422 3325 2507 Omnipotens
3425 2415 3779 2508 (inquit)

2243 2540 2413 2604 Deus
2480 2559 2565 2603 ex
2634 2539 2921 2622 informi
2991 2533 3299 2617 materia,
3371 2557 3569 2622 quam
3645 2538 3786 2622 ipse

2239 2656 2433 2742 prius
2507 2675 2592 2719 ex
2671 2654 2889 2720 nihilo
2982 2652 3309 2731 condidit,
3399 2661 3787 2717 cunctarum

2241 2793 2465 2838 rerum
2499 2771 2862 2837 visibilium
2906 2782 2965 2836 et
3004 2769 3473 2848 invisibilium,
3518 2769 3638 2833 1100
3665 2778 3779 2847 ese,

2240 2888 2658 2954 sensibilium
2698 2898 2760 2952 et
2798 2885 3313 2967 insensibilium,
3352 2885 3783 2951 intellectiva-

2243 3026 2414 3080 rum,
2453 3015 2512 3068 et
2555 3003 2894 3069 intellectu
2934 3003 3304 3068 carmelium
3341 3003 3591 3089 species
3619 3001 3783 3067 mul·

2243 3121 2546 3205 liformes
2589 3118 2848 3186 divisit.

2335 3235 2563 3315 Item,
2647 3238 2965 3307 certum
3025 3237 3174 3313 est,
3241 3231 3451 3324 quod
3522 3231 3781 3303 omnis

2243 3352 2437 3423 ordo
2508 3355 3084 3423 creaturarum
3127 3348 3625 3423 naturaliter
3664 3352 3784 3421 est

2242 3488 2288 3540 a
2331 3470 2497 3539 Deo
2535 3467 2833 3539 inditus
2894 3466 3035 3547 eis,
3101 3486 3193 3538 ac
3239 3487 3384 3558 per
3441 3466 3592 3538 hoc
3655 3466 3785 3538 ille

2246 3586 2468 3667 ordo,
2522 3586 2648 3656 vel
2714 3584 3020 3663 modus,
3101 3587 3226 3655 est
3296 3582 3784 3675 perfectissi-

2244 3722 2420 3774 mus
2484 3729 2498 3772 :
2563 3723 2774 3774 nunc
2840 3706 3112 3775 autem
3178 3701 3255 3772 in
3307 3706 3483 3776 toto
3546 3724 3786 3795 opere

2242 3823 2561 3891 naturae
2639 3824 2717 3891 et
2777 3818 3013 3900 artis,
3087 3817 3335 3891 etiam
3425 3817 3784 3891 ordinem

2242 3935 2450 4006 1111110
2492 3936 2878 4017 videmus,
2927 3934 3133 4027 quod
3187 3935 3447 4006 omnis
3490 3934 3779 4016 forma,

2244 4053 2412 4125 sive
2496 4051 3017 4144 plurificatio,
3103 4070 3425 4143 semper
3499 4055 3623 4125 est
3696 4051 3785 4122 de

2244 4169 2725 4261 imperfecto
2812 4173 2892 4241 et
2972 4148 3600 4242 indeterminato
3693 4168 3783 4238 ad

2244 4285 2696 4378 perfectum
2784 4290 2864 4359 et
2948 4284 3623 4366 determinatum,
3696 4285 3784 4357 de

2244 4422 2402 4472 uno
2441 4399 2854 4473 materiali
2901 4400 2995 4471 ad
3043 4400 3280 4492 plura
3321 4397 3786 4472 formaliter

2244 4518 2653 4597 distincta,
2720 4516 2834 4591 ita
2887 4515 3082 4589 facit
3121 4521 3421 4589 natura
3473 4516 3788 4589 univer-

2247 4634 2444 4706 salis
2489 4653 2766 4705 omncs
2826 4631 3163 4711 formas,
3237 4632 3494 4724 quoad
3555 4653 3786 4705 suum

2247 4772 2499 4843 genus
2571 4749 2937 4829 mediate,
2985 4749 3108 4819 vel
3161 4748 3644 4829 immediate,
3710 4755 3789 4823 et

2249 4866 2778 4960 particularis
2875 4864 3148 4936 omnia
3245 4865 3607 4936 membra
3699 4868 3790 4937 de

2249 5003 2406 5053 uno
2467 4981 2794 5061 semine,
2844 4999 3118 5051 omncs
3165 4998 3439 5051 ramos
3495 4980 3586 5052 dc
3631 5001 3788 5053 uno

2250 5097 2657 5189 germine;
2727 5115 2925 5185 crgo
2993 5099 3117 5168 ost
3190 5096 3343 5169 iste
3421 5097 3615 5167 ordo
3677 5118 3789 5170 se-

2252 5211 2768 5286 lcctissimus.
2813 5208 3150 5281 Videtur
3196 5210 3402 5302 quod
3441 5213 3658 5284 Deus
3711 5213 3792 5286 in

2251 5326 2837 5402 constitutione
2880 5325 3148 5398 mundi
3182 5326 3389 5399 1111110
3424 5329 3789 5402 ordinem

2253 5442 2733 5523 servaverit,
2796 5445 2882 5514 ut
2939 5445 3030 5515 de
3111 5463 3266 5515 uno
3338 5443 3789 5518 indetermi-

2252 5568 2471 5643 nato,
2520 5560 2726 5654 quod
2766 5565 2889 5634 est
2940 5560 3288 5633 materia
3330 5560 3787 5634 immediate

3759 1023 3786 1091 t
3813 915 4050 1050 Gens-¹
4063 1034 4078 1052 .
