4252 6393
707 369 788 431 60
956 424 963 431 .
1889 364 2026 425 Llss.
2080 363 2133 435 Ι,
2179 360 2723 424 METEonouUM

704 529 1067 601 calorem
1091 549 1237 622 per
1259 547 1494 600 suum
1521 532 1835 601 motum
1889 524 1965 596 in
1994 522 2241 616 spbae-

708 662 885 713 ram
912 642 1147 733 ignis,
1184 646 1264 716 et
1284 641 1795 734 superiorem
1822 639 2241 730 regionem

703 758 948 832 aeris.
981 759 1390 831 Probatur
1430 777 1577 851 per
1608 756 2073 851 oppositum
2117 775 2241 828 ra-

703 876 952 951 tionis
994 876 1422 969 praedictae,
1478 895 1666 947 naim
1724 874 2015 947 coelum
2077 894 2241 945 mo-

706 993 1271 1085 vetsphaera.1n
1316 992 1552 1081 ignis,
1598 995 1678 1064 ct
1725 989 2241 1083 superiorem

707 1116 1023 1204 partem
1047 1108 1386 1187 aeris,ct
1421 1108 1580 1181 ista·
1612 1108 1703 1181 ad
1739 1107 2027 1180 coelum
2060 1127 2241 1179 con·

704 1228 810 1300 fri
867 1232 1144 1306 antur;
1196 1226 1473 1315 igitur,
1524 1229 1675 1298 etc.
1736 1227 1854 1296 Ex
1890 1244 2045 1315 quo
2111 1244 2242 1315 pa-

702 1349 818 1419 tet
872 1345 1079 1436 quod
1154 1342 1808 1435 circumscriptis
1877 1340 2061 1412 aliis
2134 1339 2241 1411 in-

703 1461 1058 1535 fluentiis
1101 1460 1280 1533 coeli
1322 1481 1368 1531 a
1403 1463 1624 1532 motu
1675 1479 1837 1530 non
1877 1457 2240 1550 produci-

699 1584 841 1652 tur
875 1578 951 1649 in
996 1576 1317 1669 aliquod
1363 1576 1711 1649 istorum
1748 1575 2239 1648 inferiorum

702 1694 954 1773 calor,
982 1692 1135 1764 nisi
1166 1712 1308 1784 per
1340 1691 1520 1763 scin
1554 1691 1959 1783 sphaeram
1996 1690 2234 1781 ignis,

700 1818 780 1888 et
807 1811 1319 1905 superiorem
1367 1808 1783 1900 regionem
1828 1809 2071 1880 aeris.

789 1930 931 2003 Sed
955 1928 1396 2008 dubitatur,
1424 1932 1701 2001 utrum
1743 1924 1820 1996 in
1858 1924 2006 1998 tali
2055 1945 2237 1997 con-

698 2044 1136 2119 fricatione
1199 2044 1410 2135 ignis
1470 2043 1563 2114 ad
1613 2041 1903 2115 coelum
1964 2041 2236 2134 aliqua

697 2183 889 2256 pars
968 2162 1235 2255 possit
1304 2159 1655 2253 propelli
1727 2160 2107 2231 deorsum
2189 2179 2234 2230 a

692 2280 947 2352 coelo?
988 2281 1086 2352 Et
1118 2277 1440 2350 videtur
1487 2276 1693 2368 quod
1750 2276 1890 2356 sic,
1949 2274 2137 2367 quia
2187 2296 2232 2346 a

692 2402 881 2470 rota
931 2394 1463 2468 circulariter
1518 2398 1741 2467 mota
1785 2394 1981 2466 bene
2052 2414 2231 2486 pro-

688 2512 1024 2606 pellitur
1064 2533 1230 2593 aer,
1279 2512 1493 2586 citra
1549 2533 1782 2603 quem
1817 2514 2225 2591 movetur;

690 2630 824 2701 sed
856 2628 1186 2701 'videtur
1234 2628 1436 2719 quod
1471 2648 1655 2709 non,
1703 2626 1890 2718 quia
1935 2627 2227 2700 coelum

687 2750 815 2819 est
863 2766 1192 2838 corpus,
1258 2765 1402 2817 nec
1466 2746 1798 2818 tendens
1867 2763 2221 2825 sursum,

688 2884 834 2936 nec
937 2863 1344 2943 deorsum,
1434 2862 1665 2952 cujus
1752 2862 2225 2954 superficies

686 3000 1047 3053 concava
1087 2984 1210 3053 est
1252 3000 1474 3072 aeque
1513 2978 1825 3052 distans
1869 2982 2225 3051 acentro

688 3096 958 3168 mundi
1018 3096 1401 3187 undique;
1482 3114 1681 3186 ergo
1724 3094 1925 3168 nihil
1987 3094 2225 3167 habet

688 3214 1151 3306 prope-llere
1191 3215 1597 3286 deorsum.

777 3332 889 3404 Ad
918 3331 1132 3411 illud,
1168 3331 1343 3402 dico
1381 3331 1585 3423 quod
1612 3330 1825 3421 ignis
1857 3331 2055 3402 bene
2092 3352 2224 3423 po-

687 3451 848 3521 test
910 3446 1256 3541 propelli
1298 3449 1676 3519 deorsum
1727 3448 1824 3519 ab
1875 3448 2033 3521 isto
2075 3471 2222 3520 cze-

685 3567 786 3646 lo,
834 3585 1021 3636 nam
1057 3569 1397 3656 propter
1446 3565 1749 3639 fortem
1800 3564 2217 3657 impetum,

683 3703 917 3776 quem
952 3681 1190 3754 habet
1234 3680 1446 3771 ignis
1490 3681 1583 3751 ad
1637 3681 2220 3752 ascendendum

684 3800 1137 3873 reflectitur
1171 3819 1216 3869 a
1248 3799 1446 3870 coelo
1474 3799 1567 3869 ad
1593 3797 1836 3868 istam
1871 3802 2216 3890 partem,

682 3918 777 3988 ad
840 3936 1080 4008 quam
1130 3915 1385 3987 tendit
1439 3919 1709 3987 motus
1765 3913 1969 3985 coeli.
2026 3919 2220 3994 Que-

682 4034 1186 4106 madmodum
1212 4031 1574 4103 videmus
1598 4031 1802 4121 quod
1826 4030 2007 4101 saba.
2041 4052 2221 4123 pro-

674 4150 892 4241 jecta
936 4153 1227 4221 contra
1282 4145 1795 4238 superficiem
1848 4151 2053 4218 rotae
2097 4169 2219 4217 su-

683 4267 1097 4363 periorem
1204 4263 1851 4345 circumvolutzr,
1965 4263 2221 4337 tendit

676 4387 1058 4458 deorsum
1092 4402 1380 4453 versus
1431 4381 1655 4453 illam
1717 4385 2063 4473 partem,
2120 4381 2213 4452 ad

681 4521 921 4592 quam
956 4504 1144 4572 rota
1186 4502 1588 4571 movetur.

453 4640 507 4691 ⁴.
764 4618 2219 4709 Tertiaconclusioest‚quodcircum-

422 4703 563 4752 Con·
825 4736 838 4751 .
1213 4736 1226 4748 .
1527 4736 1539 4748 .
2153 4738 2166 4751 .

376 4764 543 4816 clusi„
569 4767 617 4818 3,
680 4741 990 4830 scripto
1031 4737 1334 4808 lumme
1380 4737 1615 4817 Solis,
1644 4735 1967 4827 sphaera
2003 4738 2215 4811 Solis

674 4867 835 4919 non
898 4845 1580 4938 pluscalcfaceret
1615 4844 2211 4931 istainseriora,

674 4982 915 5054 quam
957 4959 1140 5032 aliae
1203 4960 1543 5052 sphaerae
1584 4961 1976 5034 coelestes.
2024 4965 2215 5034 Pro-

668 5079 938 5160 batur,
968 5078 1155 5170 quia
1177 5082 1391 5150 essct
1428 5079 1745 5152 ratione
1781 5079 2215 5152 influentiae

675 5195 1042 5289 majoris,
1097 5195 1224 5265 vel
1313 5195 1632 5267 ratione
1713 5199 2023 5276 motus;
2084 5196 2218 5267 sed

669 5317 964 5385 neutro
998 5312 1255 5391 modo,
1294 5311 1481 5402 quia-
1517 5310 1593 5381 in
1620 5310 1803 5381 aliis
1848 5310 2218 5402 partibus

670 5428 847 5499 coeli
902 5425 1313 5497 invenitur
1372 5425 1709 5516 {equalis
1774 5425 2216 5509 influentia,

667 5550 746 5620 et
783 5549 1053 5622 motus
1096 5562 1323 5641 «teque
1364 5542 1628 5622 volox..

380 1940 629 1992 Dubium.

341 3350 651 3415 Responsio.

4044 528 4184 577 Con-

3970 592 4139 640 clusio
4169 593 4209 641 ⁴.

2446 524 2758 602 Quarta
2781 521 3197 593 conclusio
3234 527 3383 605 est,
3415 526 3621 615 quod
3658 525 3905 617 sphae-

2358 658 2452 709 ra
2487 637 2696 711 Solis
2732 638 3130 712 mediante
3182 640 3484 713 lumine
3535 662 3694 714 non
3731 643 3907 735 plus

2357 757 2755 830 intensive
2822 756 3201 832 calefacit
3271 758 3431 834 ista
3508 758 3910 833 inferiora

2359 896 2771 971 persuum
2806 882 3141 977 motum,
3171 896 3411 968 quam
3445 877 3511 949 si
3537 898 3697 950 non
3747 899 3905 950 mo-

2357 1000 2716 1069 veretur.
2747 996 3177 1077 Probatur,
3216 995 3405 1087 quia
3445 995 3514 1066 si
3547 995 3688 1077 sic,
3728 1016 3900 1070 cor-

2359 1132 2506 1204 pus
2574 1110 2782 1185 Solis
2843 1109 3328 1202 produceret
3368 1111 3900 1185 intensiorem

2355 1226 2716 1299 calorem
2743 1226 2819 1297 in
2856 1226 3037 1299 istis
3070 1226 3619 1308 inferioribus,
3659 1249 3899 1320 quam

2354 1344 2444 1415 de
2477 1342 2692 1417 facto
2717 1344 3120 1436 producit;
3146 1344 3402 1435 igitur
3422 1366 3568 1438 per
3593 1350 3902 1419 motum

2359 1461 2757 1534 mediante
2790 1461 3094 1532 lumine
3155 1481 3314 1534 non
3362 1462 3736 1554 producit
3792 1464 3899 1534 in-

2356 1577 2824 1658 tensiorem,
2863 1582 3015 1651 etc.
3054 1580 3648 1669 Consequentia¹
3683 1584 3898 1652 tenet

2352 1696 2443 1767 de
2477 1716 2584 1777 se,
2622 1699 2702 1767 et
2734 1695 3211 1768 antecedens
3235 1701 3579 1788 apparet
3604 1716 3649 1767 a
3683 1697 3898 1769 simi-

2356 1811 2435 1892 li,
2500 1832 2686 1883 nam
2764 1812 3128 1884 videmus
3198 1812 3404 1904 quod
3452 1811 3767 1885 ferrum
3827 1814 3894 1885 si

2351 1928 2732 2001 continue
2793 1933 3219 2001 moveatur
3258 1928 3442 2002 hine
3488 1929 3663 2001 inde.
3717 1950 3891 2022 pro-

2351 2067 2447 2139 pe
2471 2046 2765 2135 ignem,
2791 2046 3102 2120 tardius
3130 2050 3210 2118 et
3242 2047 3667 2119 remissius
3690 2049 3892 2120 cale-

2348 2164 2462 2243 fit,
2526 2185 2767 2255 quam
2838 2164 2904 2236 si
2959 2164 3450 2256 quiesceret:
3510 2164 3896 2237 similiter

2347 2280 2710 2354 videmus
2772 2282 2977 2373 quod
3038 2289 3341 2372 (planto
3401 2281 3702 2353 diutius
3758 2281 3893 2355 Sol

2349 2404 2768 2493 permanet
2867 2419 3113 2491 super
3217 2399 3885 2492 hemisphaerium

2346 2522 2746 2597 nostrum,
2811 2520 3042 2589 tanto
3114 2522 3559 2607 generatur
3637 2517 3887 2590 inten-

2344 2632 2516 2703 sior
2547 2632 2777 2704 calor
2814 2632 3096 2705 inistis
3132 2632 3700 2704 inferioribus:
3726 2655 3884 2706 mo-

2341 2748 2435 2821 do
2466 2749 2769 2821 diutius
2798 2755 3315 2842 permaneret
3351 2750 3483 2823 Sol
3519 2750 3587 2822 si
3632 2750 3885 2842 quies·

2342 2870 2590 2948 ceret,
2673 2886 2913 2958 quam
2994 2866 3060 2938 si
3146 2872 3663 2949 moveretur;
3744 2867 3886 2958 igi-

2341 2986 2503 3055 tur.

2446 3108 2741 3190 Quinta.
2800 3109 3216 3182 conclusio
3277 3114 3425 3191 est,
3487 3111 3694 3203 quod
3745 3110 3879 3182 Sol
4040 3141 4072 3189 5

4012 3207 4154 3255 Con-

2341 3245 2487 3317 por
2518 3247 2752 3296 suum
2788 3231 3098 3300 motum
3137 3226 3535 3300 mediante
3576 3228 3879 3300 lumine
3935 3266 4112 3315 ,qm-0
4139 3270 4187 3318 5'

2341 3343 2601 3431 magis
2654 3342 3030 3416 ealefacit
3079 3344 3238 3416 ista
3298 3343 3690 3416 inferiora
3749 3365 3876 3416 ex-
3976 3329 4073 3377 ⁸⁰¹
4133 3345 4223 3394 ΡΗ·

3905 3407 3970 3438 SM
3979 3407 4072 3441 Rssn
4122 3409 4222 3441 mo·

2338 3459 2672 3537 tonsure,
2729 3480 2969 3551 quam
3035 3461 3100 3531 si
3151 3480 3312 3532 non
3376 3467 3868 3536 moveretur.
3903 3461 4024 3502 “¹¹²⁸
4069 3454 4223 3503 “w“-

3903 3530 3976 3563 ue
4059 3517 4220 3578 mayn}

2339 3578 2770 3658 Probatur,
2815 3577 3002 3669 quia
3056 3598 3290 3649 omne
3350 3599 3649 3669 corpus
3712 3598 3873 3651 mo-
3929 3578 4207 3639 calefacit,

3901 3655 4076 3701 quam
4180 3642 4221 3688 si

2338 3699 2510 3768 tum
2572 3694 2794 3766 circa
2866 3694 3188 3786 aliquod
3262 3695 3535 3786 plures
3595 3700 3873 3787 partes
3899 3716 4014 3750 mm
4056 3718 4221 3752 more-

3905 3774 4088 3814 refut·-

2338 3812 2592 3905 ipsius
2634 3811 2953 3905 aspicit,
3002 3831 3244 3903 quam
3277 3810 3345 3882 si
3390 3811 3870 3902 quiesceret,

2334 3929 2795 4023 aspiciendo
2840 3947 3083 3999 unam
3127 3932 3447 4020 partem
3500 3933 3869 4001 tantum:

2337 4045 2568 4115 modo
2611 4064 2910 4135 corpus
2944 4042 3119 4115 coeli
3185 4047 3562 4116 movetur
3619 4043 3877 4116 circu-

2333 4169 2881 4242 laritercirca
2915 4168 3314 4240 inferiora
3366 4190 3512 4261 per
3566 4174 3875 4244 motum

2335 4317 2595 4376 suum,
2688 4295 3086 4368 mediante
3182 4295 3486 4368 lumine
3585 4295 3872 4384 magis,

2334 4442 2573 4513 quam
2618 4421 2890 4513 aliqua
2922 4421 3084 4493 alia·
3128 4420 3448 4514 sphaera
3493 4421 3874 4494 coelestis.

2333 4549 2579 4640 Cujus
2616 4551 2955 4642 possunt
3017 4550 3429 4640 assigna-ri
3480 4554 3652 4623 tres
3694 4570 3874 4623 eau-

2332 4697 2440 4747 sae
2486 4701 2499 4744 :

2420 4800 2696 4873 Prima
2729 4804 2878 4882 est,
2925 4823 3100 4892 quae
3133 4802 3347 4877 dicta
3406 4807 3617 4884 sunt,
3681 4823 3870 4874 nam

2333 4927 2466 5000 Sol
2520 4926 2781 5016 magis
2832 4926 3210 5001 calefacit
3272 4948 3418 5021 por
3476 4949 3711 5001 suum
3759 4929 3875 5001 lu·

2334 5073 2537 5133 men,
2577 5072 2818 5143 quam
2872 5052 3194 5144 aliquod
3246 5054 3461 5126 aliud
3515 5054 3696 5127 coeli
3751 5075 3873 5126 as-

2330 5181 2587 5256 trum;
2626 5184 2707 5251 et
2742 5180 2931 5271 quia
2980 5203 3121 5273 per
3159 5185 3472 5254 motum
3503 5181 3873 5255 defertur

2332 5303 2426 5374 ad
2457 5303 2820 5376 diversas
2858 5311 3132 5398 partes
3177 5306 3526 5380 istorum
3552 5306 3875 5378 infcrio-

2338 5448 2544 5508 rum‚
2625 5429 2794 5501 ideo
2885 5431 3158 5522 plures
3220 5437 3498 5524 partes
3550 5452 3697 5502 suo
3764 5430 3875 5506 lu-

2340 5552 2552 5633 mine
2595 5560 2862 5651 potest
2893 5556 3366 5644 calefacere,
3402 5562 3482 5633 et
3515 5578 3663 5654 per
3693 5579 3877 5643 con-
