4252 6393
279 663 605 715 Secundum.

335 1605 594 1660 Tertium.

306 2422 592 2477 Quartum.

286 3482 564 3537 Quintum.

318 4453 568 4504 Sextum.

636 373 751 454 142

641 545 911 640 major
941 543 1315 619 caliditas
1350 542 1569 617 illius
1603 541 2178 617 exhalationis,

698 662 1118 758 ,Secunda
1166 661 1463 753 aliquis
1519 666 1812 736 ventus
1855 665 1981 736 est
2046 659 2182 732 fri·

634 775 921 870 gidum
980 776 1234 871 igitur
1302 777 1438 851 ille
1487 782 1780 851 ventus
1838 797 1996 850 non
2056 780 2182 852 est

629 893 1048 970 exhalatio
1082 895 1371 969 calida.
1409 894 2006 987 Consequentia
2049 912 2179 985 pa-

628 1015 773 1094 tet,
828 1011 1023 1114 quia
1066 1011 1270 1085 idem
1321 1032 1482 1084 non
1540 1016 1665 1085 est
1706 1010 2054 1085 calidum
2097 1013 2179 1084 et

622 1105 1041 1220 frigidum.
1101 1131 1204 1202 Et
1273 1130 1757 1203 antecedens
1832 1130 2188 1220 apparet

620 1267 720 1318 ex
750 1250 1191 1320 ventorum
1227 1246 1736 1328 differentiiS,
1775 1266 1962 1318 nam
1994 1263 2175 1317 ven-

623 1363 687 1439 ti
722 1362 837 1436 sic
879 1362 1291 1445 differunt,
1337 1363 1543 1455 quod
1604 1361 1925 1455 quidam
1986 1365 2175 1434 sunt

626 1481 895 1564 calidi,
936 1481 1258 1574 quidam
1291 1480 1591 1571 frigidi.

713 1600 1018 1682 Terti0,
1070 1598 1367 1691 aliquis
1416 1601 1708 1675 ventus
1752 1601 1878 1671 est
1920 1595 2173 1668 humi·

623 1715 812 1797 dus;
878 1714 1138 1806 igitur
1180 1734 1340 1787 non
1390 1713 1656 1790 omnis
1713 1718 2006 1787 ventus
2046 1716 2173 1785 est

624 1830 918 1905 siccus,
984 1832 1232 1904 Tenet
1310 1829 1917 1923 consequentia,
1984 1828 2175 1921 quia

619 1946 825 2019 idem
858 1968 1022 2020 non
1062 1953 1188 2022 est
1240 1947 1681 2028 humidum,
1718 1951 1798 2020 et
1834 1947 2167 2018 siccum.

620 2065 721 2160 Et
771 2064 1252 2138 antecedens
1309 2066 1653 2156 apparet
1710 2062 1787 2135 in
1849 2062 2008 2136 isto
2057 2083 2170 2132 sc-

619 2181 906 2262 cundo,
954 2200 1141 2253 nam
1192 2182 1493 2254 Auster
1532 2184 1657 2253 est
1698 2183 1988 2254 ventus
2031 2178 2168 2249 hu-

624 2296 906 2380 midus,
973 2297 1109 2389 qui
1168 2294 1487 2369 adducit
1529 2294 1762 2367 nobis
1823 2295 2165 2389 pluvias.

713 2416 1051 2495 Quarto,
1100 2417 1588 2505 sequeretur
1632 2412 1840 2503 quod
1892 2411 2169 2504 plures

619 2526 847 2608 venti
979 2526 1272 2601 fierent
1433 2524 1837 2601 existente
1949 2546 2169 2597 sere-

618 2643 904 2725 nitate,
952 2662 1194 2736 quam
1244 2640 1431 2715 aliis
1489 2641 1994 2735 temporibus
2045 2662 2169 2713 nc-

618 2758 953 2833 bulosis.
991 2763 1510 2852 Consequens
1552 2762 1676 2831 cst
1709 2763 2002 2831 contra
2033 2779 2168 2829 ex-

621 2877 1139 2971 perientiam,
1185 2897 1374 2950 nam
1427 2879 1798 2969 tempore
1847 2895 2164 2957 serene,

622 2999 711 3069 ut
755 2994 836 3066 in
874 2998 1189 3077 aestate,
1227 2992 1663 3087 pauciores
1698 2997 1886 3066 sunt
1917 2991 2165 3065 venti.

622 3110 1033 3186 Probatur
1115 3110 1720 3205 consequentia,
1814 3131 1913 3188 ex
2011 3130 2169 3202 quo

617 3234 909 3304 ventus
969 3230 1095 3305 est
1143 3228 1585 3311 exhalatio,
1631 3233 1713 3305 et
1763 3227 2170 3305 existente

622 3347 1069 3421 serenitate
1122 3348 1391 3440 major
1430 3350 1553 3421 est
1597 3346 1953 3420 siccitas.

710 3462 1034 3545 Quinto,
1084 3464 1153 3536 si
1213 3463 1354 3544 sic,
1418 3467 1903 3555 sequeretur
1962 3460 2170 3552 quod

618 3582 912 3654 ventus
963 3579 1287 3655 deberet
1333 3580 1768 3652 ascendere
1811 3596 2163 3650 sursum.

621 3698 1142 3790 Consequens
1186 3701 1480 3773 contra
1544 3695 2163 3789 experientiam,

618 3833 802 3886 cum
850 3819 1282 3890 moveatur
1341 3815 1435 3887 ad
1478 3815 1719 3898 latuS,
1782 3817 1863 3886 ct
1912 3813 2005 3885 ad
2053 3811 2169 3883 di-

615 3952 904 4005 versas
973 3931 1477 4008 differentias
1549 3929 2012 4025 positionis.
2068 3931 2169 4004 Et

618 4060 1021 4151 probatur
1059 4057 1673 4151 consequentia,
1711 4056 1899 4150 quia
1931 4055 2171 4129 exha-

616 4182 818 4259 latio
868 4183 1131 4257 calida
1197 4186 1277 4257 et
1338 4183 1557 4257 sicca
1613 4186 1739 4255 est
1800 4180 2025 4261 levis,
2089 4185 2171 4254 et

620 4310 811 4385 talis
851 4314 1051 4384 nata
1082 4313 1207 4382 cst
1248 4309 1684 4382 ascendere
1719 4328 2073 4381 sursum.

713 4437 985 4519 Sext0,
1034 4435 1226 4528 quia
1263 4438 1555 4510 ventus
1624 4438 1748 4508 est
1792 4454 1937 4506 aer
1999 4454 2169 4506 mo-

622 4564 793 4644 tus;
842 4560 1100 4654 igitur
1139 4582 1301 4634 non
1341 4565 1468 4635 cst
1519 4561 1939 4635 exhalatio
1973 4561 2169 4634 cali-

618 4686 717 4758 da
782 4689 863 4760 et
925 4686 1171 4759 sicca.
1237 4687 1486 4759 Tenet
1556 4685 2163 4778 consequentia,

618 4810 809 4902 quia
849 4831 994 4883 aer
1024 4815 1148 4886 est
1180 4810 1486 4884 calidus
1519 4816 1599 4885 ct
1636 4810 2033 4893 humiduS,
2087 4815 2168 4885 ct

616 4952 762 5007 aer
801 4956 966 5008 non
1033 4942 1159 5012 est
1215 4936 1663 5011 exhalatio.
1714 4940 1814 5011 Et
1875 4937 2168 5030 proba-

616 5064 755 5133 tur
809 5062 1316 5145 antecedens,
1382 5082 1571 5136 nam
1645 5063 1856 5154 ignis
1910 5082 2169 5134 move·

615 5184 874 5259 turin
925 5206 1071 5259 sua
1114 5186 1462 5281 sphaera,
1518 5191 1599 5262 ct
1658 5187 1911 5261 ctiam
1959 5207 2169 5280 aqua

617 5318 994 5393 movetur
1038 5333 1181 5407 per
1223 5316 1534 5387 motum
1587 5313 1874 5396 fluxus,
1917 5318 1997 5388 ct
2044 5335 2168 5385 rc-

613 5435 905 5520 fluxus,
951 5443 1033 5512 et
1067 5437 1182 5509 sic
1216 5434 1608 5509 similiter
1650 5457 1795 5509 aer
1837 5458 2021 5510 cum
2058 5437 2165 5510 sit

610 5564 1101 5639 elementum
1158 5561 1515 5636 fluxibile
1576 5561 2035 5637 movebitur
2086 5563 2165 5637 in

1837 367 1983 445 Lm.
2030 380 2103 443 11.
2151 365 2688 444 Mssrssononuu

2294 542 2476 616 loco
2511 562 2684 624 suo,
2732 562 2832 615 ex
2874 561 3032 634 quo
3086 545 3312 617 motu
3362 538 3840 618 causabitur

2294 663 2611 733 ventus.

2384 775 2769 857 Secundo,
2792 773 3337 850 confirmatur
3359 777 3834 851 antecedens

2295 910 2442 982 per
2484 894 2903 973 Senecam,
2930 895 3011 966 et
3042 893 3491 967 Auctorem
3521 894 3613 966 de
3648 893 3835 967 ima·

2292 1005 2476 1096 gine
2537 1007 2831 1089 mundi,
2875 1008 3045 1107 ,qui
3111 1009 3387 1101 posuit
3466 1012 3670 1102 quod
3701 1031 3842 1083 aer

2292 1127 2564 1195 motus
2589 1123 2681 1198 fit
2709 1129 3024 1199 ventus.
3054 1127 3335 1200 Tertio
3361 1131 3582 1221 patet
3625 1128 3848 1209 illud,

2291 1240 2488 1331 quia
2512 1241 2808 1333 aliquis
2845 1245 3137 1317 ventus
3169 1247 3295 1317 est
3340 1264 3483 1315 aer
3527 1249 3838 1329 motus;

2292 1356 2550 1447 igitur
2574 1364 2657 1434 et
2683 1360 3042 1451 quilibet.
3071 1364 3320 1437 Tenet
3346 1384 3840 1456 consequen-

2292 1473 2433 1555 tia,
2460 1475 2648 1567 quia
2680 1477 3017 1569 quilibet
3041 1483 3330 1552 ventus
3355 1479 3599 1552 alteri
3631 1480 3843 1552 vide-

2290 1598 2429 1666 tur
2485 1592 2843 1685 ejusdem
2906 1595 3282 1670 rationis,
3347 1598 3841 1670 Antecedens

2290 1710 2711 1802 probatur,
2749 1731 2939 1783 nam
2971 1717 3267 1788 ventus
3297 1713 3670 1788 sufflatus
3693 1735 3837 1807 per

2288 1824 2524 1897 folles
2592 1833 2717 1902 est
2763 1848 2907 1900 aer
2951 1834 3244 1912 motuS,
3299 1834 3381 1904 ct
3428 1831 3542 1904 nil
3585 1831 3829 1905 aliud.

2375 1947 2859 2039 Oppositum
2942 1951 3331 2042 arguitur
3394 1972 3548 2044 per
3603 1955 3833 2027 Aris·
3864 1964 4134 2031 Oppositum
4189 1995 4190 2014 ι

2287 2061 2654 2135 totelem.
2698 2067 2742 2137 2
2771 2069 2996 2156 hujus,
3025 2080 3318 2138 tractatu
3341 2070 3426 2138 de
3455 2074 3692 2141 ventis.

2378 2181 2469 2250 In
2530 2183 2979 2272 quaestione
3021 2184 3181 2258 ista
3220 2185 3642 2258 videndum
3709 2192 3842 2263 est

2287 2299 2556 2389 primo
2608 2301 2700 2372 de
2753 2322 3003 2375 causa
3064 2304 3479 2378 materiali
3547 2309 3834 2380 vento-

2287 2434 2494 2485 rum.
2544 2418 2932 2499 SecundO,
3003 2418 3095 2490 de
3151 2441 3402 2492 causa
3474 2422 3836 2494 formali.

2283 2532 2587 2614 Tertio,
2659 2533 2750 2605 de
2827 2534 3254 2611 efficiente.
3331 2523 3671 2622 Quarto,
3745 2540 3838 2611 dc

2282 2666 2532 2720 causa
2565 2648 2812 2722 finali.

2782 2976 3212 3067 ARTQCULUS
3287 2980 3332 3036 1.

2488 3156 2585 3222 De
2622 3177 2824 3227 causa
2871 3161 3219 3229 materiali
3245 3172 3614 3231 ventorum.

2374 3355 2779 3433 Quantum
2822 3354 2919 3426 ad
2975 3355 3356 3448 primum,
3405 3357 3512 3432 sit
3562 3357 3833 3451 prima
3975 3369 4020 3420 2·

2283 3468 2703 3541 conclusio
2740 3469 2922 3551 ista,
2972 3473 3181 3562 quod
3213 3476 3505 3547 ventus
3530 3493 3689 3546 non
3720 3474 3830 3549 sit
3859 3460 4141 3572 „3235
4189 3492 4190 3573 j

2283 3602 2428 3655 aer
2467 3589 2765 3658 motus.
2805 3587 3239 3671 Probatur,
3279 3589 3466 3681 quia
3506 3591 3632 3662 vel
3686 3611 3834 3663 aer
3861 3593 4040 3635 ”²⁰³²“-

2286 3700 2402 3774 sic
2447 3706 2830 3776 movetur
2876 3724 2974 3775 ex
3018 3726 3166 3777 sua
3210 3707 3572 3779 naturali
3611 3707 3837 3781 incli-

2282 3815 2641 3900 natione,
2680 3819 2806 3891 vel
2841 3819 2940 3890 ab
2994 3820 3269 3912 aliquo
3331 3820 3494 3894 alio
3536 3822 3837 3896 violen-

2285 3936 2512 4007 tante
2535 3934 2834 4028 ipsum;
2863 3956 3022 4008 non
3051 3938 3318 4031 primo
3351 3940 3610 4021 modo,
3649 3940 3838 4031 quia

2285 4053 2477 4124 tunc
2510 4072 2672 4124 non
2717 4053 2951 4127 fieret
2983 4074 3142 4125 una
3189 4054 3393 4136 vice,
3440 4061 3521 4130 et
3565 4077 3835 4130 cessa-

2288 4171 2414 4239 ret
2456 4167 2650 4250 alia;
2725 4190 2870 4242 nec
2934 4172 3282 4244 secundo
3327 4172 3584 4254 moilO,
3646 4174 3837 4265 quia

2287 4283 2691 4375 quaeritur
2771 4287 2972 4359 unde
3040 4292 3258 4364 esset
3335 4288 3832 4383 principium

2288 4404 2581 4482 motus,
2631 4423 2787 4493 quo
2848 4423 3059 4476 nunc
3121 4408 3496 4477 movetur
3535 4405 3635 4478 ab
3675 4426 3836 4480 una

2286 4519 2547 4608 parte,
2588 4523 2873 4610 postea
2914 4520 3012 4592 ab
3055 4520 3242 4602 alia,
3290 4526 3370 4596 ct
3411 4542 3569 4595 non
3620 4524 3832 4595 vide-

2284 4634 2424 4705 tur
2457 4633 2857 4724 signabile
2889 4636 3052 4709 tale
3088 4658 3445 4711 movens.
4189 4698 4190 4719 i

2374 4750 2735 4823 Secunda
2774 4753 3191 4825 conclusio
3223 4759 3372 4837 est,
3412 4756 3619 4848 quod
3642 4777 3829 4831 ven·
3857 4777 3950 4833 εει
3994 4778 4142 4854 22:130-
4189 4732 4190 4809 Ϊ

2277 4868 2416 4939 tus
2474 4871 2599 4940 est
2660 4867 3075 4943 exhalatio
3133 4872 3398 4945 calida
3453 4877 3534 4946 et
3578 4873 3820 4948 sicca.
3853 4840 4140 4963 ῗξῖἑῖιῖὼ
4189 4874 4190 4955 3

2286 4985 2719 5069 Probatur,
2805 4986 2993 5080 quia
3058 4993 3345 5062 ventus
3414 4993 3494 5064 et
3557 4990 3826 5083 pluvia

2284 5103 2773 5177 conveniunt
2827 5103 3172 5177 invicem
3227 5126 3373 5199 per
3445 5107 3825 5182 mutatio·

2283 5239 2464 5292 nem
2499 5221 2842 5301 factam;
2891 5220 3148 5311 igitur
3197 5226 3487 5295 ventus
3522 5228 3646 5297 est
3688 5245 3822 5295 ex-

2282 5334 2597 5410 halatio
2640 5336 2900 5410 calida
2950 5340 3027 5409 et
3071 5336 3311 5411 sicca.
3349 5339 3598 5413 Tenet
3639 5361 3827 5412 con-

2284 5451 2729 5545 sequentia,
2798 5451 2986 5544 quia
3056 5453 3331 5545 pluvia
3382 5460 3827 5545 generatur

2281 5589 2380 5642 ex
2419 5588 2750 5662 vapore,
2794 5572 2874 5641 et
2916 5568 3193 5661 pluvia
3221 5574 3347 5645 est
3397 5569 3701 5663 frigida
3740 5576 3820 5647 et
