4252 6393
461 846 578 960 A}
596 907 648 959 1.

382 984 709 1098 ,zat-²32⁶.

471 1886 558 1936 Aa
582 1885 633 1936 2.

480 2710 567 2763 Aa
594 2710 642 2761 3.

478 3171 567 3224 Aa
593 3171 641 3223 ⁴.

484 3648 571 3699 Aa
594 3646 644 3697 5.

489 4459 577 4509 Aa
597 4457 645 4508 6.

750 437 858 501 146

731 603 858 672 est
926 597 1422 690 principium
1494 600 1762 670 motus
1842 595 2123 688 ipsius,
2196 600 2277 669 et

736 718 1081 809 propter
1124 735 1358 808 quem
1390 717 1628 787 finem
1671 716 1838 788 fiat.

822 835 936 906 Ad
969 834 1383 907 rationes:
1440 834 1535 905 ad
1581 832 1956 926 primam,
2003 850 2280 903 conce-

735 950 956 1024 ditur
998 951 1205 1043 quod
1254 954 1624 1042 tempore
1682 952 2022 1022 ventoso
2063 951 2280 1020 esset

740 1066 1010 1158 major
1049 1066 1305 1148 calor,
1350 1065 1509 1139 nisi
1544 1066 1860 1138 aliunde
1891 1068 2106 1138 esset
2142 1064 2280 1136 im-

744 1182 1120 1275 peditum,
1196 1182 1535 1263 seilicet,
1590 1181 1777 1274 quia
1806 1185 2097 1254 ventus
2146 1178 2281 1250 ille

736 1300 1093 1373 deferret
1165 1320 1438 1373 secum
1516 1319 1791 1371 aerem
1843 1303 2276 1378 recentem,

736 1416 864 1487 vel
908 1418 1097 1508 quia
1146 1416 1547 1491 transiret
1607 1436 1853 1508 super
1903 1415 2153 1496 nives,
2203 1417 2285 1487 et

740 1531 1072 1622 glacies,
1121 1534 1322 1605 unde
1380 1532 2002 1623 infrigidaretur
2045 1559 2059 1602 :
2110 1531 2283 1604 ideo

741 1648 836 1719 ad
868 1653 1199 1722 ventum
1237 1648 1589 1722 recentis
1633 1650 1848 1722 aeris
1913 1649 2283 1742 ponimus

742 1764 1025 1846 calida,
1064 1768 1151 1838 ut
1185 1765 1598 1856 frigcfiant
1631 1786 1677 1837 a
1715 1769 1984 1837 vent0.

833 1881 947 1952 Ad
982 1881 1411 1953 secundam
1449 1907 1464 1949 ε
1502 1883 1751 1970 aliquis
1780 1893 2009 1948 ventus
2038 1893 2132 1948 est
2160 1883 2288 1966 fri-

736 1999 956 2085 qidus,
1046 1999 1199 2068 etc.
1312 1999 1684 2087 Negatur
1778 1997 2284 2076 antecedens,

744 2116 1134 2203 quantum
1184 2117 1310 2186 est
1351 2135 1448 2185 ex
1506 2118 1739 2205 parte
1782 2112 1931 2192 sui,
2014 2117 2094 2185 et
2138 2112 2288 2183 hoc

748 2233 1090 2321 propter
1197 2229 1734 2319 frigiditatem
1851 2229 2034 2310 loci,
2147 2249 2290 2320 per

744 2366 981 2437 quem
1027 2350 1483 2422 transcunt.

862 2461 1160 2534 Eodem
1250 2462 1482 2534 modo
1573 2463 2109 2553 respondetur
2196 2463 2290 2534 ad

748 2576 995 2649 aliam
1037 2577 1126 2649 de
1159 2577 1664 2650 humiditate.

836 2693 949 2765 Ad
982 2693 1221 2768 aliam
1264 2721 1277 2763 :
1317 2708 1471 2762 tunc
1501 2707 1786 2783 tempore
1827 2718 2079 2774 sere-no,
2135 2697 2288 2767 ete.

748 2810 1111 2883 Concedo
1152 2810 1843 2903 consequentiam,
1898 2815 1979 2885 ct
2019 2830 2293 2881 conse-

752 2947 1028 3019 quens,
1083 2927 1239 2999 nisi
1295 2927 1724 3019 impediret
1769 2925 2288 3018 consumptio

747 3044 1294 3118 exhalationis
1328 3067 1374 3117 a
1405 3045 1681 3117 calore
1725 3043 1961 3116 Solis.

846 3161 958 3234 Ad
1009 3161 1258 3235 aliam
1307 3188 1320 3232 :
1370 3176 1523 3231 lunc·
1572 3175 1800 3230 vemas
1848 3163 2231 3230 ascenderet
2273 3187 2294 3228 .·

750 3279 1098 3352 concedo
1169 3280 1375 3372 quod
1458 3284 1749 3352 ventus
1824 3278 2298 3351 ascenderet

751 3415 1103 3478 sursum,
1149 3395 1307 3469 nisi
1343 3395 1945 3488 propelleretur
1976 3416 2022 3467 a
2074 3394 2297 3485 frigi·

748 3514 1022 3587 ditate.

840 3631 955 3704 Ad
987 3630 1231 3703 aliam
1278 3656 1291 3699 :
1338 3644 1567 3698 υεηιιιε
1596 3642 1690 3697 est
1719 3654 1836 3697 aer
1875 3643 2084 3696 nactus
2107 3652 2131 3706 ,·
2174 3650 2298 3699 ne·

724 3749 1024 3838 gatur.
1076 3746 1188 3817 Ad
1249 3744 1812 3837 probationem
1863 3742 2042 3816 dico
2093 3743 2300 3835 quod

752 3883 915 3935 non
950 3865 1074 3934 est
1108 3860 1398 3941 simile,
1438 3860 1625 3951 quia
1669 3859 1880 3949 ignis
1925 3864 2302 3932 movetur

754 3997 899 4069 per
984 3979 1392 4055 naturam,
1485 3978 1565 4047 et
1638 3995 1847 4065 aqua
1927 3979 2302 4048 movetur

754 4092 1336 4182 quodammodo
1371 4091 1773 4165 violenter
1808 4111 1951 4183 per
1982 4090 2302 4163 influen-

756 4207 954 4278 tiam
1004 4207 1287 4287 I1unae;
1339 4207 1570 4279 modo
1615 4212 1906 4280 neutra
1949 4206 2299 4281 istarum

754 4342 1192 4397 causarum
1228 4324 1648 4398 concurrit
1692 4324 1770 4395 in
1813 4343 2028 4395 aere.

845 4438 957 4511 Ad
1006 4438 1253 4510 aliam
1305 4466 1318 4509 :
1365 4443 1611 4529 aliquis
1652 4453 1901 4519 ventae,
1949 4444 2101 4512 otc.
2166 4459 2300 4510 ne-

754 4561 1022 4644 gatur.
1078 4556 1192 4627 Ad
1225 4555 1785 4649 probationem
1818 4556 1909 4628 de
1942 4554 2296 4636 follibus,

632 4698 639 4703 ⁴
752 4673 929 4746 dico
1003 4674 1209 4764 quod
1278 4673 1468 4747 talis
1538 4695 1680 4745 aer
1749 4672 2302 4746 artificialiter

754 4795 1024 4865 motus
1065 4810 1221 4860 non
1263 4794 1387 4862 est
1446 4794 1759 4869 ventus,
1806 4810 1948 4861 nec
2011 4794 2137 4862 est
2195 4788 2299 4860 si-

754 4909 942 4980 mile
973 4909 1063 4980 de
1096 4907 1554 5000 hujusmodi
1588 4928 1777 4978 aere
1814 4909 2059 4987 motO,
2096 4907 2299 4979 etde

749 5028 1017 5104 vento,
1071 5023 1259 5115 quia
1302 5043 1461 5094 non
1496 5026 1826 5114 possent
1861 5020 2297 5109 imaginari

750 5140 953 5215 talia
994 5139 1371 5219 artificia,
1421 5138 1708 5230 quibus
1751 5158 1893 5210 aer
1939 5160 2296 5211 movere-

748 5264 887 5333 tur
940 5258 1035 5329 ad
1096 5256 1417 5328 modum
1472 5253 1717 5327 venti.
1790 5257 1885 5327 Et
1945 5255 2059 5325 sic
2122 5255 2294 5326 lini-

751 5394 955 5445 mus.

1926 399 2068 498 me.
2120 438 2190 498 ιι.
2239 399 2780 499 ικίεϊὲοιιοῐιωι

2850 802 3316 884 QUAESTIO
3385 801 3475 872 V.

2558 997 2795 1063 Uerum
2826 997 2943 1063 Sol
2970 999 3185 1083 sacia!
3225 1019 3480 1063 cessare
3509 1008 3729 1063 ventos
3751 997 3785 1062 5²

2482 1191 2819 1265 Videtur
2886 1192 3089 1283 quod
3156 1211 3341 1271 non,
3402 1190 3590 1282 quia
3653 1191 3721 1262 si
3791 1189 3927 1271 sie,

2397 1314 2879 1401 sequeretur
2939 1309 3143 1400 quod
3184 1308 3266 1379 in
3314 1307 3683 1380 absentia
3725 1306 3933 1379 Solis

2400 1426 2675 1516 plures
2719 1425 3009 1498 fierent
3039 1424 3287 1505 venti,
3344 1444 3583 1516 quam
3629 1423 3708 1495 in
3763 1423 3938 1516 ejus

2399 1542 2861 1634 praesentia.
2910 1546 3425 1633 Consequens
3460 1545 3584 1614 est
3617 1539 3943 1621 falsum,

2398 1665 2478 1734 et
2528 1665 2820 1734 eontra
2863 1659 3393 1734 Aristotelem
3432 1661 3498 1729 2.
3543 1663 3767 1747 hujus,
3816 1657 3945 1730 ubi

2400 1781 2710 1852 tractat
2773 1778 2864 1848 de
2912 1775 3177 1850 ventis
3238 1801 3384 1865 cap.
3437 1777 3504 1846 2.
3572 1773 3700 1846 ubi
3752 1774 3946 1847 dicit

2404 1891 2610 1982 quod
2639 1895 2938 1972 esocltiw,
2995 1891 3070 1964 id
3109 1894 3258 1970 est,
3297 1888 3504 1963 tales
3562 1886 3783 1960 venti
3819 1888 3946 1959 bo·

2404 2007 2665 2080 reales
2707 2007 2982 2080 diebus
3023 2007 3244 2086 flant,
3285 2006 3417 2078 sed
3452 2007 3532 2079 in
3573 2004 3946 2079 noctibus

2401 2129 2750 2198 cessant.
2800 2123 3198 2198 Similiter
3232 2122 3379 2195 hoc
3417 2122 3619 2194 idem
3651 2122 3846 2195 dicit
3879 2125 3951 2189 in

2404 2256 2594 2312 tract.
2632 2244 2713 2310 de
2764 2255 2960 2310 terroe
2989 2254 3170 2309 motu
3210 2263 3355 2328 cap.
3397 2241 3465 2310 2.
3513 2240 3713 2311 unde
3752 2238 3950 2312 dicit

2403 2364 2684 2433 noctes
2748 2380 2925 2430 esse
2991 2357 3265 2429 diebus
3328 2355 3950 2448 tranquilliores

2405 2481 2746 2568 propter
2788 2473 3239 2547 absentiam
3275 2472 3512 2546 Solis.
3557 2475 3652 2545 Et
3688 2472 3765 2543 in
3799 2472 3956 2543 fine

2405 2593 2761 2685 ejusdem
2851 2590 3153 2664 dicitur
3229 2590 3434 2682 quod
3499 2589 3769 2681 major
3826 2598 3956 2662 est

2406 2709 2964 2801 tranquillitas
3034 2708 3111 2780 in
3172 2728 3362 2780 acre
3420 2707 3637 2780 facto
3692 2707 3958 2780 calido

2408 2825 2644 2906 Solis,
2711 2828 2791 2897 et
2844 2823 3138 2916 spiritu
3184 2822 3617 2897 transssato
3663 2821 3743 2893 in
3797 2826 3959 2895 ter·

2409 2960 2585 3011 ram
2624 2965 2638 3008 :
2687 2938 2980 3031 probat
3022 2937 3716 3031 consequentiam,
3763 2957 3958 3009 nam

2408 3055 2884 3147 priusquam
2946 3055 3081 3128 Sol
3125 3054 3232 3128 sit
3273 3074 3520 3127 causa
3569 3053 3963 3126 cessatio·

2406 3171 2531 3245 nis
2573 3171 2816 3253 venti,
2866 3170 3194 3246 absente
3239 3171 3425 3245 Sole
3467 3171 3741 3264 plures
3774 3169 3961 3243 ‘ven-

2409 3292 2471 3365 ti
2504 3292 2788 3365 debent
2819 3290 3021 3362 fieri.

4068 1218 4104 1266 ¹.

3961 1282 4073 1343 ΑΨ.
4130 1284 4207 1346 ps&

4024 1357 4156 1393 mum.

2498 3408 2885 3490 SecundO,
2924 3407 3112 3500 quia
3148 3407 3281 3481 Sol
3315 3411 3440 3480 est
3465 3427 3714 3479 causa
3749 3406 3964 3479 com'-
3995 3428 4207 3491 Secundaq

2410 3523 2797 3597 motionis
2837 3523 3103 3604 venti;
3175 3542 3376 3614 ergo
3422 3523 3557 3595 Sol
3609 3543 3770 3595 non
3831 3526 3964 3595 est

2408 3661 2656 3712 causa
2740 3640 3254 3714 cessationis.
3344 3641 3593 3713 Tenet
3678 3659 3963 3711 conse-

2411 3758 2763 3850 quentia,
2816 3757 3005 3850 quia
3067 3756 3271 3830 idem
3324 3776 3484 3828 non
3531 3760 3656 3830 est
3707 3776 3969 3828 causa

2411 3875 2978 3968 oppositorum
3027 3899 3040 3943 :
3088 3876 3168 3945 et
3209 3873 3689 3945 antecedens
3735 3877 3969 3966 patet

2411 3995 2483 4060 in
2525 3996 2648 4059 islo
2676 3993 2985 4059 secunde.

2500 4108 2800 4188 Tertio,
2891 4105 3183 4199 pluvia}
3254 4102 3548 4175 habent
3626 4124 3967 4177 cessare
4030 4137 4207 4191 rma„

2411 4230 2739 4305 ventos;
2786 4245 2984 4315 orgo
3029 4222 3161 4296 Sol
3205 4242 3364 4294 non
3397 4220 3593 4295 facit
3625 4242 3966 4294 cessare

2413 4345 2722 4411 ventos.
2788 4336 3385 4431 Consequentia
3453 4342 3696 4418 tenet,
3770 4337 3970 4429 quia

2416 4454 2687 4547 pluvia
2720 4455 2956 4528 habet
2998 4454 3498 4532 humectare,
3541 4457 3623 4526 et
3661 4453 3797 4525 Sol
3841 4453 3973 4526 de-

2415 4570 2726 4643 siccare
2763 4597 2777 4640 :
2825 4573 3059 4643 modo
3104 4568 3532 4643 contraria
3575 4588 3738 4640 non
3772 4574 3974 4643 sunt

2412 4707 2659 4760 causa
2697 4687 3054 4780 ejusdem
3095 4686 3454 4758 effectus.
3495 4687 3596 4756 Et
3643 4688 3972 4756 antece-

2409 4805 2599 4877 dens
2646 4808 2867 4896 patet
2897 4824 2996 4873 ex
3038 4802 3539 4894 praecedente
3583 4800 3974 4893 quaestio·

2412 4942 2534 4993 no.

2500 5035 2981 5128 Oppositum
3024 5036 3407 5128 arguitur
3459 5056 3603 5129 per
3644 5035 3976 5108 Aristo·
4013 5055 4207 5122 opponi

2413 5154 2656 5227 telem
2699 5156 2772 5220 in
2804 5156 2928 5220 islo
2964 5155 3032 5224 2.
3078 5166 3270 5221 tract.
3316 5155 3398 5221 de
3427 5156 3661 5235 ventis,
3697 5175 3852 5238 cap.
3899 5154 3972 5222 2.

2503 5270 2590 5340 In
2639 5268 2799 5341 ista
2848 5267 3295 5360 quaestione
3348 5266 3616 5360 primo
3667 5265 3975 5340 videbi·

2408 5389 2547 5460 tur
2586 5385 2676 5457 dc
2718 5385 2922 5456 locis
2956 5386 3157 5458 unde
3208 5383 3693 5478 proveniant
3732 5385 3975 5458 venti

2410 5501 2957 5593 originaliter.
2997 5501 3383 5581 Secundo,
3421 5499 3832 5573 videbitur
3874 5500 3976 5573 de

2408 5618 2681 5692 causis
2714 5618 3320 5699 commotionis,
3355 5622 3435 5691 et
3471 5616 3977 5690 cessationis
