4252 6393
328 805 639 869 Responsio.

338 2545 573 2596 Dubium
606 2542 654 2594 2.

346 3494 655 3559 Responsio.

688 372 802 449 160

680 545 762 618 Si
783 565 970 626 non,
998 545 1320 618 videtur
1343 544 1672 637 quodibi
1699 545 2209 618 sitvacuum:

676 663 744 734 si
778 664 919 745 sic,
957 684 1155 756 ergo
1190 685 1350 736 non
1404 663 1865 737 movebitur
1915 682 2212 733 concu-

675 781 941 855 tiendo
983 783 1250 855 latera
1300 781 1561 852 nubis.
1609 781 1722 853 Ad
1784 780 1996 854 istud
2051 803 2212 852 res-

674 898 1096 991 pondetur,
1146 897 1352 989 quod
1397 897 1475 969 in
1518 897 1924 990 principio
1971 896 2211 969 exha-

673 1013 899 1096 latio,
947 1014 1075 1086 eui
1119 1035 1262 1086 aer
1321 1018 1444 1087 est
1515 1014 2041 1095 commixtus,
2091 1035 2214 1085 oc-

673 1134 918 1224 cupat
949 1135 1216 1205 totum
1256 1131 1525 1204 locum
1559 1130 1817 1211 nubis,
1868 1132 1999 1202 sed
2045 1151 2217 1223 pos-

678 1250 808 1319 tea
842 1267 987 1338 per
1016 1247 1731 1321 circumstantiam
1764 1245 1998 1317 nubis
2033 1266 2215 1318 con-

676 1363 943 1436 trario
976 1363 1392 1438 exhalatio
1447 1363 1825 1456 fugiendo
1881 1362 2217 1435 conden-

678 1484 936 1562 satur,
983 1485 1063 1554 et
1104 1501 1248 1553 aer
1289 1481 1440 1554 sibi
1494 1481 1951 1574 permixtus
1999 1499 2217 1550 rare-

675 1598 791 1678 fit,
839 1601 918 1672 et
963 1589 1112 1671 hoc
1158 1619 1302 1691 per
1374 1599 1668 1679 locum,
1717 1617 1763 1669 a
1806 1618 1960 1689 quo
2005 1597 2217 1688 sugit

675 1713 1115 1796 exhalatio,
1153 1719 1234 1789 ct
1268 1719 1555 1807 postea
1596 1712 2012 1787 exhalatio
2048 1713 2217 1787 sor-

675 1830 989 1904 tificata
1077 1836 1417 1924 propter
1494 1829 2213 1904 circumstantiam

678 1948 883 2040 petit
968 1946 1281 2020 exitum
1349 1968 1395 2019 a
1467 1951 1700 2040 parte
1772 1947 2213 2039 superiori,

680 2069 1021 2159 propter
1053 2064 1471 2138 levitatem
1523 2064 1756 2156 eJus,·
1789 2063 1920 2135 ubi
1970 2064 2219 2135 nubes

679 2184 805 2254 est
833 2181 1183 2274 spissior
1238 2185 1318 2254 et
1358 2181 1708 2261 densior,
1748 2185 1827 2253 et
1864 2179 2066 2252 idem
2102 2199 2220 2250 re-

679 2297 1043 2371 flectitur
1102 2318 1149 2369 a
1206 2297 1434 2377 nube,
1493 2296 1964 2387 quandoque
1994 2296 2220 2367 deor-

685 2434 890 2496 sum,
938 2414 1411 2505 quandoque
1443 2411 1805 2484 adlatus.

773 2529 1132 2602 Secundo
1171 2527 1613 2608 dubitatur,
1652 2526 2050 2617 quomodo
2084 2546 2223 2596 nu-

680 2645 844 2726 bes,
890 2663 1075 2730 cum
1119 2644 1226 2717 sit
1270 2643 1622 2716 materia
1676 2662 1893 2724 rara,
1940 2646 2021 2715 et
2081 2662 2223 2733 po-

684 2780 877 2833 rosa
916 2760 1011 2832 ad
1064 2759 1384 2831 modum
1446 2758 1669 2838 fumi,
1742 2758 1867 2830 vel
1944 2756 2225 2848 caligi-

681 2875 833 2957 nis»,
871 2874 1229 2968 qualiter
1274 2873 1536 2966 possit
1586 2873 2007 2946 reflectere
2063 2891 2225 2943 ma-

681 2991 978 3064 teriam
1032 2991 1148 3066 ita
1206 2990 1774 3084 impetuosam,
1812 2989 2221 3062 veletiam

680 3107 1063 3189 detinere,
1113 3109 1325 3186 sicut
1374 3112 1500 3180 cst
1558 3106 1974 3180 exhalatio
2034 3105 2224 3178 cali·

679 3226 777 3298 da
852 3230 931 3299 et
965 3226 1205 3308 sicca,
1281 3246 1466 3298 cum
1522 3224 1698 3317 ipsa
1726 3224 1831 3297 sit
1874 3223 2220 3305 subtilis,

681 3343 806 3415 vel
857 3344 1084 3415 valde
1130 3342 1642 3435 penetrativa
1712 3345 2056 3435 propter
2098 3341 2223 3413 sui

682 3459 1102 3533 levitatem
1143 3465 1177 3529 Ἰ
1222 3460 1810 3552 Respondctur,
1850 3458 2057 3551 quod
2090 3479 2226 3529 nu-

683 3575 846 3656 beS,
904 3574 983 3646 in
1044 3595 1199 3666 qua
1238 3574 1328 3647 fit
1362 3573 1847 3657 tonitruum,
1903 3593 2067 3645 non
2101 3575 2228 3646 est

686 3692 802 3764 ita
837 3710 1032 3763 rara
1098 3690 1309 3764 sicut
1358 3694 1483 3764 est
1524 3692 1794 3763 sumus
1857 3689 1983 3761 vel
2035 3689 2225 3762 cali-

685 3828 813 3897 g0‚
860 3807 994 3879 sed
1051 3807 1248 3878 bene
1294 3807 1540 3878 densa
1585 3811 1709 3879 est
1785 3811 1864 3879 et
1932 3805 2222 3897 spissa,

690 3923 1091 3995 modicum
1132 3922 1512 3995 differens
1556 3943 1604 3994 a
1644 3926 1942 3995 natura
1994 3942 2225 4014 aquae

687 4045 1028 4132 propter
1062 4039 1719 4131 spissitudinem:
1778 4039 2013 4130 quus
2066 4038 2229 4128 sig-

688 4178 879 4229 num
927 4162 1077 4237 est,
1118 4158 1321 4248 quod
1361 4156 1614 4229 nubes
1665 4156 1881 4237 talis,
1940 4155 2017 4227 in
2075 4174 2231 4247 qua

687 4272 1014 4344 auditur
1109 4272 1589 4353 tonitruum,
1696 4292 2019 4365 semper
2102 4278 2228 4345 cst

696 4406 1016 4479 magna,
1044 4392 1124 4461 et
1158 4389 1626 4480 quandoque
1668 4409 1767 4459 ex
1815 4388 1988 4479 ipsa
2020 4388 2226 4461 fiunt

693 4505 1156 4595 grandines,

783 4623 902 4692 Ex
938 4621 1094 4694 isto
1129 4625 1398 4713 potest
1432 4624 1714 4712 patere
1749 4641 1999 4712 quare
2031 4625 2234 4694 tem-

694 4738 1030 4830 poribus
1064 4738 1571 4812 intermediis
1607 4738 1880 4831 potius
1908 4738 1997 4810 fit
2031 4737 2236 4810 toni-

695 4859 999 4935 truum,
1074 4874 1316 4945 quam
1376 4853 1661 4945 hyeme
1711 4854 1836 4925 vel
1913 4857 2232 4925 aestate.

694 4971 960 5041 Causa
1027 4970 1175 5047 est,
1242 4968 1429 5057 quia
1471 4966 1598 5038 hic
1664 4965 1933 5057 major
2001 4965 2240 5057 copia

696 5089 821 5158 est
862 5082 1440 5163 exhalationis,
1487 5087 1567 5155 ct
1616 5104 1798 5154 cum
1862 5080 2040 5165 hoc,
2113 5085 2241 5154 cst

701 5200 1113 5276 sufficiens
1218 5199 1628 5291 frigiditas
1739 5199 2014 5271 media>
2116 5220 2242 5269 rc-

704 5318 1001 5411 gioniS.

792 5440 890 5510 Et
925 5435 995 5508 si
1026 5435 1286 5515 dicas;
1324 5433 1644 5505 videtur
1679 5432 1884 5523 quod
1919 5451 2244 5524 semper

705 5554 1164 5632 tonitruum
1208 5548 1385 5622 ficri
1452 5548 1761 5630 debeat,
1834 5548 1958 5621 vel
2023 5554 2108 5620 ut
2163 5546 2244 5619 in

1856 375 1998 446 Lm.
2052 376 2122 448 ll.
2173 377 2711 448 Mss'rssouomm

2332 545 2724 638 pluribuS,
2799 545 2987 637 quia
3067 546 3486 620 exhalatio
3556 565 3866 641 semper

2325 661 2698 735 elevatur
2757 682 2940 733 cum
3019 682 3353 755 vapore,
3421 664 3499 736 in
3562 685 3717 755 quo
3763 666 3869 736 in-

2327 777 2708 851 cluditur.
2788 779 3382 871 Respondetur,
3450 782 3656 871 quod
3723 781 3866 855 hob

2328 914 2486 966 non
2523 894 2854 977 sufficit,
2912 895 3129 968 sicut
3171 896 3478 968 dictum
3524 901 3684 978 est;
3740 900 3869 982 sed

2332 1010 2788 1101 requiritur
2883 1011 3317 1085 multitudo
3426 1011 3871 1087 exhalatio-

2331 1125 2482 1205 nis,
2520 1131 2598 1199 et
2660 1148 2842 1198 cum
2889 1122 3039 1198 hoc
3087 1127 3434 1200 intensio
3473 1127 3873 1219 frigidita-

2332 1243 2437 1316 tis
2519 1244 3165 1323 circumstantis,
3251 1248 3330 1316 et
3401 1243 3616 1318 forte
3690 1246 3873 1337 quia

2335 1359 2754 1432 multoties
2824 1358 2914 1432 fit
2991 1357 3490 1441 tonitruum,
3564 1359 3870 1451 quando

2334 1478 2603 1547 tamen
2637 1496 2797 1547 non
2830 1474 3200 1547 audimus
3235 1480 3580 1568 propter
3612 1477 3874 1569 parvi-

2333 1593 2614 1663 tatem.
4177 1681 4178 1684 Ἴ

2425 1708 2729 1791 Tertio,
2812 1709 3231 1782 dubitatur
3343 1730 3595 1801 quare
3684 1709 4178 1782 dicitnubtuma‘

2335 1829 2637 1899 Seneca
2712 1829 2932 1919 quod.
2992 1829 3465 1920 quandoque
3550 1828 3876 1901 auditur

2336 1945 2794 2017 tonitruum
2881 1945 3287 2018 existente
3375 1947 3867 2018 serenitate:

2335 2079 2535 2150 ergo
2624 2080 2782 2131 non
2855 2061 3310 2153 requiritur
3395 2062 3644 2132 nubes
3722 2060 3877 2133 cir-

2337 2179 2757 2248 cumstans
2811 2176 3477 2250 exhalationem?
3525 2178 3878 2269 Respon-
3949 2191 4134 2241 Salutio·

2335 2293 2596 2372 detur,
2644 2293 2848 2383 quod
2909 2292 2978 2362 si
3029 2292 3145 2365 ita
3209 2292 3341 2375 sit,
3408 2293 3613 2385 quod
3676 2293 3879 2366 toni-

2338 2413 2620 2482 truum
2701 2407 2845 2481 flat
2917 2408 3316 2482 existente
3404 2408 3876 2490 serenitate,

2340 2525 2547 2617 quod
2581 2528 2772 2597 tunc
2820 2524 3238 2598 exhalatio
3304 2525 3751 2600 includitur
3804 2525 3881 2598 in

2338 2661 2528 2713 aere
2597 2640 2896 2731 frigido
2970 2641 3246 2714 mediae
3330 2642 3721 2734 regionis,
3800 2646 3881 2716 et

2340 2763 2530 2832 tunc
2583 2757 3039 2830 consimilis
3108 2758 3445 2833 effectus
3481 2759 3877 2850 sequitur,

2342 2875 2554 2947 sicut
2598 2874 2665 2946 si
2701 2871 3255 2950 includeretur
3290 2876 3367 2948 in
3412 2876 3644 2947 nube.

2427 2992 2871 3064 Secundum
2940 2991 3093 3064 hoc
3168 2993 3707 3084 respondetur
3785 2989 3878 3061 ad
4018 2993 4060 3044 ἃ

2339 3108 2793 3202 quoesitum,
2840 3109 3044 3200 quod
3079 3109 3534 3183 tonitruum
3567 3128 3729 3181 non
3770 3107 3878 3180 sit
3902 3058 4174 3169 &⁸2:23⁸-

2336 3225 2731 3300 extinctio
2779 3225 2987 3316 ignis
3050 3226 3129 3298 in
3173 3226 3402 3298 nube.
3468 3225 3878 3299 Probatur
3901 3189 4179 3295 ἰ’ΐῗιῗὲῗα

2341 3363 2438 3413 ex
2487 3341 2725 3415 dictis
2771 3367 2784 3411 ε
2827 3342 3015 3432 quia
3057 3341 3515 3415 tonitruum
3568 3345 3694 3414 est
3757 3363 3881 3414 so·
4177 3358 4178 3411 l

2340 3479 2490 3529 nus
2527 3457 2789 3530 factus
2822 3479 2918 3529 ex
2956 3463 3180 3532 motu
3215 3457 3770 3532 exhalationis
3807 3459 3886 3530 in

2342 3576 2571 3656 nube,
2625 3575 2753 3647 vel
2814 3595 2959 3667 per
3009 3576 3324 3656 nubem,
3382 3576 3509 3648 vel
3557 3595 3701 3667 per
3763 3596 3886 3648 ae·

2344 3714 2543 3765 rem.
2592 3692 2979 3774 Secund0‚
3035 3693 3103 3764 si
3148 3691 3262 3765 ita
3321 3698 3563 3775 esset,
3612 3714 3888 3785 seque-

2345 3812 2577 3881 retur
2610 3809 2819 3900 quod
2857 3807 3080 3900 prius
3113 3810 3346 3882 fieret
3377 3811 3883 3890 coruscatio,

2345 3948 2583 4017 quam
2646 3926 3102 3999 tonitruum
3150 3953 3164 3995 ε
3212 3947 3714 4019 consequens
3765 3931 3891 4002 est

2346 4043 2667 4124 salsum,
2714 4048 2802 4116 ut
2849 4042 3342 4119 determinat
3395 4043 3891 4117 Aristoteles

2345 4163 2418 4228 in
2455 4164 2580 4227 isto
2627 4160 2935 4239 secunda,
3002 4157 3131 4230 ubi
3177 4159 3352 4232 vult
3400 4160 3605 4250 quod
3659 4161 3891 4253 prius

2347 4276 2488 4348 fiat
2548 4274 3003 4347 tonitruum
3075 4295 3315 4366 quam
3387 4276 3886 4359 coruscatio,

2349 4411 2528 4463 cum
2575 4390 2803 4483 prius
2838 4394 3233 4483 appareat
3275 4392 3747 4465 coruscatio
3793 4414 3892 4465 ex

2351 4511 2527 4590 hoc,
2576 4508 2764 4600 quia
2795 4507 3017 4578 visus
3051 4507 3449 4601 anticipat
3491 4509 3887 4582 auditum.

2351 4630 2451 4699 Et
2535 4622 2934 4717 proba-tur
3012 4624 3618 4713 consequentia,
3706 4623 3897 4716 quia

2355 4742 2582 4834 prius
2626 4744 2996 4813 mutatur
3057 4739 3268 4829 ignis
3329 4759 3568 4830 quam
3639 4738 3897 4812 extin-

2355 4858 2660 4947 guitur.
2707 4855 3010 4937 'I'erti0,
3059 4853 3246 4947 quia
3315 4854 3440 4926 vel
3497 4854 3712 4945 ignis
3767 4854 3901 4925 ille

2354 4975 2569 5044 esset
2607 4970 2708 5043 ibi
2744 4975 3210 5061 gene1¹atuS‚
3256 4970 3383 5042 vel
3418 4969 3733 5042 aliunde
3773 4992 3899 5042 ve·

2356 5090 2596 5162 niret.
2637 5086 2718 5160 Si
2757 5087 3043 5159 ibidem
3083 5092 3550 5178 generetur,
3598 5107 3759 5159 non
3790 5087 3900 5159 vi-

2357 5205 2592 5278 detur
2635 5204 2841 5295 quod
2875 5203 3156 5275 statim
3189 5202 3471 5276 debeat
3503 5203 3609 5275 ibi
3643 5203 3899 5276 extin-

2359 5320 2545 5411 gui:
2595 5340 2739 5391 nec
2802 5318 3119 5390 aliunde
3178 5317 3426 5400 venit,
3474 5323 3560 5392 ut
3607 5317 3900 5411 probat

2361 5436 2851 5509 Aristoteles
2888 5435 2966 5507 in
3000 5434 3306 5508 littera.
3345 5438 3681 5517 Quarto,
3713 5433 3900 5525 quia

2361 5550 2834 5644 quandoque
2907 5554 3095 5642 post
3155 5550 3615 5623 tonitruum
3692 5548 3896 5622 vide·
