4252 6393
325 1894 559 1946 Dubium
587 1854 642 1948 2.

357 1957 471 2006 Gur
482 1973 652 2022 appa·

324 2027 408 2066 ret
429 2035 550 2069 oum
570 2037 650 2070 co-

351 2096 461 2141 ma,
534 2083 619 2131 vel

323 2144 503 2193 cauda
526 2146 552 2192 P

316 3867 554 3924 Dubium
579 3868 633 3922 3.

315 3931 429 3980 Cur
446 3932 562 3980 sine
579 3937 643 3999 fl·

310 4005 451 4056 ραι-α
475 3995 643 4057 splooe-

310 4056 433 4107 rica
455 4060 507 4107 p.

308 5107 541 5161 Dubium
564 5114 589 5162 ⁴
604 5152 617 5165 .

687 392 778 457 90

677 553 846 630 tius
909 552 1123 644 ignis
1178 552 1539 626 faciliter
1596 555 2225 625 consumeretur

676 672 854 764 ipsa
897 670 1271 753 materia,
1334 691 1432 743 ex
1494 691 1657 763 qua·
1712 669 2034 742 deberet
2095 686 2221 758 ge·

670 786 1229 867 uerari,·timo
1276 786 1625 860 materia
1676 786 2011 861 otaliter
2065 784 2221 857 dis-

670 904 1140 978 solveretur
1207 907 1646 996 antequam
1699 904 2057 998 perfecte
2108 906 2219 979 in-

663 1024 931 1095 traret
964 1020 1372 1113 sphaeram
1403 1019 1639 1110 ignis.
1677 1021 2039 1094 Secunda.
2065 1027 2215 1106 est,

1877 393 2031 455 [ΑΒ.
2068 394 2116 454 1.
2165 392 2707 456 Mss'rssononml

2336 550 2567 625 teriae
2624 550 2976 624 leviores
3031 552 3535 628 inclinantur
3608 576 3880 631 ascen·

2335 667 2548 741 dere.
3465 697 3469 702 ·

2424 784 2993 877 Respondetur
3024 787 3230 878 quod
3263 788 3343 860 in
3376 789 3879 863 reiveritate
3947 819 4163 877 Sonam.

2327 899 2522 977 talis
2566 901 2896 973 flamma
2938 902 3297 977 ascendit
3337 904 3428 976 de
3472 887 3713 977 stella
3744 926 3873 979 co·

2335 1021 2580 1101 mata,
2625 1019 2785 1091 nisi
2818 1021 3291 1113 quandoque
3333 1021 3720 1115 impediat
3767 1023 3881 1129 ni—

666 1136 857 1228 quia
891 1139 1233 1228 propter
1268 1136 1727 1218 raritatem,
1766 1142 1846 1211 et
1878 1137 2218 1210 nimiam
2329 1133 2497 1215 mia
2549 1134 2950 1208 tenacitas
3002 1137 3413 1219 materiam
3452 1139 3586 1209 sed
3662 1138 3881 1211 flam-

669 1251 1212 1326 subtilitatem
1260 1252 1473 1343 ignis
1532 1255 1880 1327 materia
1939 1256 2212 1337 densa,

667 1369 1378 1462 etquodammodo
1413 1369 1718 1461 gravis,
1763 1370 2214 1464 cujusmodi

668 1491 795 1559 est
867 1486 1218 1560 materia
1286 1487 1543 1561 stellae
1611 1493 1982 1571 comatae,
2046 1509 2214 1560 non

673 1602 1072 1696 posset‘in
1105 1602 1283 1696 ipso
1317 1605 1789 1686 sustentari,
1836 1605 2027 1698 quin
2089 1629 2211 1680 ca·

672 1721 898 1793 deret
938 1718 1343 1792 deorsum.

767 1836 1124 1912 Secundo
1165 1836 1608 1919 dubitatur,
1664 1859 1915 1931 quare
1974 1840 2214 1914 stella

671 1957 1000 2027 comata
1050 1974 1374 2047 semper
1422 1961 1765 2047 apparet
1818 1978 2003 2028 cum
2085 1979 2212 2030 co-

674 2092 830 2152 ma,
888 2071 1014 2142 vel
1083 2070 1392 2145 cauda?
1456 2073 2022 2165 Respondetur
2078 2074 2211 2145 du-

671 2185 1022 2279 pliciter,
1078 2185 1372 2279 primo,
1418 2187 1605 2278 quia
1657 2187 1726 2260 si
1768 2193 2208 2281 appareret

668 2301 850 2373 sine*
870 2302 1149 2383 cauda,
1183 2303 1311 2375 vel
1343 2324 1601 2386 coma,
1638 2307 1830 2378 tunc
1864 2324 2024 2378 non
2077 2328 2208 2399 po·

663 2437 1044 2488 neremus
1094 2416 1639 2492 differentiam
1688 2419 1904 2493 inter
1946 2423 2208 2514 ipsam

664 2537 787 2606 ct·
835 2551 1077 2606 unam
1139 2534 1462 2608 stellam
1510 2535 1600 2608 de
1695 2542 1998 2612 natura
2058 2563 2205 2614 coe-

668 2647 745 2728 li,
782 2651 864 2721 et
898 2647 1013 2721 sic
1047 2668 1206 2722 non
1253 2649 1811 2741 judicaremus
1888 2676 2066 2728 esse
2113 2657 2204 2728 de

664 2768 964 2837 natura
1011 2766 1521 2840 elementari.
1580 2770 1963 2853 Secundo,
2016 2772 2211 2864 quia

666 2901 1011 2972 semper,
1053 2882 1179 2958 ,vel
1232 2886 1320 2956 ut
1363 2882 1441 2955 in
1494 2885 1861 2977 pluribus
1900 2892 2025 2961 est
2064 2887 2203 2962 dif-

663 2995 1042 3070 formitas
1077 2996 1157 3069 i'n
1190 2998 1559 3090 partibus
1605 3000 1839 3075 istius
1882 3003 2203 3077 exhala-

665 3113 935 3198 tioniS,
971 3114 1098 3186 vel
1134 3116 1571 3190 secundum
1606 3120 2201 3206 ra1²itatcm,vel

660 3232 1169 3316 densitatem,
1204 3237 1285 3307 et
1318 3238 1507 3308 tunc
1551 3242 1892 3330 apparet
1938 3261 2198 3325 coma,

661 3347 789 3420 vel
858 3349 1132 3433 barba,
1213 3351 1340 3423 vel
1410 3356 1848 3428 secundum
1924 3357 2200 3441 situm,

666 3466 782 3543 ita
832 3471 921 3544 ut
983 3487 1140 3542 una
1198 3488 1390 3561 pars
1444 3472 1814 3545 materiae
1883 3479 2205 3567 proten-

663 3583 905 3657 datur
961 3588 1199 3658 extra
1250 3585 1481 3669 alias,
1520 3592 1602 3663 et
1635 3593 1824 3664 tunc
1860 3598 2204 3685 apparet

667 3703 946 3776 cauda.
1376 3708 1383 3713 ’

612 3803 619 3815 ’
676 3868 681 3871 -
756 3820 1033 3892 Tertio
1082 3821 1524 3906 dubitatur,
1564 3847 1815 3918 quare
1885 3851 2209 3923 semper

673 3941 1015 4033 apparet
1073 3941 1242 4013 sine
1283 3943 1548 4033 figura
1592 3948 2018 4038 sphaerica.
2090 3958 2207 4030 Ad

673 4057 821 4130 hoc
853 4057 1029 4129 dico
1076 4058 1280 4150 quod
1313 4059 1464 4134 hoc
1515 4067 1665 4144 est,
1721 4066 1907 4156 quia
1958 4076 2206 4145 mate-

668 4172 792 4243 ria
875 4178 1219 4267 proptcr
1298 4176 1422 4248 sui
1492 4181 2047 4266 tenacitatem,
2125 4193 2205 4263 et

659 4287 1226 4364 viscositatem
1262 4290 1976 4378 inclinatu1uunire
2013 4322 2203 4373 suas

660 4408 936 4497 partes
970 4407 1065 4477 ad
1098 4406 1467 4492 invicem,
1504 4414 1585 4486 et
1620 4413 1848 4505 'ipsas
1893 4416 2041 4488 sibi
2093 4417 2203 4489 in-

654 4520 916 4592 vicem
975 4522 1311 4598 fortiter
1368 4526 1745 4619 adjicere,
1807 4535 1889 4604 et
1929 4526 2204 4623 quam·

654 4636 779 4708 vis
811 4635 1028 4711 forte
1071 4641 1541 4735 quandoque
1583 4644 2021 4719 sitmodica
2065 4649 2203 4722 dif-

658 4752 1040 4827 formitas
1120 4756 1197 4827 in
1246 4756 1666 4843 lateribus,
1729 4766 1999 4835 tamen
2063 4765 2204 4837 illa

660 4875 999 4962 propter
1074 4874 1410 4947 nimiam
1489 4878 1963 4952 distantiam
2042 4876 2204 4953 non

659 4994 1008 5082 apparet
1051 4991 1308 5063 nob‘iS.
1682 4992 1689 4997 ’
1828 4990 1833 4999 ’

744 5113 1053 5193 Quarto
1094 5109 1533 5195 dubitatur,
1563 5135 1815 5206 quare
1845 5108 1927 5188 in
1967 5120 2206 5192 stella

652 5230 978 5301 comata
1011 5228 1171 5298 non
1204 5234 1547 5320 apparet
1578 5230 1906 5304 flamma
1938 5255 2207 5308 ascen-

651 5346 837 5416 dere
880 5343 1330 5416 admodum
1365 5345 1839 5437 pyramidiS,
1879 5348 2091 5423 sicut
2125 5352 2203 5426 in

652 5460 983 5534 candela
1019 5461 1380 5545 ascendit
1413 5463 1509 5533 fla
1525 5470 1857 5545 n1ma,et
1887 5468 2207 5544 videtur

654 5577 860 5669 quod
907 5576 1282 5669 si'c,quia
1318 5598 1643 5673 semper
1703 5586 1982 5674 partes
2042 5605 2210 5667 mat

2334 1268 2463 1320 ma
2550 1248 2692 1324 illa
2746 1271 2929 1323 ·non
2997 1256 3341 1344 apparet
3425 1253 3683 1334 nobis,
3781 1265 3878 1326 eo

2332 1366 2540 1457 quod
2571 1377 2872 1461 corpus
2912 1372 3253 1444 cometae
3287 1369 3626 1461 ponitur
3660 1369 3877 1443 inter

2329 1496 2503 1562 nos,
2541 1485 2622 1555 et
2655 1480 2942 1575 ipsam.

2327 1643 2330 1646 -
2418 1595 2714 1678 Quinto
2783 1598 3228 1681 dubitatur,
3311 1619 3564 1690 quare
3633 1598 3870 1673 stella
3898 1622 4202 1674 numus.

2326 1717 2654 1802 comata
2694 1732 2854 1786 non
2885 1714 3225 1788 dimittit
3266 1714 3605 1787 caudam
3648 1715 3869 1787 flam-

2329 1847 2478 1898 mae
2568 1817 3038 1929 sequentem
3135 1850 3244 1912 se,
3361 1828 3872 1922 quemadmo-

2324 1942 2510 2014 dum
2544 1943 2876 2016 candela
2909 1950 3132 2018 mota
3200 1966 3347 2038 per
3404 1964 3680 2017 aerem
3737 1942 3873 2015 ha-

2321 2056 2454 2131 bet
2523 2057 2937 2132 flammam
3006 2060 3461 2153 prOJectam
3532 2082 3580 2132 a
3637 2064 3874 2153 parte
4221 2083 4223 2186 Ι

2322 2174 2794 2266 posteriori.
3377 2241 3386 2242 ἢ
4221 2191 4223 2194 ·

2412 2291 2985 2384 Respondetur
3065 2293 3275 2387 quod
3366 2312 3615 2367 causa
3711 2298 3862 2374 est,
3897 2311 4223 2398 namnam}

2322 2406 2513 2500 quia
2555 2408 2822 2484 wstella
2879 2414 3206 2483 comata
3272 2429 3436 2481 non
3491 2414 3868 2482 movetur

2319 2524 2699 2620 continue
2729 2525 3168 2607 dividendo,
3215 2524 3352 2598 sed
3399 2525 3494 2597 ad
3556 2530 3868 2598 motum

2318 2641 2841 2724 continentis,
2889 2641 3559 2735 quemadmodum
3590 2642 3869 2716 clavus

2321 2762 2697 2845 movetur
2727 2758 2822 2830 ad
2867 2762 3180 2834 motum
3211 2758 3468 2840 navis,
3518 2757 3662 2832 cui'
3703 2759 3870 2831 infi-

2319 2872 2578 2963 gitur;
2654 2873 2886 2945 modo
2962 2873 3342 2948 videmus,
3402 2875 3470 2946 si
3540 2877 3874 2949 candela

2320 2986 2781 3076 includatur
2849 2987 2929 3060 in
3011 2988 3355 3071 laterna,
3447 2995 3870 3082 quantum-

2315 3126 2659 3200 cumque
2702 3105 3101 3180 velociter
3137 3110 3576 3194 moveatur
3621 3108 3866 3181 later-

2316 3241 2441 3303 na,
2489 3221 2822 3294 candela
2872 3242 3033 3294 non
3075 3221 3388 3297 faceret
3446 3223 3866 3298 flammam

2319 3340 2815 3429 sequentem.
3807 3352 3816 3361 ·

2406 3449 2527 3520 Ex
2561 3447 2744 3522 istis
2805 3453 3078 3541 potest
3146 3449 3430 3541 colligi
3483 3448 3860 3524 definitio
3938 3486 4157 3536 Coma„
4221 3444 4223 3539 ξ

2317 3567 2700 3637 cometae:
2738 3568 3005 3634 Cometa
3036 3579 3129 3634 est
3159 3586 3372 3654 vapor
3403 3577 3706 3636 terrenus
3735 3570 3860 3636 Ιια-
3957 3550 4141 3612 ⁹⁴⁰³?
4221 3572 4223 3591 '

2318 3684 2472 3751 bens
2512 3693 2742 3772 partes
2777 3685 3053 3769 sortiter
3109 3685 3507 3753 colna-rentes
3573 3686 3862 3751 elevatus

2316 3798 2409 3865 ad
2445 3819 2826 3887 supremam
2862 3801 3204 3887 reqionem
3244 3801 3446 3879 aeris,
3489 3811 3712 3867 malus
3751 3822 3860 3866 re·
4067 3870 4070 3873 ,
4203 3804 4223 3873 ‚2

2315 3937 2633 4002 qnorum,
2682 3926 2742 3981 et
2790 3917 3089 3983 aliarum
3174 3937 3571 4003 maynarum
3636 3937 3861 3989 rerum

2316 4031 3098 4120 alteratioewmbsiynam
3137 4031 3212 4097 in
3254 4030 3381 4097 hoc
3413 4030 3685 4097 munde.

2827 4350 3252 4437 ammaus
3281 4382 3345 4437 11.

2783 4563 2872 4620 De
2905 4556 3078 4620 mot'u
3113 4563 3407 4621 Cometoe.

2408 4749 2815 4828 Quantum
2850 4744 2945 4815 ad
3006 4743 3442 4816 secundum
3483 4745 3574 4817 de
3634 4753 3856 4821 motu
4042 4807 4095 4857 7·

3985 4864 4223 4919 Cometa

2318 4862 2576 4947 stellae
2610 4865 2980 4943 comatae,
3021 4860 3581 4950 imaginantur
3610 4864 3857 4955 aliqui
3971 4935 4223 4983 ‘modo-

2318 4981 2523 5073 quod
2566 4978 2805 5054 stella
2838 4983 3166 5053 comata
3206 4988 3370 5051 non
3414 4986 3702 5065 mutat·
3749 4981 3857 5053 lo·
3889 4946 4223 5047 ηῗῖιυεαιωκι

2318 5116 2526 5181 cum,
2555 5098 2689 5170 sed
2721 5095 3281 5185 imaginantur
3312 5099 3520 5189 quod
3539 5098 3857 5172 exhala-

2317 5218 2433 5291 tio
2494 5217 2812 5288 elevata
2897 5214 3274 5306 superius
3368 5215 3856 5308 disponatur

2318 5329 2827 5411 continueab
2861 5328 3192 5403 Oriente
3226 5330 3310 5403 in
3351 5332 3861 5405 Occidentem

2319 5448 2413 5519 ad
2456 5447 2778 5519 modum
2818 5443 3050 5517 lineae
3085 5446 3500 5534 gyra-tivae,
3547 5448 3733 5540 quia
3775 5448 3862 5522 li·

2319 5583 2469 5636 nea
2510 5582 2696 5635 cum
2747 5559 2999 5645 fuerit
3048 5562 3478 5639 flammata
3536 5564 3859 5650 sinduno
