4252 6393
610 404 619 412 ·
648 381 760 447 140

637 545 977 626 salsedo,
1016 565 1191 636 quae
1221 550 1672 637 praeservat
1704 566 1750 618 a
1783 545 2185 638 putresac-

636 660 880 736 tione.

416 787 466 837 ⁴·
727 778 1006 853 Tertia
1046 779 1502 873 suppositio
1536 783 1684 860 est,
1723 780 1929 872 quod
1971 800 2184 852 com-

641 896 930 971 mixtio
1003 897 1196 969 sicci
1256 896 1713 977 terrestris,
1783 917 1941 969 una
1999 918 2184 969 cum

636 1014 957 1088 actione
1016 1013 1346 1095 caloriS,
1420 1034 1580 1086 non
1634 1013 2045 1087 sufficiunt
2087 1015 2182 1086 ad

637 1130 1252 1221 generationem
1334 1131 1787 1204 salsediniS.
1851 1134 1951 1207 Et
2028 1131 2181 1205 hoc

633 1252 758 1320 est
790 1269 1101 1330 verum,
1139 1247 1299 1320 nisi
1335 1249 1684 1323 materia
1717 1248 1964 1322 suerit
2001 1270 2181 1342 pro-

635 1364 935 1459 pinqua.
975 1364 1491 1457 dispositioni
1533 1366 1627 1437 ad
1670 1365 2175 1448 salsedinem,

636 1485 725 1555 ut
768 1485 992 1573 patet
1022 1482 1112 1553 de
1144 1479 1553 1554 cineribus
1595 1480 1927 1555 adustis,

726 1601 960 1674 Patet
993 1598 1446 1691 suppositio
1471 1620 1617 1692 per
1648 1599 2176 1673 Aristotelem

633 1719 709 1784 in
740 1718 856 1783 lib.
891 1718 973 1784 de
1001 1739 1194 1784 sensu
1210 1728 1569 1799 emensam,
1613 1716 1743 1789 ubi
1771 1716 1944 1789 vult
1970 1718 2177 1809 quod

634 1832 700 1904 si
736 1832 865 1905 cui
909 1832 1279 1925 simplex,
1315 1833 1442 1904 vel
1476 1833 1724 1906 ctiam
1760 1832 2176 1905 humidum

630 1969 790 2020 non
831 1949 1137 2041 poterit
1204 1972 1380 2022 esse
1433 1951 1882 2042 subjectum
1936 1971 2176 2043 vapo-

633 2066 787 2155 ris„
829 2067 955 2137 vel
1010 2066 1306 2147 odoris,
1366 2071 1454 2140 ut
1525 2072 1749 2159 patet
1797 2067 1891 2139 ad
1943 2089 2175 2160 expe-

631 2180 1040 2254 rientiam.
1132 2183 1337 2253 Nam
1432 2183 1566 2254 Sol
1659 2202 1820 2254 non
1890 2184 2174 2257 sta-tim

633 2303 971 2388 generat
1017 2298 1499 2370 salsedinem
1544 2299 1621 2371 in
1656 2299 1827 2372 luto
1862 2320 2007 2392 per
2048 2320 2173 2371 ca·

634 2414 921 2494 lorem,
999 2413 1130 2485 ubi
1182 2418 1452 2486 tamen
1509 2420 1633 2488 est
1693 2415 2172 2488 commixtio

639 2529 837 2602 sicci
881 2530 1310 2603 terrestris
1353 2552 1535 2603 cum
1572 2531 1924 2604 humido.

340 2670 576 2721 Duzoeao
722 2649 822 2720 Et
849 2667 1125 2719 omnes
1159 2646 1334 2719 istae
1360 2647 1962 2740 suppositiones
1996 2670 2172 2741 pos-

281 2735 591 2860 yfflm.
633 2768 819 2837 sunt
853 2768 1135 2856 patere
1185 2785 1280 2835 ex
1328 2765 1560 2836 modo
1611 2765 2169 2854 generationis

626 2881 1093 2962 dulcedinis,
1134 2902 1308 2972 quae
1353 2882 1795 2973 opponitur
1847 2882 2170 2955 salsedi-

625 2999 731 3072 ni.
771 3002 978 3072 Nam
1023 3000 1352 3071 dulcedo
1395 3001 1485 3075 fit
1516 3021 1613 3071 ex
1658 2999 2170 3074 commixtio-

625 3135 722 3186 ne
800 3113 1306 3188 humiditatis
1364 3113 1720 3205 digestae,
1794 3115 2168 3207 quodam-

626 3232 861 3305 modo
902 3232 1429 3306 conveniente
1474 3254 1665 3305 aere
1707 3254 1889 3305 cum
1953 3233 2168 3306 sicco

626 3347 1011 3423 terrestri
1057 3351 1497 3431 moderato,
1561 3354 1642 3423 et
1684 3350 1961 3421 calore
2008 3371 2168 3422 mo-

622 3468 908 3541 derato
941 3468 1507 3561 coadjuvante;
1549 3468 1720 3540 ideo
1757 3468 1888 3542 ubi
1923 3467 2170 3544 fuerit

624 3585 854 3658 calor
924 3585 1535 3665 immoderatus,
1612 3585 1947 3658 siccitas
2029 3586 2168 3658 im-

628 3702 1070 3783 moderata,
1108 3704 1188 3774 et
1222 3722 1380 3772 non
1406 3701 1891 3773 conveniens
1917 3701 2169 3791 diges-

624 3815 767 3896 tio,
816 3816 948 3887 sed
970 3816 1239 3911 potius
1295 3817 1639 3897 adustio,
1688 3816 1793 3889 ibi
1839 3836 2169 3907 genera-

629 3930 852 4006 bitur
894 3933 1235 4005 salsedo.

424 4064 476 4115 5.
706 4051 1153 4123 Secundum
1196 4048 1346 4121 hoc
1384 4055 1801 4142 ponuntur
1842 4050 2164 4122 conclu-

377 4153 519 4201 ⁶⁰”·
636 4166 931 4238 siones.
966 4166 1242 4237 Prima
1284 4171 1432 4248 est,
1473 4168 1675 4258 quod
1717 4166 2021 4238 inmari
2047 4171 2173 4240 est

331 4215 503 4264 clusio
566 4254 580 4267 .

282 4220 611 4394 υἷ”,ἰὲζέξξ
639 4282 943 4354 siccum
972 4285 1395 4355 terrestre.
1424 4282 1831 4355 Probatur
1854 4283 2172 4353 conclu-

285 4412 561 4458 ‘ermtre-
638 4398 2172 4491 sio.quia1nultaepartostevrostrosuo-

634 4516 961 4588 fcruntu
979 4517 1127 4587 rad
1165 4537 1391 4587 mare
1429 4537 1570 4608 per
1612 4517 1969 4597 flumina,
1997 4539 2171 4608 quae

631 4652 792 4703 non
848 4634 1141 4706 cadunt
1193 4633 1286 4703 ad
1329 4632 1657 4704 fundum
1703 4634 1980 4715 maris,
2039 4634 2169 4705 sed

629 4754 969 4843 propter
1014 4755 1320 4823 motum
1364 4751 1650 4830 ssuxus,
1696 4756 1774 4823 et
1815 4752 2170 4823 refluxus

629 4888 952 4959 semper
994 4871 1377 4939 tenentur
1409 4867 1876 4940 commixta)
1932 4868 2165 4940 mari.

626 4985 728 5057 Et
762 4983 966 5075 quod
1013 5003 1173 5054 non
1205 4984 1493 5056 cadant
1536 4984 1629 5053 ad
1686 4984 2168 5075 profundum

626 5104 870 5194 patet,
909 5098 1097 5190 quia
1132 5098 1417 5170 fundus
1473 5099 1726 5170 maris
1761 5100 2174 5173 invenitur

626 5235 1048 5294 arenosus,
1088 5220 1166 5287 et
1202 5236 1359 5286 non
1397 5216 1741 5287 lutosus.

720 5332 1103 5413 Secundo,
1171 5332 1262 5402 ad
1313 5330 1461 5401 hoc
1510 5331 1706 5403 facit
1757 5331 1989 5402 calor
2038 5337 2170 5401 So-

624 5449 750 5529 lis,
802 5448 938 5539 qui
990 5469 1170 5519 cum
1216 5448 1656 5538 vaporibus
1708 5448 2091 5521 resolutis
2124 5471 2170 5521 a

625 5569 855 5641 terra
882 5568 963 5640 ct
1003 5583 1210 5658 aqua
1251 5563 1570 5639 elevant
1610 5564 2170 5642 exhalationes

1845 379 1986 445 LlB.
2037 384 2109 447 11.
2156 373 2699 448 METEouoRUM

2300 544 2627 628 calidas,
2709 550 2791 620 et
2887 543 3147 621 siccas
3220 544 3336 617 eis
3406 544 3837 629 admixtas,

2299 683 2474 754 quae
2568 663 2873 736 iterato
2934 683 3119 735 cum
3195 661 3473 754 pluvia
3544 664 3841 738 cadunt

2296 779 2703 861 deorsum,
2777 784 2966 853 tunc
3020 780 3323 853 iterato
3388 799 3536 871 per
3594 780 3842 854 actio-

2297 915 2479 968 nem
2511 897 2843 979 caloris,
2882 896 3173 971 subtile
3198 901 3726 989 evaporatur,
3758 904 3838 973 et

2296 1034 2681 1106 grossum
2719 1019 3110 1089 remanet.

2385 1134 2688 1214 Tertio,
2756 1137 2980 1226 patet
3049 1133 3199 1208 hoc
3280 1156 3378 1216 ex
3450 1133 3840 1225 grossitie

2295 1273 2522 1344 aquae
2561 1250 2842 1331 maris,
2874 1251 2952 1323 in
2987 1271 3142 1343 qua
3164 1250 3396 1323 navis
3434 1251 3612 1343 plus
3657 1272 3840 1344 por-

2294 1372 2440 1450 tat,
2479 1389 2721 1460 quam
2754 1367 2834 1439 in
2866 1388 3078 1460 aqua
3124 1367 3362 1440 dulci.

2381 1489 2717 1567 QuartO,
2784 1487 3008 1577 patet
3066 1505 3163 1555 ex
3224 1484 3838 1578 ponderositate

2292 1619 2520 1690 aquae
2566 1597 2844 1670 maris,

2380 1715 2701 1798 QuintO,
2756 1718 2981 1807 patet
3048 1735 3190 1806 per
3244 1714 3835 1808 experientiam

2290 1831 2823 1905 Aristotelis:
2873 1852 3059 1903 nam
3120 1831 3189 1904 si
3249 1831 3627 1925 capiatur
3691 1851 3838 1904 vas

2291 1949 2678 2030 ferreum,
2742 1949 2975 2041 cujus
3037 1968 3315 2020 omnes
3360 1949 3589 2022 rimae
3649 1953 3837 2023 sunt

2294 2065 2650 2158 perfecte
2720 2065 3144 2147 obturatae,
3206 2070 3288 2139 et
3342 2069 3695 2158 ponatur
3755 2066 3836 2138 in

2295 2183 2529 2264 mari,
2576 2183 2917 2256 intrabit
2959 2203 3170 2275 aqua
3226 2183 3526 2265 dulcis;
3572 2187 3652 2256 et
3683 2182 3834 2256 hoc

2291 2300 2614 2390 signum
2657 2303 2805 2381 est,
2846 2299 3053 2391 quod
3097 2299 3406 2371 siccum
3434 2303 3836 2373 terrestre

2290 2419 2633 2508 propter
2666 2414 3145 2505 grossitiem
3187 2436 3350 2486 non
3385 2415 3690 2507 poterit
3723 2414 3833 2485 in·

2289 2536 2543 2604 trare.
2593 2535 2691 2605 Et
2752 2531 2949 2604 dicit
2990 2533 3302 2605 Auctor
3331 2532 3423 2603 de
3467 2530 3833 2624 proprie-

2290 2649 2593 2722 tatibus
2666 2669 2945 2721 rerum
3016 2649 3220 2739 quod
3302 2652 3629 2741 oportet
3687 2668 3832 2718 vas

2291 2764 2480 2837 illud
2515 2766 2793 2858 jacere
2836 2765 2914 2836 in
2963 2763 3170 2836 mari
3237 2785 3382 2857 per
3436 2765 3647 2837 diem
3699 2784 3833 2836 na-

2284 2883 2666 2957 turalem.

2375 2999 2734 3072 Secunda
2790 2996 3208 3069 conclusio
3258 3001 3406 3078 est,
3480 2997 3684 3088 quod
3753 2996 3832 3068 in
3961 3020 4098 3092 eqn-

2288 3115 2655 3188 mariest
2715 3114 2930 3187 actio
2992 3114 3297 3185 caloris
3345 3112 3830 3186 resolveritis
3862 3082 4167 3195 §ff‘waffgio

2286 3233 2690 3313 subtilius,
2726 3236 2806 3303 et
2849 3230 3435 3322 quodammodo
3495 3230 3831 3302 aduren·
3901 3207 4119 3258 ‘'mr“

2286 3350 2392 3425 tis
2430 3354 2704 3442 partes
2732 3348 3225 3437 grossiores
3253 3351 3332 3419 et
3353 3351 3825 3419 terrestres.

2287 3467 2719 3545 Probatur,
2784 3464 2971 3556 quia
3043 3483 3268 3534 mare
3339 3484 3484 3555 per
3569 3464 3831 3536 latera

2288 3583 2720 3676 superiora
2761 3582 3205 3673 exponitur
3250 3580 3442 3662 Soli,
3500 3580 3636 3673 qui
3696 3600 3829 3652 na-

2287 3707 2417 3775 tus
2464 3704 2590 3773 est
2647 3698 3062 3769 resolvere
3127 3700 3404 3790 partes
3467 3695 3830 3770 subtilio-

2289 3840 2442 3891 res.
2503 3819 2887 3897 Secundo,
2945 3813 3142 3886 facit
3201 3813 3487 3886 adhoc
3560 3818 3826 3886 motus

2289 3935 2566 4016 maris,
2613 3938 2692 4006 et
2734 3933 2983 4006 etiam
3057 3935 3325 4003 motus
3365 3935 3821 4012 ventorum,

2287 4065 2373 4135 ut
2439 4060 2862 4134 dicebatur
2925 4058 3001 4130 in
3073 4057 3339 4149 prima
3380 4056 3827 4149 quaestione

2286 4187 2526 4277 hujus
2571 4185 2920 4257 secundi.

2373 4312 2649 4385 Tertia
2691 4310 3110 4382 conclusio
3154 4312 3302 4389 est,
3339 4308 3546 4399 quod
3601 4328 3824 4379 mare
3953 4342 4090 4417 0⁰3⁸·

2283 4438 2509 4510 debet
2586 4458 2762 4507 esse
2826 4436 3158 4506 salsum.
3244 4433 3680 4515 Probatur,
3746 4434 3824 4507 in
3853 4403 4166 4517 ἧᾏῖῗῗῑεῖξι

2288 4561 2494 4635 mari
2562 4559 3085 4652 reperiuntur
3145 4557 3627 4639 salsedines;
3685 4545 4007 4649 igi-,⁶525
4043 4526 4143 4576 ’Μ’

2286 4693 2423 4762 tur
2448 4687 2710 4778 ipsum
2734 4685 2960 4758 debet
2993 4707 3170 4755 esse
3201 4684 3533 4755 salsum.
3581 4686 3828 4758 Tenet

2286 4811 2893 4902 consequentia,
2968 4807 3155 4901 quia
3235 4809 3313 4881 in
3403 4809 3829 4899 agentibus

2286 4936 2824 5017 naturalibus,
2887 4936 3150 5028 posita
3186 4955 3434 5007 eausa
3497 4937 3831 5028 ponitur

2284 5064 2644 5135 effectus.
2721 5066 2817 5135 Et
2895 5066 3238 5155 apparet
3316 5064 3822 5146 antecedens,

2287 5187 2473 5278 quia
2533 5207 2802 5258 causae
2875 5185 3299 5258 salsedinis
3374 5191 3562 5260 sunt
3614 5208 3827 5260 com-

2287 5312 2576 5383 mixtio
2613 5312 2811 5384 sicci
2848 5312 3302 5391 terrestris,
3340 5316 3421 5384 et
3453 5314 3669 5386 actio
3704 5335 3829 5386 ca-

2286 5437 2514 5517 loris,
2572 5458 2730 5508 non
2783 5441 3057 5509 tamen
3117 5438 3205 5509 fit
3268 5438 3832 5527 permanentia

2284 5562 2590 5637 caloris
2627 5562 2944 5656 agentis
2968 5582 3214 5658 super
3242 5560 3434 5634 illud
3458 5582 3787 5657 passum
3811 5588 3827 5645 ;
