4252 6393
1816 406 2179 485 QUAES'rlo
2229 408 2358 472 vn!

425 566 803 659 subjecta,
867 568 994 640 vel
1040 567 1405 646 mediate,
1452 567 1674 656 (dico
1728 587 1963 660 prop-

423 688 546 756 ter
601 684 1046 758 accidentia
1090 706 1263 778 quae
1329 685 1757 773 oriuntur)
1800 705 1963 755 om-

420 821 594 871 nom
656 802 1255 876 multitudinem
1301 823 1578 873 rerum
1648 801 1959 881 feccrit,

420 921 497 989 et
565 919 798 1008 quod,
874 920 1169 993 saltem
1254 919 1532 990 ordine
1600 922 1959 997 naturae,

423 1033 803 1124 procedat
843 1036 935 1107 de
1000 1033 1481 1127 imperfecto
1525 1034 1618 1105 ad
1663 1033 1966 1125 persec-

423 1154 623 1231 tum;
675 1151 867 1223 illud
900 1157 1171 1227 autem
1226 1150 1819 1244 imperfectum,
1867 1172 1965 1222 ex

420 1288 572 1358 quo
644 1268 960 1351 fecerit,
1033 1291 1193 1342 non
1267 1274 1391 1343 est
1459 1267 1687 1348 nihil,
1780 1268 1967 1359 quia

415 1381 1287 1478 imperfectumaliquid
1309 1383 1747 1478 participat
1764 1381 1969 1474 quod

422 1500 758 1590 perficit,
853 1523 1109 1595 neque
1196 1506 1321 1575 est
1400 1500 1694 1581 forma,
1780 1498 1968 1590 quia

424 1617 585 1691 haec
633 1619 1110 1711 distinguit;
1156 1638 1357 1708 ergo
1402 1615 1775 1690 materia.
1823 1618 1966 1690 Os-

422 1737 743 1808 tensum
792 1740 918 1808 est
982 1740 1254 1809 autem
1319 1734 1526 1826 quod
1570 1732 1763 1805 illud
1806 1751 1968 1804 om-

416 1852 602 1924 nino
649 1852 1398 1932 indeterminatum,
1449 1849 1764 1922 scilicet
1798 1867 1964 1920 ma-

417 1968 650 2051 teria,
706 1989 867 2040 non
940 1971 1210 2062 potest
1279 1988 1458 2038 esse
1527 1966 1607 2038 in
1669 1984 1966 2057 genere

418 2084 920 2165 substantiae,
963 2082 1122 2156 nisi
1167 2102 1440 2163 unum,
1478 2086 1558 2154 et
1609 2081 1724 2153 ita
1785 2099 1965 2173 pro-

417 2202 705 2275 cedunt
768 2221 899 2273 res
959 2222 1005 2272 a
1064 2202 1258 2280 Deo,
1329 2203 1414 2272 ut
1490 2197 1808 2269 numeri
1869 2195 1967 2266 ab

419 2316 755 2398 unitate,
793 2321 880 2390 ut
912 2316 1106 2391 dicit
1140 2312 1586 2405 Dionysius
1617 2315 1700 2381 de
1728 2316 1959 2381 Divin.

415 2437 675 2502 nomin.
746 2457 894 2522 cap.
956 2435 1219 2514 ulcinw,
1296 2432 1430 2504 sed
1501 2429 1964 2504 intellectus

415 2547 800 2641 intelligit
880 2569 1125 2620 unum
1192 2569 1568 2621 crescere
1655 2546 1737 2618 in
1797 2543 1964 2617 infi-

413 2663 674 2738 nitum
716 2684 863 2756 per
917 2663 1398 2736 divisionem
1451 2661 1811 2755 partium
1867 2658 1966 2730 ab

415 2800 573 2853 uno
641 2779 1080 2860 communi,
1182 2778 1297 2852 sic
1371 2800 1418 2851 a
1487 2777 1736 2850 simili
1832 2796 1964 2849 res

419 2896 955 2991 multiplicari
996 2918 1043 2968 a
1085 2898 1252 2969 Deo
1316 2916 1462 2977 per
1517 2892 1965 2968 distinctio-

416 3033 596 3087 nem
638 3013 881 3106 hujus
924 3012 1171 3106 primi
1215 3010 1824 3086 indeterminati
1885 3009 1966 3083 in

417 3129 673 3205 multa
702 3129 1268 3205 determinata.

508 3250 627 3321 Ex
706 3246 835 3348 lLis
931 3251 1309 3340 apparet,
1395 3244 1601 3337 quod
1650 3262 1962 3345 'quem-

419 3365 841 3437 admodum
877 3363 1244 3436 membra
1276 3360 1513 3433 unius
1554 3359 1959 3452 corporis,

418 3486 496 3556 et
579 3501 859 3554 omnes
932 3477 1264 3552 articuli
1334 3477 1779 3571 procedunt
1865 3474 1964 3545 ab

419 3618 574 3670 uno
642 3596 1267 3672 indeterminato
1348 3614 1492 3687 per
1566 3592 1961 3667 virtutem

416 3717 732 3787 naturae
773 3711 1235 3803 dirigentis,
1280 3715 1361 3784 et
1396 3714 1735 3802 propter
1768 3710 1962 3782 illud

415 3848 661 3901 unum
732 3851 779 3901 a
839 3849 994 3920 quo
1046 3828 1519 3921 procedunt,
1566 3827 1963 3900 uniuntur

415 3951 494 4020 et
539 3945 927 4036 ligantur,
975 3945 1114 4025 ita,
1154 3965 1299 4017 suo
1345 3943 1602 4024 modo,
1649 3943 1728 4015 in
1782 3947 1958 4017 toto

419 4063 706 4135 mundo
769 4083 869 4138 ex
938 4061 1289 4135 materia
1357 4080 1514 4132 una
1582 4058 1960 4150 homoge-

414 4198 563 4251 nea
646 4178 1103 4252 communis
1192 4176 1455 4249 omnis
1527 4175 1958 4249 multitudo

415 4315 692 4367 rerum
763 4294 1151 4387 procedit,
1224 4313 1408 4365 cum
1477 4313 1638 4364 non
1700 4292 1961 4385 possit

414 4433 587 4483 osse
653 4412 812 4484 nisi
886 4431 1134 4483 unum
1196 4409 1551 4503 primum
1616 4408 1959 4481 indeter-

418 4526 837 4607 minatum,
918 4527 1152 4619 cujus
1220 4530 1520 4599 natura
1590 4525 1961 4599 salvatur

418 4643 497 4714 in
572 4642 948 4716 omnibus
1033 4625 1663 4735 posterioribus,
1749 4640 1959 4714 sicut

421 4759 873 4834 substantia
912 4763 992 4831 et
1026 4757 1441 4849 quantitas
1487 4755 1818 4827 seminis
1878 4755 1959 4827 in

421 4877 783 4950 omnibus
853 4871 1264 4952 membris,
1339 4870 1708 4963 quamvis
1775 4891 1958 4944 con-

422 4996 685 5068 tracta
783 5010 927 5082 per
1048 4991 1277 5062 actus
1363 4987 1952 5078 superadditos,

422 5111 620 5184 sicut
663 5113 745 5182 et
806 5128 1079 5181 semen
1145 5126 1287 5197 por
1342 5105 1596 5176 multa
1647 5105 1951 5185 1ne‹lia;

421 5229 684 5297 tamen
728 5222 810 5293 in
872 5220 1242 5291 omnibus
1297 5217 1670 5290 salvatur
1742 5217 1956 5291 ratio

424 5339 778 5414 materiae
815 5339 1126 5430 primax
1174 5334 1545 5426 quamvis
1587 5339 1958 5407 contrac-

424 5459 523 5538 ta,
553 5458 769 5531 sicut
803 5456 975 5547 jam
1017 5453 1358 5526 dicetur.
1394 5453 1557 5523 Noc
1632 5455 1956 5543 oportet

423 5574 701 5657 dicere,
775 5573 981 5667 quod
1028 5569 1299 5645 omnia
1361 5569 1524 5642 sint
1583 5568 1787 5641 idem
1821 5590 1957 5640 nu-

3531 401 3641 466 381

2077 575 2328 649 mero,
2408 568 2618 641 sicut
2688 567 3051 639 membra
3120 587 3355 639 unius
3438 587 3620 640 cor-

2076 686 2328 778 poris,
2399 686 2586 777 quia
2629 686 2768 758 illa
2805 684 3150 758 materia
3180 705 3340 756 non
3383 684 3621 758 habet

2077 800 2472 875 unitatem
2513 802 3045 883 numeralem,
3101 802 3390 876 saltem
3433 804 3619 874 actu

2078 916 2514 1007 signatam,
2590 919 2801 993 sicut
2845 938 3119 990 semen
3186 923 3311 992 est
3371 938 3619 989 unum

2078 1053 2447 1108 numero.

2169 1152 2286 1221 Ex
2353 1151 2478 1222 his
2537 1157 2905 1244 apparet,
2990 1153 3195 1245 quod
3283 1153 3618 1224 mundus

2077 1271 2203 1340 est
2278 1267 2527 1340 arbor
2604 1270 2963 1360 quaedam
3034 1268 3615 1362 pulcherrima,

2078 1382 2310 1475 cujus
2356 1383 2585 1455 radix
2616 1389 2696 1458 et
2729 1384 3260 1457 seminarium
3293 1390 3417 1459 est
3461 1405 3621 1456 ma-

2080 1500 2293 1572 teria
2362 1500 2650 1592 prima,
2742 1500 2939 1572 folia
3016 1500 3347 1574 fluentia
3434 1506 3621 1575 sunt

2078 1615 2569 1698 accidentia;
2644 1617 2968 1690 frondes
3007 1621 3088 1691 et
3151 1617 3386 1697 rami,
3434 1623 3620 1692 sunt

2078 1735 2362 1805 creata
2436 1734 3055 1825 corruptibilia;
3143 1735 3292 1808 flos
3370 1735 3622 1809 ratio-

2078 1847 2289 1921 nalis
2332 1849 2644 1931 anima;
2708 1850 3024 1925 fructus
3082 1855 3399 1925 naturae
3441 1873 3621 1925 con-

2079 1963 2401 2046 similis,
2446 1969 2526 2038 et
2570 1967 3098 2058 perfectionis
3140 1973 3440 2042 natura
3473 1970 3623 2042 An-

2079 2080 2366 2174 gelica.
2438 2083 2741 2155 Unicus
2810 2089 3084 2158 autem
3151 2084 3304 2157 hoc
3384 2086 3623 2158 semi-

2078 2201 2403 2273 narium
2489 2199 2848 2291 dirigens
2947 2205 3028 2274 et
3113 2202 3483 2276 formans
3574 2225 3622 2275 a

2078 2314 2519 2409 principio,
2619 2320 2743 2390 est
2831 2337 3116 2390 manus
3220 2320 3391 2403 Dei,
3481 2324 3622 2394 aut

2087 2432 2574 2515 immediate,
2640 2436 2727 2506 ut
2788 2434 3033 2506 coelos
3099 2439 3179 2509 et
3240 2437 3618 2528 Angelos,

2077 2553 2159 2622 et
2224 2547 2582 2620 animam
2662 2548 3175 2632 rationalem,
3258 2556 3398 2624 aut
3469 2573 3623 2624 me-

2081 2663 2489 2736 diantibus
2547 2665 2972 2754 agentibus
3024 2666 3353 2749 creatiS,
3412 2668 3623 2743 sicut

2078 2782 2641 2873 producuntur
2717 2783 3218 2872 generabilia
3302 2788 3382 2858 et
3450 2806 3626 2858 cor-

2078 2894 2526 2988 ruptibilia.
2608 2898 2721 2969 De
2804 2896 2963 2971 isto
3044 2898 3301 2988 igitur
3369 2900 3623 2974 totius

2079 3011 2572 3084 universalis
2667 3018 2983 3087 naturae
3069 3015 3617 3114 fundamento,

2080 3127 2432 3201 materia
2529 3127 2844 3203 scilicet
2951 3131 3219 3223 primo
3327 3134 3618 3227 prima,

2074 3262 2357 3316 verum
2430 3248 2579 3327 est,
2669 3248 2876 3338 quod
2953 3248 3032 3319 in
3103 3248 3623 3327 fundamento

2074 3362 2394 3431 naturae
2440 3359 2642 3433 nih11
2683 3366 2808 3435 est
2865 3362 3364 3439 distinctum.
3410 3367 3625 3440 Divi-

2075 3472 2297 3548 ditur
2341 3475 2569 3549 radix
2612 3475 2773 3551 ista
2808 3477 3266 3555 immediate
3302 3482 3381 3554 in
3422 3483 3620 3556 duos

2079 3609 2382 3674 ramos,
2422 3592 2502 3664 in
2533 3594 3081 3686 corporalem,
3117 3602 3197 3672 et
3239 3599 3622 3693 spiritua-

2074 3706 2234 3779 lem
2306 3734 2320 3777 ε
2397 3709 2853 3801 spiritualis
2928 3732 3208 3787 ramus
3287 3716 3371 3789 in
3449 3721 3620 3792 tres

2074 3821 2609 3908 hierarchias,
2682 3830 2763 3901 et
2832 3830 3209 3921 quaelibet
3288 3833 3618 3907 illarum

2075 3939 2158 4011 in
2224 3943 2396 4014 tres
2459 3942 2807 4026 ordines,
2880 3950 2961 4019 et
3032 3949 3225 4020 ordo
3286 3950 3620 4041 quilibet

2074 4055 2155 4129 in
2181 4057 2438 4130 millia
2471 4060 2817 4134 millium
2851 4064 3375 4154 Angelorum.
3415 4070 3616 4141 Pars

2071 4176 2348 4246 autem
2394 4195 2817 4249 ramorum
2877 4178 3118 4254 flante
3188 4187 3431 4255 vento
3496 4205 3619 4255 su-

2074 4290 2399 4382 perbiae,
2473 4291 2625 4366 fuit
2705 4293 2784 4365 in
2878 4296 3147 4370 mundi
3219 4299 3619 4393 principio

2073 4406 2461 4482 arefacta.
2500 4411 2980 4502 Corporalis
3014 4420 3402 4488 creatura
3425 4419 3622 4491 duos

2075 4544 2350 4598 ramos
2421 4528 2810 4611 continet,
2893 4531 3209 4607 scilicet
3268 4556 3624 4630 corpora

2071 4642 2648 4733 corruptibilia
2681 4649 2762 4718 et
2813 4646 3502 4742 incorruptibilia,
3540 4658 3620 4728 et

2073 4756 2216 4830 illa
2256 4759 2722 4836 dividuntur
2767 4764 3362 4859 multipliciter,
3410 4772 3623 4846 sicut

2073 4879 2366 4966 patet:
2421 4882 2503 4952 et
2574 4878 2688 4952 sic
2759 4883 2982 4971 patet
3070 4887 3278 4975 quod
3348 4889 3621 4962 unitas

2072 4991 2463 5074 universi,
2527 4999 2607 5068 et
2667 4996 3045 5071 collectio
3101 5000 3276 5092 ejus
3317 5003 3622 5081 claudit

2070 5110 2151 5181 et
2192 5109 2602 5185 concludit
2652 5112 3048 5188 unitatem
3092 5116 3172 5188 in
3216 5118 3620 5214 principio

2071 5220 2744 5307 indeterminato,
2846 5247 2984 5298 seu
3083 5228 3163 5300 in
3271 5234 3619 5308 materia

2069 5335 2364 5427 prima.

2157 5452 2239 5527 Si
2334 5458 2607 5528 autem
2704 5464 3021 5549 quaerat
3109 5465 3453 5553 quaestio
3522 5469 3612 5542 de

2072 5571 2418 5643 materia
2497 5574 2984 5667 propinqua,
3069 5599 3243 5670 quae
3319 5583 3618 5659 dicitur

3677 1225 3923 1276 Pulchra

3669 1289 3945 1352 dispositio

3682 1359 3730 1399 ec
3760 1353 3948 1399 unitas

3683 1413 3944 1463 universi.

3757 5498 3840 5550 31.
