4252 6393
116 5233 204 5313 En<
223 5260 349 5296 erea-

1760 399 2132 478 QUAESTlo
2180 400 2256 463 vl

385 565 737 644 creator,
811 582 904 634 ac
976 582 1120 655 per
1186 582 1688 654 consequens
1757 584 1915 635 non

386 682 649 772 potest
688 700 1001 753 creare.
1040 681 1277 769 Hugo
1318 682 1399 748 cte
1436 685 1911 762 Sat-ramentis,

382 811 565 885 parte
610 800 676 868 6.
721 822 867 886 cap.
930 799 1041 869 36.
1110 797 1539 887 distinguit
1589 818 1729 868 sex
1792 816 1916 887 ge·

384 934 575 985 nera
628 934 992 1006 operum,
1068 918 1147 986 et
1201 913 1394 986 dicit
1464 916 1670 1005 quod
1732 933 1917 1006 qua-

384 1035 567 1102 tuor
634 1030 969 1101 illorum
1041 1031 1195 1102 soli
1264 1033 1431 1104 Deo
1493 1036 1679 1104 sunt
1741 1051 1917 1123 pos-

382 1147 665 1230 sibilia,
744 1147 961 1220 inter
1029 1168 1202 1239 quae
1260 1145 1616 1239 primurn
1688 1145 1916 1239 ponit

383 1285 577 1357 opus
637 1264 1109 1337 creationis.
1172 1265 1601 1336 Anselinus
1658 1268 1734 1332 in
1783 1265 1916 1330 Mo-

378 1385 592 1471 noloq.
662 1406 808 1470 cap.
868 1384 980 1454 27.
1051 1381 1243 1454 dicit
1323 1382 1529 1473 quod
1597 1401 1916 1452 sumnia

378 1498 728 1571 essentia
769 1505 894 1571 est
939 1498 1114 1570 sola
1156 1498 1548 1578 creatrix,
1586 1499 1663 1569 et
1710 1497 1915 1589 quod

381 1615 547 1685 sola
616 1635 762 1708 per
830 1637 940 1698 se,
995 1635 1155 1686 non
1223 1635 1368 1707 per
1440 1616 1655 1689 aliud
1724 1613 1913 1686 fecit

380 1731 644 1803 omnia
676 1733 768 1804 de
789 1732 1072 1805 nihilo.
1111 1735 1662 1806 Damascenus
1696 1736 1809 1800 tib.
1844 1735 1911 1804 2.

374 1850 451 1915 de
477 1852 613 1934 fide
656 1853 935 1919 orthod.
1010 1853 1240 1939 cap.3.
1286 1850 1478 1923 dicit
1526 1875 1540 1919 :
1592 1855 1917 1939 Quotquot

373 1978 583 2033 autem
618 1980 797 2049 sunt,
844 1972 960 2057 qui
973 1971 1323 2035 essentiam
1353 1972 1564 2036 ullam
1592 1991 1913 2056 quoecum-

377 2104 491 2170 que
530 2086 799 2151 tandem
839 2087 964 2152 itta
999 2088 1110 2166 sit,
1156 2087 1239 2153 ab
1286 2088 1559 2175 Anqetjs
1592 2109 1915 2174 procrea-

377 2215 503 2268 tam
569 2225 707 2271 esse
770 2205 1197 2284 contendunt,
1263 2206 1501 2272 horum
1567 2228 1680 2271 ore
1722 2216 1917 2292 pater

376 2322 665 2405 ipsorum
708 2320 1024 2386 Diabolus
1065 2322 1382 2408 loquitur.
1423 2319 1912 2393 Aristotcles

372 2438 439 2501 in
467 2438 815 2523 principio
861 2438 1028 2503 Coeti
1057 2449 1118 2503 et
1178 2434 1437 2519 Mundi,
1485 2451 1645 2506 text.
1679 2440 1745 2507 2.
1785 2441 1915 2505 Per

372 2553 540 2618 hunc
577 2574 928 2620 numerum
960 2551 1321 2639 (Scilicet
1376 2552 1763 2642 unitatis)
1794 2555 1915 2620 acl-

370 2670 697 2737 hibuimns
743 2693 863 2737 nos
917 2674 1357 2760 maqnificare
1412 2694 1617 2740 unum
1656 2684 1913 2739 creato-

370 2808 526 2868 rem,
580 2788 788 2855 Deum
828 2792 1147 2856 omnium.

456 2904 571 2974 Ex
608 2923 766 2994 quo
801 2908 1169 2997 apparet,
1207 2906 1413 2998 quod
1445 2905 1912 2978 nullacrea-

370 3021 554 3091 tura
596 3024 862 3113 potest
905 3042 1191 3093 creare
1237 3047 1251 3091 :
1288 3026 1367 3094 et
1414 3024 1687 3094 multae
1731 3023 1912 3094 aliae

372 3141 694 3228 possent
764 3138 1038 3212 adduci
1107 3140 1197 3212 de
1255 3139 1408 3211 hoc
1468 3138 1910 3213 auctorita·

370 3254 516 3336 tes,
569 3256 701 3328 sed
733 3276 943 3330 nunc
984 3257 1533 3330 dimittantur.

936 3458 1345 3514 SCHOLIUM.

437 3634 911 3694 Conclusionem
944 3638 1134 3709 hujus
1180 3639 1430 3695 articuli
1456 3639 1673 3710 probat
1698 3641 1909 3697 Scotu3

371 3734 835 3791 auctoritatibus
866 3740 926 3793 et
989 3737 1358 3804 rationibu8‚
1394 3754 1663 3810 quarum
1714 3740 1910 3811 potis-

370 3831 556 3887 simas
584 3832 769 3890 habet
798 3835 986 3891 etiam
1019 3836 1085 3890 in
1116 3836 1170 3892 4.
1205 3835 1350 3892 dist.
1388 3838 1436 3894 1.
1481 3853 1542 3909 q.
1582 3839 1631 3894 1.
1678 3840 1909 3894 Praeci-

371 3941 509 3998 puae
537 3932 805 3988 rationes
837 3932 1255 3992 desumuntur
1286 3950 1363 3991 ex
1394 3936 1452 3990 S.
1486 3935 1715 3992 Thoma
1751 3937 1800 3993 1.
1846 3951 1905 4007 p.

371 4040 427 4097 q.
460 4028 547 4083 45.
577 4044 653 4086 ex
713 4032 981 4088 Henrico
1039 4032 1248 4104 quodl.
1283 4037 1336 4091 4.
1373 4050 1432 4106 q.
1491 4036 1600 4091 ult.
1662 4034 1909 4105 AEgidio

372 4125 571 4197 quodi.
611 4130 666 4183 5.
701 4142 760 4198 q.
793 4130 847 4185 5.
890 4146 1162 4203 quarum
1200 4133 1332 4188 vim
1367 4139 1628 4191 enervat
1668 4134 1905 4190 ibidem

373 4224 579 4282 multis
608 4225 890 4284 adductis
918 4227 1368 4298 objectionibus
1400 4232 1464 4287 in
1496 4233 1905 4289 contrarium.

457 4403 937 4478 Rationibus
998 4407 1111 4480 sic
1157 4411 1561 4483 :Possunt
1632 4415 1902 4483 autem

374 4518 723 4592 rationes
756 4521 906 4594 hoc
967 4522 1405 4615 probantes
1443 4525 1537 4596 ad
1580 4547 1720 4596 sex
1782 4546 1903 4597 ra-

370 4632 570 4708 dices
637 4638 937 4711 reduci.
1020 4639 1297 4711 Prima
1371 4644 1520 4721 est,
1597 4645 1905 4710 Creamis

371 4756 686 4843 principii
743 4760 1009 4824 entitas.
1059 4757 1443 4838 Secunda,
1493 4761 1895 4826 Cam-alitus,

374 4868 658 4952 Tertia,
701 4876 1094 4942 Actualitas.
1152 4878 1485 4956 Quarta,
1550 4879 1897 4943 Primitas.

374 4984 675 5068 Quinta,
723 4991 1251 5058 Commtmicatio
1281 4995 1585 5059 aetionis.
1627 4994 1894 5073 Sexta,

378 5101 703 5169 Creaturce
751 5105 1092 5172 limitatio,

458 5216 723 5290 Prima
775 5218 1031 5310 igitur
1069 5221 1204 5293 via
1258 5243 1358 5293 ex
1428 5227 1662 5313 parto
1721 5225 1891 5303 Dei,

116 5310 349 5434 ἷῖἒῑῆζζξ
376 5333 714 5406 sumitur
753 5359 837 5402 ex
888 5351 1083 5424 parte
1132 5343 1451 5407 entitatis.
1506 5341 1617 5411 Ad
1660 5362 1753 5412 011
1758 5341 1893 5434 jus

158 5426 204 5471 ab
224 5447 310 5482 egge

182 5489 268 5542 Dei.

373 5447 838 5524 evidentiam
869 5459 993 5526 est
1028 5454 1460 5536 sciendum,
1492 5459 1695 5550 quod
1719 5480 1894 5530 esse

376 5572 757 5641 creaturae
819 5569 898 5640 in
953 5572 1215 5645 tribus
1259 5574 1729 5666 specialiter
1784 5577 1893 5648 vi-

3462 405 3578 467 335

2027 562 2267 634 detur
2305 562 2632 636 differre
2683 563 2782 635 ab
2824 584 3004 636 esse
3043 563 3339 636 divino.
3381 566 3578 635 Esse

2028 679 2242 752 enim
2274 680 2630 753 divinum
2662 684 2784 754 est
2821 682 3331 774 primarium,
3360 702 3580 755 crea-

2029 798 2240 867 turae
2272 801 2395 870 est
2442 797 3037 880 secunda-rium,
3101 818 3194 870 ac
3238 817 3382 889 per
3422 795 3573 868 hoc

2028 934 2208 985 esse
2273 913 2630 986 divinum
2694 934 2854 985 non
2911 915 3034 986 est
3093 911 3573 1006 dependens;

2030 1050 2208 1101 esse
2267 1035 2674 1104 crea-turae
2733 1031 3199 1103 necessario
3264 1035 3389 1104 est
3456 1031 3735 1102 de-Esse
3763 1067 3925 1102 ma-

2032 1147 2404 1237 pendenS‚
2470 1146 2657 1238 quia
2701 1146 3055 1239 primum
3098 1166 3258 1218 non
3298 1147 3576 1238 depen-
3635 1121 3886 1226 ὀἷ’ζῗῖιέἓῖ

3608 1239 3923 1301 dependens.

2029 1263 2157 1334 det
2190 1264 2657 1335 necessario
2703 1285 2749 1336 a
2786 1265 3155 1337 secundo.

2122 1380 2481 1452 Secunda
2513 1380 2974 1453 differentia
3014 1385 3162 1463 est,
3213 1381 3401 1473 quia
3458 1404 3577 1454 08-

2030 1517 2113 1568 se
2155 1496 2512 1569 divinum
2573 1501 2698 1571 est
2749 1519 3068 1591 purum,
3123 1519 3300 1570 esse
3347 1519 3577 1571 crea-

2030 1614 2238 1684 turae
2278 1617 2402 1686 est
2446 1613 2794 1686 mixtum
2863 1614 3251 1707 potentia,
3336 1616 3582 1708 parti-

2029 1728 2417 1820 cipatum,
2464 1736 2543 1802 et
2587 1734 3040 1829 receptum.

2117 1845 2395 1919 Tertia
2425 1846 2881 1919 differentia
2957 1852 3105 1928 est,
3154 1846 3342 1938 quia
3400 1867 3578 1918 esse

2027 1961 2385 2034 divinum
2441 1983 2600 2036 non
2637 1967 2909 2055 potest
2969 1985 3147 2035 esse
3207 1968 3576 2037 contrac-

2029 2080 2228 2161 tum,
2257 2100 2403 2151 nec
2438 2080 2534 2151 ad
2570 2098 2849 2169 genuS,
2875 2100 3018 2151 noc
3052 2080 3145 2151 ad
3175 2080 3570 2172 speciem;

2026 2216 2205 2267 esse
2249 2196 2833 2288 cujuscumque
2866 2200 3272 2269 creaturae
3307 2200 3577 2289 potest

2029 2313 2124 2383 ad
2170 2315 2611 2405 utrumque
2653 2334 2830 2385 esse
2865 2317 3418 2386 contractum.

2119 2427 2263 2498 His
2294 2427 2518 2509 visis,
2551 2429 2895 2501 secundo
2946 2448 3340 2522 suppono,
3370 2431 3575 2521 quod

2026 2562 2279 2615 causa
2345 2564 2662 2625 creans,
2725 2566 2907 2617 curn
2969 2549 3232 2619 toturn
3287 2547 3572 2637 produ-

2025 2663 2159 2732 cat
2200 2661 2291 2732 de
2330 2661 2610 2743 nihilo,
2684 2661 3154 2735 necessario
3223 2667 3349 2736 est
3389 2683 3573 2734 cau-

2028 2793 2117 2844 sa
2197 2775 2453 2849 totius
2527 2777 2643 2848 rei
2734 2777 3168 2849 secundum
3254 2797 3571 2849 omnem

2029 2891 2436 2964 rationem
2481 2879 2739 2975 suarn‘,
2796 2895 2877 2965 et
2944 2892 3149 2964 nihil
3212 2913 3574 2986 praesup-

2028 3007 2278 3099 ponit,
2366 3030 2458 3081 ac
2523 3031 2666 3102 per
2733 3009 2882 3082 hoc
2934 3014 3059 3083 cst
3103 3030 3353 3082 causa
3423 3010 3568 3090 rei,

2026 3129 2113 3199 ut
2154 3130 2280 3200 est
2312 3148 2483 3200 ens,

2113 3246 2232 3315 Ex
2304 3244 2712 3337 praedictis
2776 3244 3031 3336 igitur
3094 3244 3572 3319 differentiis

2027 3361 2387 3441 ostendo,
2426 3361 2632 3451 quod
2673 3359 2897 3431 nulla
2933 3362 3345 3437 creatura,
3385 3357 3571 3449 quia

2023 3495 2183 3547 non
2243 3481 2516 3568 potest
2548 3497 2726 3548 esse
2768 3495 3018 3548 causa
3069 3474 3214 3556 rei,
3288 3478 3377 3547 ut
3444 3478 3572 3547 est

2019 3612 2187 3674 008,
2253 3613 2399 3685 per
2456 3612 2954 3684 consequens
3012 3591 3324 3663 nullam
3395 3610 3567 3661 rem

2026 3710 2294 3798 potest
2327 3728 2637 3779 creare.

2114 3826 2232 3895 Ex
2268 3823 2537 3916 prima
2601 3824 2860 3914 igitur
2924 3823 3381 3897 differentia
3416 3824 3566 3917 pri-

2021 3942 2131 4013 mi
2190 3947 2271 4016 et
2340 3944 2688 4026 secundi,
2737 3963 2996 4035 arguo
3058 3943 3227 4025 ‘sic;
3285 3964 3568 4016 secun-

2018 4057 2206 4129 dum
2257 4060 2644 4143 ordinem,
2694 4061 2827 4153 qui
2859 4065 2984 4133 est
3016 4060 3097 4131 in
3125 4059 3566 4142 effectibus,

2022 4177 2455 4249 secundum
2487 4177 2714 4270 prius
2738 4182 2819 4250 et
2873 4177 3309 4270 posteriuS,
3338 4181 3418 4252 et
3441 4197 3569 4249 ne-

2021 4293 2387 4366 cessario
2425 4294 2839 4369 invonitur
2871 4295 2952 4366 in
3004 4293 3230 4386 ipsiS‚
3305 4314 3572 4367 neces-

2021 4409 2245 4481 sario
2290 4409 2649 4483 infertur
2683 4412 2879 4483 ordo
2916 4410 3223 4504 prioris
3279 4413 3360 4483 et
3395 4430 3570 4502 pos-

2019 4526 2357 4599 terioris
2400 4526 2481 4599 in
2525 4525 2821 4609 causiS,
2862 4547 2908 4598 a
2959 4526 3244 4618 quibus
3304 4546 3571 4598 essen-

2018 4644 2334 4717 tialiter
2409 4644 2877 4736 dependent,
2959 4648 3041 4718 et
3128 4663 3273 4736 per
3366 4661 3569 4734 quas

2016 4759 2306 4833 formae
2353 4760 2868 4854 recipiuntur
2913 4760 2990 4832 in
3034 4761 3428 4833 materia:
3460 4759 3572 4831 in-

2016 4881 2145 4951 ter
2193 4899 2470 4950 omnes
2505 4883 2774 4951 autem
2821 4877 3160 4958 formas,
3235 4877 3404 4951 sive
3448 4896 3572 4948 ra-

2015 4994 2280 5067 tiones
2315 5016 2618 5077 rerum‚
2669 4994 2887 5068 ratio
2929 4995 3130 5087 ejus,
3181 4995 3388 5086 quod
3444 4998 3569 5068 est

2011 5134 2171 5193 esse,
2210 5115 2334 5185 est
2396 5111 2973 5194 universalior,
3040 5131 3133 5184 ac
3207 5130 3353 5202 per
3412 5110 3564 5182 hoc

2010 5227 2267 5318 prior,
2303 5231 2383 5301 et
2416 5233 2538 5302 ost
2575 5229 2764 5300 illud
2795 5228 3175 5320 primum,
3214 5226 3418 5317 quod
3454 5225 3571 5296 in-

2012 5343 2421 5433 telligitur
2473 5367 2602 5417 res
2639 5344 3030 5437 recipere,
3108 5342 3422 5415 scilicet
3472 5367 3562 5410 es-

2005 5485 2096 5543 se,
2181 5461 2532 5553 primum
2609 5462 2824 5533 enim
2903 5464 3378 5533 creatarum
3444 5479 3563 5530 re-

2010 5598 2195 5650 rum
2237 5582 2362 5651 est
2394 5603 2565 5666 esse‚·
2593 5598 2792 5670 ergo
2837 5579 2905 5651 si
2949 5578 3384 5650 secundum
3429 5596 3558 5649 or-
