4252 6393
366 836 595 884 Videtur

383 912 493 946 esse
522 898 596 946 ad

378 969 605 1009 mentem

381 1022 621 1074 Philoso-

439 1085 554 1149 phi.

682 424 802 488 618

674 591 950 677 partes
985 589 1158 680 ejus
1213 607 1371 660 non
1424 591 1611 659 sunt
1645 585 1947 677 aliquid
1977 588 2217 658 extra

672 702 1054 786 animam,
1100 725 1245 780 nec
1279 706 1543 797 ipsum
1577 709 1699 778 est
1743 702 2041 793 aliquid
2087 723 2215 773 ex-

672 823 805 894 tra
838 818 1220 892 animum.
1259 822 1477 902 Quod
1523 822 1796 913 partes
1821 838 1981 890 non
2025 818 2212 898 sint,

675 941 946 1030 patet:
999 938 1064 1009 si
1130 957 1328 1028 ergo
1392 938 1657 1030 ipsum
1711 941 1836 1010 est
1887 935 2213 1026 aliquid,

676 1056 797 1128 est
841 1053 939 1124 ab
980 1053 1298 1127 actione
1333 1054 1621 1126 animm
1666 1053 1907 1126 simul
1960 1053 2218 1125 conci-

677 1168 940 1261 piente
979 1168 1491 1262 praeteritum
1532 1173 1612 1243 et
1679 1166 2074 1248 futurum,
2132 1172 2219 1240 ut

672 1287 1162 1379 copulantur
1212 1288 1307 1359 ad
1373 1308 1727 1379 praesens
1788 1288 2219 1366 instans,et

671 1403 950 1476 fluens.
1007 1405 1229 1476 Hanc
1289 1408 1562 1476 autem
1635 1404 2039 1476 rationem
2108 1403 2218 1473 vi-

670 1521 905 1594 detur
973 1519 1518 1613 Philosophus
1578 1521 1965 1593 deducere
2030 1521 2107 1592 in
2150 1523 2212 1591 4.

671 1641 939 1725 Physic.
995 1651 1154 1706 teaec.
1190 1662 1422 1708 comm.
1456 1641 1567 1710 97.
1613 1641 1814 1720 Quia,
1868 1641 1981 1727 (ut
2023 1636 2214 1710 dicit

676 1753 838 1842 ibi‚)
877 1778 1024 1821 cum
1054 1757 1234 1822 nihil
1290 1758 1422 1843 ipsi
1480 1769 1815 1822 mutamur
1860 1756 2219 1822 secundnm

671 1872 1218 1958 intelliyenliam,
1262 1885 1376 1939 ant
1410 1875 1568 1939 latet
1607 1895 1725 1939 nos
1767 1874 2036 1952 metiari,
2082 1895 2213 1941 non

669 1987 935 2053 videtur
965 1990 1152 2054 nobis
1179 1990 1335 2073 fieri
1357 2001 1625 2076 tempus
1666 1991 1834 2054 sic-ue
1855 2010 2062 2077 neque
2083 1990 2211 2067 his,

670 2107 787 2191 qni
812 2107 877 2170 in
913 2106 1133 2171 Sardo
1154 2104 1553 2190 fabulantur
1582 2105 1881 2171 dormire
1899 2104 2081 2191 apud
2106 2105 2218 2171 lle-

670 2242 844 2298 roas,
882 2242 1028 2286 cum
1058 2223 1633 2309 erperqiscuncmn
1670 2222 2008 2307 Copulant
2041 2222 2220 2286 enim

666 2338 963 2424 primum
1011 2358 1190 2402 nunc
1222 2338 1588 2425 posteriori
1628 2359 1822 2415 nime,
1898 2349 1957 2403 ec
2015 2359 2221 2404 ιιηιιηι

668 2454 932 2539 faciunt
975 2465 1380 2521 removentes
1419 2465 1698 2542 propter
1738 2453 2218 2523 insensibilita-

671 2582 795 2634 tem
861 2570 1175 2635 medium.
1244 2567 1635 2646 Putabant
1711 2567 1923 2639 enim
2016 2567 2219 2640 idem

673 2705 848 2755 esse
882 2703 1226 2756 numero
1271 2687 1615 2776 tempus,
1665 2704 1819 2776 quo
1860 2684 2220 2757 dormire

673 2805 1115 2893 coeperunt,
1171 2800 1373 2873 etin
1444 2822 1598 2891 quo
1676 2801 2216 2891 evigilabant,

669 2919 750 2990 et
823 2915 1352 2989 removebant
1415 2921 1604 2989 tunc
1683 2919 2003 3009 tempus
2067 2937 2221 2988 me-

662 3031 880 3104 dium
904 3033 1984 3127 propterinsensibilitatem.
2004 3035 2222 3107 Unde

667 3150 916 3224 etiam
976 3149 1474 3225 dormientes
1518 3151 1598 3224 in
1634 3152 1977 3225 obscuro
2012 3153 2215 3235 loco,

668 3289 827 3343 non
888 3270 1469 3361 perpendentes
1504 3269 1804 3360 aliquid
1852 3270 1944 3342 de
1997 3273 2219 3342 motu

669 3386 846 3459 coeli
885 3407 1028 3479 per
1088 3387 1347 3460 lucem
1397 3387 1634 3470 Solis
1693 3387 2002 3478 quando
2062 3386 2219 3457 evi-

670 3502 955 3592 gilant,
1034 3507 1411 3595 quaerunt
1508 3525 1683 3595 quae
1780 3503 1986 3575 hora
2082 3503 2214 3576 sit.

673 3622 1024 3712 Propter
1077 3622 1279 3713 quo]
1339 3621 1588 3693 etiam
1630 3622 1719 3691 de
1768 3626 2001 3695 nocte
2058 3643 2220 3694 non

673 3738 1238 3830 perpendimus
1310 3743 1653 3832 tempus,
1699 3760 1841 3812 nec
1884 3741 2214 3821 scimus,

675 3874 848 3944 quae
893 3853 1097 3927 hora
1141 3855 1248 3929 sit
1298 3856 2014 3939 certitudinnliter,
2060 3857 2218 3930 nisi

677 3970 1131 4045 referamus
1175 3994 1321 4045 nos
1357 3974 1452 4045 ad
1493 3973 1657 4045 alia
1702 3973 1957 4063 signa.

759 4092 1134 4165 Videmus
1176 4095 1452 4175 etiam,
1493 4094 1695 4185 quod
1732 4094 1798 4165 si
1834 4094 2010 4184 quis
2049 4114 2218 4186 per-

672 4211 923 4302 cipiat
958 4215 1293 4291 motum,
1333 4210 1842 4281 solummodo
1878 4209 2219 4282 sentien-

673 4328 769 4397 do
806 4330 1115 4399 motum
1158 4326 1236 4396 in
1279 4325 1599 4398 ratione
1635 4327 1903 4397 motus
1946 4345 2221 4397 secun-

672 4446 857 4516 dum
888 4444 1289 4515 defluxum
1324 4446 1524 4535 ejus,
1598 4464 1754 4535 quo
1820 4448 2216 4524 movetur,

673 4566 753 4633 ct
786 4580 944 4631 non
1015 4561 1449 4634 secundum
1522 4560 1924 4633 rationem
1986 4560 2221 4630 deslu-

672 4698 824 4749 xus
865 4697 912 4749 a
955 4677 1217 4770 priori
1262 4677 1340 4749 in
1377 4677 1814 4770 posterius,
1853 4696 2009 4748 non
2049 4697 2221 4767 per-

672 4794 978 4886 cipitur
1066 4797 1428 4886 tempus;
1505 4793 1636 4865 sed
1687 4798 1875 4867 tunc
1958 4792 2219 4862 solum

671 4910 1122 5003 percipitur
1183 4915 1528 5002 tempus,
1566 4930 1747 4981 cum
1794 4911 2042 4987 motu,
2096 4908 2223 4978 vel

667 5028 988 5101 actione
1053 5028 1345 5100 animm
1405 5026 1810 5099 distincte.
1878 5024 2224 5117 Percipi-

674 5166 853 5217 mus
885 5143 1100 5217 enim
1133 5143 1596 5216 discursum
1635 5148 1901 5215 motus
1943 5141 2222 5213 venire

672 5281 710 5332 a
762 5260 1022 5354 priori
1069 5260 1149 5332 in
1187 5260 1623 5353 posterius.
1677 5260 1913 5331 l’rius
1950 5263 2223 5331 autem

671 5386 750 5452 et
827 5379 1240 5471 posterius
1325 5378 1756 5451 secundum
1860 5376 2221 5450 rationes

680 5497 983 5589 prioris
1015 5501 1094 5569 et
1131 5494 1649 5591 posterioris,
1689 5498 1776 5567 ut
1811 5499 1994 5566 sunt
2042 5515 2224 5586 par-

676 5619 797 5688 tes
831 5615 1254 5709 temporis,
1294 5634 1449 5685 non
1487 5617 1673 5686 sunt
1709 5612 1784 5683 in
1834 5633 1914 5682 ro
1957 5617 2219 5694 extra,

1832 424 1931 486 DE
1976 425 2240 487 RERUM
2284 422 2665 486 PRlNClPlO

2336 585 2469 657 sed
2512 586 2774 657 solum
2847 584 2924 657 in
3002 583 3288 655 animae
3364 582 3866 675 perceptione

2333 702 2574 774 simul
2644 701 3149 793 concipiente
3221 700 3729 792 praeteritum
3796 703 3868 771 et

2332 818 2840 898 suturu1n‚et
2892 817 3326 910 copulante
3387 837 3483 889 ea
3529 816 3623 887 ad
3682 835 3869 908 prae-

2335 957 2543 1017 senS,
2580 941 2661 1008 et
2732 935 2846 1007 sic
2908 921 3313 1007 formante
3381 939 3461 1006 et
3537 932 3874 1006 faciente

2335 1053 2599 1145 ipsum
2662 1056 3010 1145 tempus,
3057 1056 3137 1125 et
3206 1051 3322 1124 sic
3397 1071 3620 1123 mens
3690 1050 3876 1124 facit

2336 1191 2482 1241 suo
2552 1174 2945 1262 conceptu
3028 1173 3306 1262 partes
3357 1189 3534 1240 esse
3614 1168 3872 1249 simul,

2336 1305 2510 1376 quse
2571 1290 2869 1361 natura
2930 1289 3009 1358 et
3065 1306 3150 1357 re
3189 1285 3432 1356 simul
3474 1305 3653 1357 esse
3725 1303 3877 1354 non

2333 1409 2701 1496 possunt.

2426 1522 2684 1614 Hujus
2749 1520 3160 1613 opinionis
3226 1519 3545 1592 videtur
3630 1518 3877 1591 fuisse

2335 1638 2826 1713 Aristoteles
2863 1664 2876 1707 :
2919 1637 3119 1709 unde
3141 1635 3337 1710 dicit
3374 1637 3544 1728 ipse
3573 1641 3620 1718 ⁶,
3649 1640 3879 1706 Sisini

4192 1567 4197 1602 ,

3951 1656 4095 1769 ‘et‘-
4188 1609 4199 1780 ἰ

2333 1759 2635 1838 tenebra»,
2682 1759 2833 1828 etc.
2898 1758 2976 1826 et
3044 1758 3327 1848 postea
3397 1755 3663 1828 subdit
3701 1767 3773 1836 †‚
3815 1761 4136 1840 accommss.
4188 1787 4199 1838 ι

3954 1852 3985 1912 ἦ·
4012 1855 4104 1898 text.
4198 1881 4199 1884 η

2333 1898 2486 1943 vero
2535 1887 2593 1940 et
2653 1887 2904 1960 [empus
2959 1875 3430 1961 coquom-imm,
3487 1875 3640 1946 eto.
3713 1870 3877 1943 Hoc
3901 1925 4013 1964 eom.
4046 1913 4119 1962 ιω,

2336 1993 2538 2068 idem
2573 1989 2893 2062 videtur
2933 1988 3230 2061 conced
3290 2009 3376 2060 re
3414 1993 3637 2062 mota
3671 1988 3880 2081 prin-

2334 2106 2717 2201 cipaliter
2808 2106 3256 2196 quaestione
3335 2125 3518 2177 cum
3604 2105 3802 2179 dicit
3832 2109 4141 2186 *‚·¹ext·¹3²·

2342 2228 2571 2295 Ulrum
2604 2238 2821 2291 autem
2865 2247 3012 2291 eum
3040 2246 3177 2290 non
3216 2226 3304 2290 sil
3331 2227 3592 2310 anima,
3627 2226 3881 2300 etaet

2333 2339 2943 2416 determinando
3040 2337 3598 2436 quaestionem,
3693 2339 3883 2417 dicit

2337 2459 2543 2547 quod
2570 2461 2890 2549 tempus
2924 2455 3028 2534 sit
3060 2475 3476 2537 numerus,
3505 2459 3584 2530 et
3609 2455 3884 2533 anima

2336 2593 2803 2654 numerans,
2856 2576 3009 2646 etc.
3045 2572 3239 2644 Vide
3282 2572 3389 2644 ibi
3448 2572 3878 2652 rationem,

2335 2693 2537 2764 Tota
2589 2694 2862 2763 autem
2895 2689 3161 2763 virtus
3206 2710 3370 2762 suae
3404 2689 3885 2780 rationis(ut

2338 2811 2560 2900 patet
2600 2827 2698 2878 ex
2779 2826 2925 2877 suo
2968 2811 3225 2897 textu)
3290 2806 3613 2885 videtur
3685 2827 3882 2888 esse,

2337 2928 2424 2997 ut
2466 2944 2648 2998 cum
2710 2927 3034 3015 tempus
3072 2926 3489 3001 mensuret
3539 2927 3884 3007 motum.

2334 3059 2495 3111 non
2532 3039 2796 3112 solum
2832 3043 2917 3112 ut
2954 3043 3222 3114 motus
3245 3037 3439 3116 dicit
3462 3038 3887 3134 quemdam

2335 3156 2762 3240 defluxum,
2812 3157 2943 3231 sed
2986 3160 3072 3231 ut
3123 3156 3317 3231 dicit
3394 3156 3806 3233 defluxum
3846 3178 3890 3230 a

2338 3275 2600 3367 priori
2646 3275 2726 3347 in
2760 3274 3211 3368 posterius;
3251 3295 3435 3349 cum
3486 3294 3646 3347 non
3718 3295 3890 3368 per-

2336 3392 2774 3484 pendamus
2806 3392 3205 3463 defluxum
3231 3412 3277 3463 a
3300 3390 3561 3484 priori
3587 3390 3675 3462 in
3712 3412 3891 3485 pos-

2337 3510 2622 3591 terius,
2659 3509 2815 3581 nisi
2863 3530 3006 3602 per
3038 3510 3396 3587 animam
3457 3530 3891 3587 numeran-

2337 3633 2629 3713 te1n,et
2660 3628 3290 3720 distinguentem
3356 3629 3581 3722 prius
3613 3649 3673 3702 a.
3714 3651 3893 3724 pos-

2335 3747 2653 3828 teriori,
2718 3767 2879 3820 non
2926 3747 3086 3821 erit
3129 3752 3477 3839 tempus,
3536 3746 3702 3819 nisi
3754 3768 3896 3839 per

2333 3860 2715 3939 animam,
2791 3860 2908 3931 sic
2978 3862 3545 3932 numerantem
3610 3862 3890 3951 partes

2334 3981 2627 4057 motus,
2719 3979 2800 4049 et
2876 3976 3361 4048 dividentem
3473 3974 3628 4047 hoc
3714 3997 3891 4049 esse

2338 4094 2589 4185 prius,
2636 4095 2713 4164 et
2749 4092 2897 4165 hoe
2929 4113 3106 4163 esse
3144 4091 3580 4184 posterius.

2428 4215 2523 4286 Et
2587 4211 2654 4287 si
2710 4210 3071 4287 dicamus
3141 4212 3437 4285 contra
3497 4208 3895 4287 Aristote-

2336 4332 2516 4411 lem,
2565 4327 2773 4421 quod
2818 4328 2987 4420 ipse
3036 4347 3192 4401 non
3254 4325 3648 4407 concedit,
3711 4347 3897 4418 quo-

2333 4447 2553 4519 niam
2588 4450 2909 4537 tempus
2945 4444 3051 4518 sit
3104 4442 3279 4515 sine
3309 4442 3611 4524 anima,
3686 4442 3897 4535 quod

2336 4564 2562 4656 prius
2604 4567 2684 4636 et
2723 4559 3129 4653 posterius
3167 4563 3351 4631 sunt
3390 4560 3469 4631 in
3530 4565 3764 4634 motu
3803 4558 3898 4629 si-

2333 4700 2429 4751 ne
2456 4679 2753 4759 anima,
2792 4678 2914 4749 vel
2965 4695 3124 4747 non
3158 4677 3344 4747 sunt
3368 4674 3540 4748 sine
3573 4676 3896 4749 anima:

2336 4796 2466 4867 sed
2511 4793 2872 4868 concedit
2918 4792 3123 4885 quod
3192 4796 3516 4885 tempus
3576 4812 3623 4863 a
3666 4790 3903 4865 nobis

2336 4933 2491 4984 non
2549 4910 3099 5004 perpenditur,
3139 4909 3298 4982 nisi
3344 4909 3571 5001 prius
3613 4913 3699 4982 et
3728 4929 3904 5001 pos-

2338 5028 2593 5103 terius
2659 5028 2736 5099 in
2790 5029 3015 5099 motu
3077 5027 3175 5098 ab
3244 5026 3520 5099 anima
3561 5045 3902 5119 perpen-

2333 5146 2598 5219 datur.
2648 5147 2826 5216 Non
2870 5145 2991 5215 ost
3062 5145 3337 5214 autem
3379 5142 3589 5214 bona
3651 5162 3904 5233 argu-

2339 5264 2761 5343 mentatio,
2846 5282 3003 5334 non
3060 5261 3464 5355 perpendo
3542 5265 3898 5354 tempus,

2334 5381 2458 5452 vel
2508 5385 2862 5461 motum;
2907 5398 3107 5470 ergo
3152 5384 3472 5471 tempus
3507 5382 3586 5451 et
3624 5383 3899 5452 motus

2337 5519 2495 5570 non
2584 5502 2793 5570 sunt.
2866 5497 3079 5571 Dicit
3139 5497 3352 5569 enim
3398 5496 3897 5570 Aristoteles

2344 5614 2548 5706 quod
2594 5612 2801 5686 sicut
2840 5610 3063 5707 prius
3098 5619 3178 5687 et
3243 5612 3657 5706 posterius
3704 5618 3895 5688 sunt
