4252 6393
1694 402 2053 479 QUAESTIO
2102 406 2179 469 IV
3449 407 3524 472 21

334 561 794 651 generabile
865 561 991 633 vel
1062 561 1641 654 corruptibile;
1694 582 1882 656 aug·

338 677 768 749 mentabile

336 813 632 884 corpus
692 793 1028 867 coeleste
1086 797 1470 867 neutrum
1527 793 1880 869 istorum

339 913 488 988 est;
524 926 752 998 erg0,
790 912 945 981 etc.

420 1060 804 1141 Secundo,
845 1059 914 1131 si
955 1080 1255 1152 corpus
1298 1061 1622 1135 coeleste
1660 1069 1877 1138 esset

333 1176 421 1248 de
464 1180 771 1250 natura
823 1175 1063 1268 igniS,
1123 1180 1609 1268 sequeretur
1668 1180 1877 1271 quod

335 1292 566 1364 unius
644 1293 1028 1387 corporis
1114 1293 1513 1387 simplicis
1602 1300 1876 1370 essent

335 1408 607 1500 plures
650 1413 924 1483 motus
978 1392 1393 1500 simplices
1436 1410 1872 1482 secundum

331 1531 712 1601 naturam
758 1552 774 1597 :
822 1546 1326 1620 consequens
1379 1525 1676 1599 falsum
1727 1547 1875 1620 per

329 1642 976 1736 suppositionem
1009 1642 1237 1736 prius
1265 1642 1642 1736 positam.
1681 1646 1870 1716 Pro·

325 1756 565 1834 batur
594 1759 1204 1852 consequentia,
1243 1760 1432 1851 quia
1465 1759 1721 1853 ipsius
1754 1780 1869 1832 es·

325 1883 446 1951 set
488 1881 761 1951 motus
795 1878 1258 1960 circularis,
1302 1883 1384 1953 et
1424 1880 1673 1955 etiam
1707 1900 1870 1952 mo·

321 2003 452 2073 tus
513 2016 871 2077 sursum,
921 1996 1056 2090 qui
1111 1996 1611 2071 naturaliter
1660 1997 1871 2069 inest

318 2116 510 2209 igni.

405 2272 713 2352 Tertio,
788 2269 1175 2361 arguitur
1246 2287 1393 2361 per
1462 2257 1868 2341 rationem

318 2386 826 2467 Aristotelis,
899 2384 1089 2477 quia
1156 2383 1224 2456 si
1294 2385 1584 2457 coelum
1651 2385 1869 2455 esset

319 2510 406 2580 de
446 2510 755 2580 natura
814 2503 1051 2594 igniS‚
1118 2507 1604 2595 sequeretur
1663 2502 1868 2594 quod

323 2624 733 2717 quodlibet
773 2622 991 2696 aliud
1021 2621 1512 2695 elementum
1537 2619 1711 2712 jam
1752 2641 1867 2691 es-

320 2745 437 2815 set
470 2744 1008 2834 corruptum:
1043 2758 1546 2830 consequens
1576 2741 1869 2811 contra

316 2858 943 2953 experientiam,
1004 2859 1105 2931 Et
1156 2855 1554 2949 probatur
1595 2874 1867 2927 conse-

320 2975 679 3068 quentia,
737 2974 927 3066 quia
960 2972 1170 3064 ignis
1219 2976 1437 3046 esset
1477 2970 1706 3042 valde
1738 2990 1867 3041 ex-

316 3092 632 3167 cessive
703 3109 1048 3181 magnus
1108 3089 1189 3160 in
1248 3086 1868 3179 comparatione

316 3213 406 3283 ad
428 3210 602 3283 alia
634 3208 1060 3290 elementa,
1097 3209 1178 3279 et
1202 3225 1346 3299 per
1367 3223 1867 3295 consequens

318 3349 565 3421 super
611 3327 793 3420 ipsa
835 3324 1238 3398 obtineret
1294 3320 1740 3394 dominium
1785 3319 1868 3393 in

317 3466 619 3537 magna
662 3442 1221 3538 proportione.

402 3615 756 3692 Quarto,
793 3607 1179 3698 arguitur
1211 3605 1419 3700 quod
1466 3604 1533 3676 si
1576 3602 1866 3677 coelum

311 3734 526 3804 esset
567 3730 669 3802 de
719 3733 1021 3801 natura
1078 3725 1319 3816 ignis,
1385 3726 1868 3815 sequeretur

314 3846 519 3938 quod
549 3861 973 3935 nunquam
1014 3838 1339 3933 aliquod
1378 3839 1865 3912 elementum

317 3964 581 4056 possit
613 3960 1077 4052 infrigidari
1110 3959 1331 4032 ultra
1363 3958 1703 4049 gradum
1728 3957 1866 4029 fri-

313 4079 717 4172 giditatis,
753 4097 988 4170 quem
1021 4076 1170 4149 sibi
1211 4074 1710 4150 naturaliter
1746 4074 1866 4146 de·

316 4199 742 4273 terminat.
805 4198 1319 4285 Consequens
1380 4195 1672 4265 contra
1739 4211 1866 4262 ex·

320 4313 841 4408 parientiam,
914 4309 1103 4402 quia
1154 4308 1516 4380 videmus
1575 4325 1867 4398 aquam

322 4429 797 4524 infrigidari
878 4447 1130 4519 usque
1197 4425 1293 4498 ad
1369 4422 1867 4513 coagulatio-

317 4572 520 4632 nem,
577 4553 667 4622 et
719 4550 994 4620 tamen
1038 4561 1250 4634 aqua
1297 4561 1457 4612 non
1496 4539 1870 4613 determi-

317 4674 452 4743 nat
496 4664 661 4739 sibi
699 4684 746 4735 a
784 4665 1085 4735 natura
1119 4656 1325 4751 quod
1357 4656 1464 4729 sit
1495 4656 1870 4747 coagula-

318 4792 423 4867 ta,
481 4786 654 4857 imo
702 4778 973 4873 potius
1022 4773 1409 4847 fluxibilis
1466 4777 1616 4846 est.
1683 4773 1870 4846 Ideo

318 4905 506 4978 dicit
547 4895 1046 4976 Aristoteles
1082 4895 1150 4965 2.
1194 4895 1277 4961 de
1327 4895 1525 4972 Coelo,
1562 4891 1713 4961 el2.
1760 4892 1873 4957 lm-

313 5028 444 5112 jus,
492 5017 712 5111 quod
744 5031 1068 5105 semper
1115 5029 1325 5101 aqua
1368 5007 1573 5101 petit
1606 5008 1873 5079 locum

326 5134 881 5210 decliviorem.
936 5127 1347 5200 Probatur
1385 5144 1874 5215 consequen-

327 5255 466 5338 tia,
532 5251 731 5344 quia
771 5264 1074 5337 corpus
1142 5243 1468 5316 coeleste
1533 5260 1716 5313 cum
1770 5239 1876 5313 sit

330 5373 415 5443 de
471 5374 785 5443 natura
846 5362 1083 5454 igniS,
1145 5381 1306 5432 non
1355 5359 1689 5432 haberet
1739 5356 1877 5428 ali-

334 5507 570 5578 quam
627 5482 1026 5553 virtutem
1086 5474 1629 5566 infrigidandi,
1705 5472 1877 5544 ideo

334 5624 489 5675 non
522 5599 883 5692 apparet
920 5593 1011 5666 de
1051 5612 1206 5683 quo
1249 5591 1410 5665 ista
1469 5587 1878 5679 frigiditas

1996 566 2612 657 produceretur,
2662 587 2836 660 quae
2869 566 3124 641 induit
3156 566 3534 641 ultimum

898 678 1027 749 vel
1118 676 1652 759 diminuibile;
1749 680 1882 753 sed
1994 684 2338 774 gradum
2372 684 2919 777 propositum.

2082 800 2380 884 Quinto
2433 801 2827 892 sequitur,
2889 801 3097 893 quod
3153 800 3392 874 multi
3434 799 3539 872 ef-

1990 915 2277 1000 fectus,
2316 939 2516 1010 quos
2549 917 3079 991 attribuimus
3113 919 3340 1000 coelo,
3377 938 3537 991 non

1990 1040 2330 1127 possunt
2374 1035 2645 1109 reduci
2693 1034 2775 1106 in
2805 1034 3095 1109 coelum
3147 1039 3535 1128 tanquam

1989 1150 2072 1223 in
2104 1172 2438 1226 causam
2469 1152 2981 1227 efficientem.
3018 1156 3537 1246 Consequens

1986 1268 2287 1342 falsum
2356 1278 2504 1363 per
2567 1270 3154 1363 praecedentem
3213 1270 3534 1344 conclu·

1989 1385 2328 1458 sionem.
2394 1388 2494 1459 Et
2566 1387 2970 1480 probatur
3040 1407 3533 1480 consequen-

1987 1504 2128 1586 tia,
2164 1503 2357 1595 quia
2386 1523 2547 1575 non
2581 1508 2928 1595 apparet
2970 1524 3222 1595 quare
3255 1525 3531 1578 secun-

1983 1619 2170 1690 dum
2233 1622 2546 1692 motum
2617 1617 2831 1710 ignis
2889 1618 3178 1695 fierent
3235 1620 3526 1703 fluxus,

1984 1739 2064 1809 et
2125 1734 2487 1807 refluxus
2549 1734 2830 1818 mariS,
2897 1739 2978 1809 et
3036 1734 3524 1828 hujusmodi,

1984 1850 2144 1924 nisi
2213 1852 2295 1923 in
2363 1852 2849 1945 corporibus
2908 1852 3392 1927 animalium
3446 1857 3529 1929 et

1981 1967 2477 2061 plantarum.

2072 2087 2343 2169 Sexto,
2377 2087 2647 2159 lumen
2669 2087 2872 2170 coeli,
2907 2092 2989 2162 et
3021 2088 3291 2160 lumen
3315 2087 3527 2179 ignis

1984 2201 2358 2295 specifice
2397 2204 3045 2295 distinguuntur;
3093 2204 3349 2298 igitur
3379 2227 3525 2279 coe·

1983 2319 2151 2391 lum
2217 2324 2299 2395 et
2368 2321 2581 2413 ignis
2656 2341 2819 2394 non
2895 2326 3083 2397 sunt
3167 2321 3525 2414 ejusdem

1980 2439 2322 2509 naturae.
2380 2438 2975 2530 Consequentia
3032 2443 3277 2521 tenet,
3341 2439 3529 2530 quia

1984 2573 2334 2645 quorum
2401 2555 2851 2631 accidentia
2920 2556 3263 2651 propria
3339 2561 3529 2631 sunt

1979 2669 2493 2743 diversarum
2551 2676 3068 2755 naturarum,
3144 2672 3304 2747 ista
3363 2693 3527 2746 non

1983 2791 2174 2861 sunt
2227 2788 2585 2881 ejusdem
2644 2794 2986 2864 naturae.
3042 2793 3145 2866 Et
3211 2797 3525 2866 antece·

1978 2904 2171 2977 dens
2204 2906 2631 2999 probatur,
2670 2906 2962 3000 primo,
3001 2909 3189 3001 quia
3231 2910 3371 2982 lux
3413 2910 3524 3001 ig·

1978 3021 2105 3093 nis
2171 3027 2296 3097 est
2364 3022 2716 3114 qualitas
2782 3025 3278 3101 naturaliter
3342 3047 3527 3100 con-

1981 3158 2322 3231 sequens
2374 3140 2994 3233 proportionem
3063 3142 3523 3236 primarum

1980 3256 2496 3350 qualitatum,
2546 3258 2858 3332 scilicet
2913 3259 3213 3336 fortem
3269 3260 3524 3351 diges-

1979 3372 2286 3446 tionem
2327 3372 2632 3446 humidi
2688 3374 3292 3450 inflammabilis
3338 3397 3522 3452 cum

1980 3489 2224 3572 sicco,
2280 3494 2361 3564 et
2402 3490 2574 3562 ideo
2610 3491 2903 3575 oleum,
2950 3494 3218 3587 adeps,
3265 3499 3345 3569 et
3385 3493 3523 3565 hu-

1970 3605 2325 3699 jusmodi
2369 3606 2725 3698 pinguia,
2757 3606 2957 3680 bene
2998 3614 3185 3683 sunt
3218 3610 3522 3684 inflam-

1980 3721 2342 3803 mabilia;
2380 3722 2614 3794 modo
2659 3722 2929 3794 lumen
2976 3724 3300 3800 coeleste
3330 3747 3523 3799 nun·

1980 3860 2222 3931 quam
2271 3839 2642 3931 sequitur
2681 3839 3143 3933 hujusmodi
3185 3844 3523 3935 qualita-

1977 3958 2126 4028 teS.

2072 4074 2433 4147 Secundo
2468 4074 2869 4167 probatur
2908 4076 3409 4160 antecedens,
3458 4078 3527 4150 si

1981 4188 2120 4261 lux
2170 4190 2409 4281 ignis,
2456 4196 2536 4266 et
2595 4190 2736 4263 lux
2775 4193 2955 4265 coeli
3004 4198 3277 4269 essent
3316 4194 3525 4287 ejus-

1980 4306 2157 4379 dem
2199 4312 2542 4390 naturae,
2602 4314 3085 4401 sequeretur
3134 4312 3340 4404 quod
3384 4313 3526 4384 ali-

1983 4446 2141 4518 qua
2200 4425 2406 4498 hora
2444 4427 2600 4499 diei
2649 4448 2697 4500 a
2751 4429 3086 4502 meridie
3138 4450 3390 4522 usque
3431 4432 3524 4503 ad

1984 4544 2363 4616 tenebras
2423 4544 2688 4620 noctis
2747 4551 3187 4638 appareret
3236 4545 3526 4618 hemis·

1982 4660 2383 4755 phaerium
2405 4662 2949 4737 consimiliter
2980 4664 3530 4739 illuminatum

1988 4778 2169 4851 luce
2211 4778 2450 4862 Solis,
2498 4779 2711 4854 sicut
2761 4780 3033 4872 aliqua
3075 4802 3267 4875 pars
3317 4784 3527 4876 ejus·
3623 4873 3624 4878 Ν

1984 4894 2162 4967 dem
2195 4900 2539 4989 apparet
2583 4896 3033 4969 illuminari
3075 4898 3376 4974 lumine
3418 4902 3528 4993 ig-

1987 5011 2140 5084 niS.
2213 5016 2734 5104 Consequens
2795 5019 2921 5089 est
2990 5015 3311 5099 falsum,
3369 5039 3531 5093 ma-

1987 5129 2208 5201 xime
2281 5130 2373 5201 de
2443 5128 2920 5222 quibusdam
2996 5132 3371 5219 floribus,
3454 5140 3536 5210 et

1987 5246 2315 5338 pannis,
2411 5248 2546 5338 qui
2641 5268 3052 5339 nunquam
3137 5259 3539 5346 apparent

1986 5362 2342 5454 ejusdem
2384 5362 2690 5436 coloris
2723 5365 2802 5437 in
2845 5366 3147 5439 lumine
3187 5369 3425 5460 ignis,
3462 5374 3543 5444 et

1992 5475 2071 5547 in
2133 5475 2435 5548 lumine
2496 5477 2733 5550 Solis.
2795 5482 3206 5556 Probatur
3262 5503 3538 5557 conse-

1993 5590 2346 5682 quentia,
2411 5593 2599 5683 quia
2647 5612 2695 5664 a
2746 5596 3079 5669 meridie
3138 5619 3389 5690 usque
3438 5602 3536 5674 ad
