4252 6393
129 930 149 978 l.

129 991 230 1042 ml.

1565 396 1922 474 QUAESTIO
1972 399 2044 461 Vl

264 562 613 632 creatura
655 554 735 629 in
768 556 895 629 sui
935 556 1256 631 actione
1298 575 1767 651 praesuppo-

261 677 364 750 nit
446 675 867 749 materiam
944 676 1287 767 propter
1365 673 1768 748 defectum

263 813 404 865 suae
439 790 963 866 actualitatis.

337 910 443 980 Ex
497 912 729 1000 parte
776 910 1161 977 primitae&
1226 907 1342 981 sic
1389 931 1405 976 :
1487 909 1767 982 Osten-

260 1046 412 1097 sum
465 1024 612 1100 fuit
671 1043 957 1118 supra,
1020 1025 1228 1118 quod
1293 1023 1763 1099 necessario

255 1143 566 1216 estdare
613 1162 864 1214 unum
915 1161 1164 1233 agens
1196 1140 1545 1216 formale
1576 1141 1764 1214 sim·

258 1260 547 1353 pliciter
597 1258 1005 1352 primum:
1078 1256 1147 1329 si
1205 1262 1479 1331 autem
1547 1261 1764 1332 esset

255 1377 461 1458 aliud,
493 1377 583 1450 de
623 1396 781 1468 quo
815 1378 1122 1466 ageret,
1172 1374 1379 1467 quod
1423 1378 1641 1448 esset
1687 1373 1761 1446 ei

252 1499 740 1574 coaeternum,
776 1512 939 1566 non
997 1495 1213 1565 esaet
1272 1490 1762 1583 simpliciter

254 1611 575 1703 primum
612 1636 628 1692 ;
668 1609 927 1702 igitur
958 1608 1341 1701 primitas
1382 1607 1529 1681 Dei
1573 1608 1759 1680 sim·

249 1726 540 1819 pliciter
608 1724 959 1818 requirit
1008 1725 1100 1797 de
1168 1723 1423 1797 nihilo
1484 1742 1755 1815 agere.

251 1847 420 1916 Cum
490 1842 748 1935 igitur
790 1841 1009 1916 ratio
1062 1840 1543 1934 primitatis,
1597 1859 1757 1911 non

250 1957 479 2049 possit
519 1956 960 2030 convenire
1018 1955 1264 2029 alicui
1322 1959 1753 2037 creaturae,

250 2071 716 2165 impossibile
754 2077 880 2147 est
921 2092 1208 2146 creare
1275 2072 1520 2145 alicui
1575 2092 1762 2145 con·

249 2190 492 2262 venire
523 2195 933 2264 creaturae
978 2214 992 2258 :
1042 2189 1203 2262 imo
1239 2190 1308 2261 si
1350 2194 1758 2263 creaturae

248 2307 690 2381 conveniret
757 2326 1070 2389 creare,
1123 2306 1198 2380 ei
1256 2306 1755 2388 conveniret,

249 2423 423 2512 quod
478 2422 773 2498 saltem
828 2421 1107 2496 ordine
1157 2425 1476 2495 naturae
1535 2419 1762 2493 habe·

249 2542 352 2611 ret
381 2538 868 2631 simpIIciter
900 2537 1410 2631 primitatem
1445 2557 1761 2630 respec-

249 2659 317 2728 tu
363 2656 756 2737 omnium,
831 2676 1006 2749 quae
1069 2659 1284 2737 sunt,
1338 2661 1418 2731 et
1497 2655 1615 2728 ita
1672 2654 1758 2728 il-

243 2772 380 2845 lam
451 2773 820 2848 eamdem
896 2771 1432 2866 primitatem,
1515 2792 1758 2864 quam

242 2887 448 2966 habet
476 2893 724 2965 DeuS.

316 3006 530 3088 Item,
599 3006 1036 3078 secundum
1098 3005 1464 3078 ordinem
1522 3023 1757 3097 agen-

239 3119 441 3207 tium,
519 3122 964 3194 secundum
1041 3120 1271 3215 prius
1356 3125 1439 3196 et
1496 3126 1759 3215 poste·

245 3237 413 3323 riuS,
461 3239 833 3313 videmus
876 3239 1085 3332 quod
1126 3236 1206 3311 in
1251 3258 1399 3310 sua
1439 3239 1761 3313 actione

242 3357 856 3449 praesupponunt
930 3354 1193 3447 magis
1284 3359 1367 3429 et
1464 3355 1756 3439 minus,

240 3472 415 3543 unde
456 3492 599 3544 ars
669 3471 1232 3565 praesupponit
1274 3471 1760 3566 productum

243 3604 281 3656 a
351 3593 674 3662 natura.
764 3589 882 3661 Ex
972 3608 1128 3681 quo
1213 3591 1465 3682 patet,
1555 3589 1761 3681 quod

242 3705 571 3794 agentia,
636 3724 812 3796 quae
890 3705 1153 3796 magis
1227 3704 1615 3777 accedunt
1666 3704 1759 3777 ad

240 3820 751 3911 primitatem,
883 3820 1149 3893 minus
1289 3839 1763 3914 praesuppo-

241 3942 467 4020 nunt;
533 3937 794 4029 igitur
848 3957 1028 4010 cum
1094 3936 1597 4031 impossibile
1655 3936 1763 4012 sit

245 4052 496 4126 ordine
531 4052 979 4144 agentium,
1028 4052 1235 4146 quod
1277 4052 1601 4144 aliquod
1654 4051 1762 4126 sit

244 4166 713 4261 simpliciter
791 4169 1150 4262 primum
1232 4168 1391 4241 nisi
1484 4188 1757 4250 unum,

241 4281 720 4375 impossibile
760 4290 886 4360 est
917 4284 1168 4360 etiam
1201 4285 1407 4379 quod
1440 4284 1762 4376 aliquod

242 4414 486 4488 agens,
522 4400 686 4473 nisi
727 4421 1000 4482 unum,
1053 4405 1248 4493 agat
1295 4399 1457 4473 nisi
1487 4399 1762 4492 aliquo

244 4517 852 4612 praesuppositO.

318 4629 537 4714 Item,
583 4652 770 4705 cum
837 4650 1086 4724 agens
1129 4634 1221 4707 de
1260 4631 1517 4706 nihilo
1557 4632 1763 4705 nihil

244 4752 806 4841 praesupponat
865 4748 1221 4833 omnin0,
1284 4748 1525 4823 habet
1576 4748 1762 4822 sim-

249 4858 546 4948 pliciter
613 4863 1154 4957 primitatem,
1233 4884 1327 4937 ac
1386 4884 1533 4957 per
1608 4863 1762 4937 hoc

244 4980 821 5062 aeternitatem
901 4980 1034 5056 cui
1098 5001 1300 5073 ergo
1387 4980 1768 5055 convenit

246 5096 455 5167 actus
576 5097 933 5180 creandi,
1042 5097 1425 5173 convenit
1548 5096 1765 5171 ratio

246 5204 331 5277 ab
449 5217 759 5288 aeterno
867 5215 1205 5286 essendi.
1328 5216 1453 5288 Ita
1573 5212 1768 5286 dicit

252 5319 464 5416 Ilugo
520 5328 607 5402 de
677 5328 946 5403 tribus
1041 5329 1351 5411 diebUS,
1422 5354 1569 5419 cap.
1652 5332 1762 5402 14.

253 5440 527 5527 Creator,
585 5446 871 5539 inquit,
928 5450 1064 5515 nisi
1105 5460 1388 5515 aeternus
1445 5470 1580 5515 esse
1633 5470 1769 5515 non

246 5569 455 5641 potest.
500 5564 695 5636 Cum
757 5582 962 5654 ergo
997 5562 1214 5637 ratio
1273 5562 1767 5637 aeternitatis

3307 403 3424 468 339

1882 559 2397 634 contradicat
2467 562 2687 636 omni
2755 566 3185 645 creaturae,
3252 584 3435 635 con-

1881 678 2230 753 tradicet
2268 683 2349 755 et
2383 701 2696 754 creare.

1971 794 2203 878 Item,
2242 797 2506 869 omnis
2541 798 2783 879 actio,
2822 819 2995 891 quae
3029 798 3230 871 nihil
3268 818 3428 871 om·
3456 825 3774 900 Actium-ea-

1877 909 2069 984 nino
2107 916 2298 986 ante
2334 935 2419 986 se
2481 915 3067 1008 praesupponit,
3117 915 3195 987 in
3238 936 3421 1007 quo,
3474 894 3771 1017 ’ξξὶζὲξζῖμ

1874 1026 2003 1100 vel
2042 1030 2137 1102 de
2178 1050 2334 1123 quo
2391 1031 2559 1113 fiat,
2622 1038 2747 1107 est
2791 1031 3299 1124 simpliciter,
3345 1037 3426 1107 et
3508 1019 3714 1080 mm·

1875 1142 1968 1216 de
2026 1165 2176 1217 sua
2218 1147 2537 1221 ratione
2571 1149 2788 1223 actio
2833 1149 3152 1241 prima:
3202 1169 3422 1221 crea-

1877 1260 1994 1336 tio
2037 1264 2161 1334 est
2200 1261 2698 1355 hujusmodi3
2745 1284 2944 1356 ergo
2976 1265 3066 1336 de
3102 1265 3422 1338 ratione

1876 1397 2024 1450 sua
2066 1379 2283 1452 actio
2329 1380 2595 1473 prima
2631 1405 2645 1449 :
2684 1382 2815 1453 sed
2858 1380 3072 1455 actio
3117 1382 3601 1474 simpli-Aeno
3636 1404 3764 1451 sim.

3509 1468 3613 1528 plin
3624 1468 3728 1514 ieet·

1875 1491 2084 1566 citer
2152 1494 2417 1587 prima
2457 1496 2943 1588 appropriat
2978 1496 3133 1568 sibi
3173 1515 3420 1587 agens
3446 1533 3648 1594 prima,
3676 1544 3765 1576 re-

1876 1608 2364 1702 simpliciter
2469 1613 2848 1705 primum,
2941 1613 3148 1704 quod
3245 1633 3421 1684 esse
3447 1591 3765 1721 aygssffssssfn,

1872 1743 2034 1796 non
2077 1730 2346 1819 potest
2378 1727 2535 1800 nisi
2577 1748 2829 1820 agens
2861 1729 3219 1802 divinum
3250 1753 3265 1809 ;
3302 1749 3422 1799 er·
3471 1718 3733 1846 pssffliissss.

1874 1859 1976 1932 go
2038 1843 2350 1917 creatio
2424 1864 2584 1916 non
2656 1849 2924 1939 potest
3012 1845 3170 1918 nisi
3248 1848 3418 1920 Deo

1876 1957 2141 2031 solum
2184 1960 2649 2033 convenire.

1962 2075 2195 2158 Item,
2270 2077 2599 2169 agentia
2669 2081 2921 2169 agunt
2990 2079 3420 2150 secundum

1875 2192 2082 2283 quod
2119 2192 2337 2265 inter
2406 2216 2489 2266 se
2532 2192 2830 2268 habent
2882 2195 3244 2268 rationes
3297 2216 3420 2267 ac-

1874 2307 2189 2381 tionum
2237 2332 2252 2377 :
2291 2310 2422 2381 sed
2459 2330 2692 2382 omne
2761 2329 3011 2400 agens
3051 2313 3418 2383 creatum

1873 2425 2436 2517 praesupponit
2479 2426 2909 2498 secundum
2944 2447 3123 2499 esse
3165 2444 3416 2516 agens

1873 2540 2265 2633 primum;
2337 2560 2537 2631 ergo
2594 2541 2857 2614 omnis
2919 2541 3136 2616 actio
3181 2560 3416 2631 agen-

1872 2656 1980 2731 tis
2050 2656 2308 2730 creati
2373 2659 2933 2751 praesupponit
3010 2658 3416 2731 actionem

1872 2771 2192 2865 agentis
2236 2772 2525 2865 primi:
2575 2774 2707 2845 sed
2741 2774 2959 2847 actio
3033 2773 3417 2847 termina-

1873 2893 2012 2963 tur
2050 2888 2149 2960 ad
2187 2888 2488 2982 aliquid
2523 2913 2539 2969 ;
2577 2907 2775 2980 ergo
2828 2890 3044 2964 actio
3087 2888 3420 2981 cujusli-

1871 3001 2006 3077 bet
2064 3004 2384 3094 a-gentis
2429 3005 2691 3078 creati
2768 3005 3241 3078 necessario
3279 3003 3418 3076 ali-

1876 3117 2061 3212 quid
2096 3120 2682 3213 praesupponit.

1964 3239 2083 3309 Ex
2115 3242 2707 3308 communicatione
2741 3241 3050 3321 actioni-5,
3090 3258 3264 3331 quae
3296 3242 3423 3311 cst

1875 3354 2215 3436 creatio,
2300 3354 2683 3444 arguitur
2753 3354 2920 3427 sic:
2963 3354 3423 3428 differentia

1874 3474 1999 3544 est
2034 3469 2250 3544 inter
2291 3468 2696 3543 actionem
2758 3469 3077 3560 agentis
3113 3470 3420 3542 increa-

1877 3585 1964 3667 ti,
2047 3592 2131 3663 et
2198 3587 2606 3660 actionem
2691 3587 3014 3678 agentis
3110 3587 3414 3667 creati:
3513 3580 3516 3584 ’

1878 3704 2262 3808 quoniam
2339 3704 2557 3778 actio
2651 3704 2968 3795 agentis
3073 3702 3421 3778 increati
3520 3757 3672 3806 Aen-0

1875 3842 2037 3895 non
2122 3820 2469 3912 requirit
2560 3820 2717 3893 nisi
2800 3820 2981 3902 duo,
3080 3820 3763 3903 scilicet,⁰³²²2‘²·³²‘⁷²-

3469 3885 3657 3944 creati,
3690 3892 3740 3931 et

1876 3955 2156 4028 agens,
2199 3939 2280 4009 et
2321 3938 2593 4008 actum
2664 3936 2832 4008 sive
2879 3937 3361 4029 productum
3401 3961 3415 4004 ε
3475 3946 3740 4054 oggettfi-fn

1878 4052 1945 4125 si
2021 4053 2237 4125 enim
2271 4052 2471 4125 nihil
2547 4057 2763 4126 esset
2805 4054 3315 4145 productum,
3345 4060 3425 4128 et
3468 4023 3754 4157 quaaa'ssy‘e-

1874 4168 2077 4242 nihil
2143 4173 2360 4242 esset
2394 4174 2692 4250 actum,
2731 4169 2956 4241 nulla
3014 4174 3229 4242 esset
3303 4191 3426 4242 ac·
3534 4139 3683 4181 ’‘⁰²‘'

1877 4287 1996 4361 tio
2033 4310 2048 4366 ;
2093 4304 2293 4375 ergo
2329 4283 2397 4356 si
2430 4289 2555 4359 est
2587 4284 2828 4365 actio,
2862 4289 3188 4377 oportet
3224 4286 3429 4377 quod

1878 4402 1988 4477 sit
2031 4401 2482 4495 producens
2559 4404 2640 4473 et
2684 4401 3172 4493 productum
3209 4425 3225 4469 :
3305 4422 3427 4474 ac·

1878 4518 1995 4592 tio
2091 4522 2364 4591 autem
2469 4520 2872 4590 creaturae
2958 4518 3430 4588 necessario

1879 4633 2046 4709 tria
2108 4631 2482 4724 requirit,
2555 4632 2930 4705 videlicet
2990 4651 3268 4723 agens,
3350 4638 3431 4707 ct

1878 4754 2155 4824 actum
2233 4748 2402 4821 sive
2444 4749 2954 4840 productum,
2990 4754 3071 4823 et
3130 4749 3432 4841 aliquid

1881 4884 2128 4958 super
2187 4864 2393 4956 quod
2445 4863 2830 4937 fundatur
2890 4864 3148 4937 actio..
3210 4865 3431 4948 Quod

1881 4986 2156 5055 autem
2232 4982 2502 5053 totum
2561 4979 2713 5052 hoc
2781 4981 3285 5072 requiratur,
3330 5004 3428 5054 ex

1879 5098 2186 5170 duobus
2229 5101 2452 5189 patet
2499 5122 2513 5165 ε
2553 5097 2856 5179 Primo,
2906 5098 3093 5190 quia
3126 5099 3430 5193 impos-

1884 5212 2115 5285 sibile
2155 5216 2304 5294 est,
2344 5213 2551 5304 quod
2584 5212 2800 5285 actio
2836 5213 2943 5287 sit
2979 5213 3186 5285 idem
3224 5215 3428 5307 quod

1882 5347 2159 5419 agens,
2237 5327 2589 5400 maxime
2631 5329 2847 5402 actio
2890 5349 3045 5421 qua
3081 5351 3213 5402 res
3248 5351 3430 5424 pro-

1881 5444 2232 5526 ducitur,
2289 5444 2438 5516 hoc
2501 5443 2714 5516 enim
2761 5444 3274 5536 simplicitati
3333 5448 3437 5519 di-

1879 5557 2089 5629 vinae
2132 5557 2556 5639 convenit;
2593 5575 2792 5648 ergo
2834 5563 3182 5651 oportet,
3232 5562 3438 5655 quod

3564 3282 3641 3330 15.
