4252 6393
456 2443 543 2496 3¹.

698 387 816 450 612
1857 381 1959 450 1)ss
2003 385 2272 450 RERUM
2316 381 2704 450 PRINCIPIO

686 557 772 626 ta
813 552 1153 645 positio;
1191 550 1448 642 igitur
1484 551 1638 626 hoc
1679 555 1806 625 est
1857 552 2233 631 materia,

686 675 775 745 ut
807 675 935 744 est
965 670 1111 742 sub
1142 669 1417 761 aliqua
1447 668 1741 742 forma.
1779 674 2035 753 Quam
2068 671 2236 744 for-

687 806 903 859 mam
943 808 1148 860 voco
1200 786 1556 860 formam
1595 787 2111 879 corporalem
2155 788 2236 859 in

687 920 985 994 genere
1054 902 1557 985 substantiae,
1616 924 1760 996 per
1820 923 2061 995 quam
2123 903 2235 976 in-

685 1025 810 1093 est
845 1020 1263 1110 quantitas
1310 1020 1679 1092 omnibus
1717 1020 2229 1112 corporibus.

687 1141 885 1211 Cum
966 1137 1222 1229 igitur
1295 1138 1440 1210 sub
1517 1137 1785 1211 forma
1853 1141 2234 1231 corporis

691 1254 1039 1329 materia
1081 1253 1343 1347 possit
1387 1273 1834 1333 remanere,
1889 1274 1984 1325 eo
2028 1253 2234 1344 quod

684 1371 780 1443 ad
820 1370 1126 1442 nullam
1158 1367 1509 1443 formam
1556 1371 2235 1443 contrarietatem

687 1485 948 1567 habet,
1003 1491 1091 1560 ut
1142 1487 1257 1558 sic
1315 1506 1456 1577 per
1499 1507 1582 1557 se
1615 1491 2229 1578 corrumpatur,

683 1607 764 1677 et
843 1605 1243 1695 praecedat
1326 1605 1404 1675 in
1485 1605 1830 1676 materia
1914 1625 2232 1677 omnem

687 1719 1040 1791 formam
1140 1723 1642 1809 generatam,
1726 1724 1806 1793 et
1887 1721 2003 1792 sie
2074 1741 2232 1792 non

688 1839 1067 1928 oporteat
1114 1835 1372 1928 ipsam
1420 1838 1844 1929 corrumpi
1880 1857 2024 1929 per
2055 1858 2233 1909 cor-

687 1950 1149 2042 ruptionem
1222 1951 1587 2042 snbjecti,
1653 1953 1973 2027 videtur
2027 1954 2233 2044 quod

684 2067 957 2138 eadem
1018 2070 1430 2159 quantitas
1490 2090 1831 2142 numero
1892 2075 2235 2163 propter

689 2182 1028 2274 subjecti
1087 2184 1590 2258 identitatem
1654 2190 2072 2260 remaneat
2155 2187 2232 2258 in

690 2305 1080 2388 generato
1128 2304 1209 2374 et
1260 2308 1681 2395 corrupte.

780 2418 924 2489 Est
968 2417 1225 2506 igitur
1277 2418 1624 2491 istorum
1681 2420 1978 2511 opinio,
2026 2422 2230 2511 quod

690 2530 903 2601 Deus
971 2531 1282 2605 creavit
1363 2533 1712 2624 primam
1796 2534 2231 2606 materia-m

690 2645 835 2716 sub
932 2645 1197 2719 forma
1294 2649 1857 2731 substantiali,
1948 2655 2028 2723 et
2115 2651 2231 2722 in-

687 2762 1231 2854 corruptibili,
1312 2765 1401 2835 de
1481 2784 1774 2852 genere
1853 2766 2231 2840 Substan-

684 2877 846 2956 tiae,
885 2897 1124 2969 quam
1159 2879 1821 2971 inseparabiliter
1861 2884 2233 2974 sequitur

686 2992 1126 3083 quantitas,
1192 2993 1360 3065 sive
1415 3015 1715 3088 corpus
1775 2997 1865 3068 de
1935 3018 2231 3088 genere

686 3109 1212 3191 Quantitatis,
1251 3131 1423 3202 quae
1457 3116 1581 3185 est
1625 3132 1769 3205 per
1809 3134 1893 3185 se
1927 3114 2229 3207 subjee-

688 3230 860 3298 tum
902 3229 1459 3317 generationis
1499 3234 1579 3302 et
1623 3232 2224 3323 corruptionis;

685 3343 916 3435 cujus
967 3343 1416 3434 corruptio,
1469 3346 1598 3417 vel
1649 3346 1967 3420 eductio
2028 3348 2230 3420 nulli

684 3457 957 3547 agenti
1002 3458 1274 3532 subest
1320 3460 1705 3542 naturali,
1742 3466 1820 3533 et
1853 3467 1977 3536 est
2010 3484 2230 3535 com-

688 3575 953 3645 munis
997 3575 1396 3647 terminus
1443 3596 1775 3649 manens
1840 3579 2039 3650 idem
2085 3601 2230 3650 nu-

689 3709 913 3761 mero
959 3688 1037 3760 in
1082 3696 1476 3781 generato
1530 3697 1609 3766 et
1664 3699 2084 3786 corrupto,
2150 3701 2229 3769 et

687 3806 801 3878 sie
866 3807 1279 3898 quantitas
1346 3815 1616 3881 manet
1676 3812 1975 3891 eadem,
2039 3812 2229 3903 quia

688 3943 922 3994 suum
974 3922 1526 3997 immediatum
1572 3926 2023 4017 subjectum
2071 3949 2229 3999 ma-

686 4042 817 4109 net
861 4059 1203 4111 numero
1249 4041 1476 4112 idem.

775 4155 1568 4247 Seddequalitatibus
1604 4159 2072 4247 symbolicis
2105 4167 2230 4235 est

683 4271 1031 4353 dubium,
1089 4274 1484 4363 quomodo
1537 4281 1876 4365 possunt
1933 4278 2227 4349 eaedem

690 4406 1113 4458 remanere
1155 4409 1498 4459 numero
1558 4415 1572 4458 :
1619 4410 1778 4461 non
1830 4392 2044 4463 enim
2103 4412 2227 4463 ea-

683 4524 864 4574 rum
929 4504 1382 4595 subjectum
1445 4510 1713 4598 potest
1770 4507 1924 4580 dici
1981 4514 2227 4582 mate-

687 4618 810 4689 ria
843 4619 986 4691 sub
1018 4618 1284 4691 forma
1318 4622 1762 4714 corporali,
1808 4624 1933 4696 vel
1977 4625 2225 4698 etiam

683 4736 1240 4827 subsequente,
1303 4740 1388 4809 ut
1446 4757 1589 4829 per
1634 4737 1781 4810 hoc
1830 4760 2226 4831 ponamus

682 4852 865 4924 illa-s
898 4855 1216 4926 easdem
1256 4874 1707 4936 remanere,
1756 4856 1942 4946 quia
1980 4864 2224 4933 mate-

686 4970 808 5041 ria
871 4970 1015 5042 sub
1070 4971 1340 5043 forma
1389 4972 1810 5062 corporali
1856 4978 2224 5046 remanet

679 5089 979 5162 eadem.
1075 5090 1541 5182 Subjectum
1630 5090 1844 5162 enim
1937 5092 2225 5164 talium

681 5205 1199 5296 qualitatum,
1256 5226 1412 5277 non
1464 5210 1591 5280 est
1632 5207 1787 5278 nisi
1822 5209 2226 5301 composi-

681 5326 854 5394 tum
896 5343 995 5395 ex
1028 5322 1378 5394 materia
1418 5327 1497 5395 et
1531 5323 1799 5395 forma
1832 5325 2220 5407 naturali,

676 5438 800 5509 vel
835 5438 1338 5519 elementari,
1387 5440 1590 5529 quod
1638 5440 1838 5511 idem
1882 5462 2225 5514 numero

678 5572 835 5624 non
873 5558 1142 5627 manet
1169 5554 1243 5624 in
1271 5558 1663 5641 generato
1686 5560 1766 5628 et
1798 5560 2222 5649 corrupte.

2456 554 2555 624 Et
2611 551 2886 623 dicunt
2946 550 3224 642 aliqui,
3301 552 3507 641 quod
3577 549 3871 641 quando

2345 667 2495 738 duo
2558 667 2918 759 subjecta
2982 668 3096 739 sic
3153 689 3237 738 se
3304 665 3621 747 habent,
3687 667 3878 759 quod

2350 804 2594 855 unum
2630 785 3062 856 secundum
3099 804 3183 854 se
3218 787 3480 856 totum
3537 783 3877 855 succedit

2346 901 2439 971 ad
2481 900 2719 980 aliud,
2780 904 2964 972 tunc
3017 919 3345 971 necesse
3386 903 3536 978 est,
3587 903 3672 971 ut
3728 918 3877 969 om·

2347 1017 2481 1089 nia
2522 1017 2969 1089 accidentia
3019 1016 3266 1109 primi
3319 1016 3659 1107 subjecti
3716 1016 3881 1108 ipso

2346 1139 2743 1226 corrupto
2779 1137 3447 1226 corrumpantur.
3486 1136 3586 1207 Et
3618 1153 3880 1225 quam-

2346 1249 2469 1320 vis
2541 1249 2618 1321 in
2690 1251 3055 1342 sequenti
3136 1251 3499 1342 subjecto
3589 1248 3881 1323 similia

2348 1368 2614 1460 specie
2682 1372 3213 1457 generentur,
3289 1368 3475 1459 quia
3541 1373 3734 1439 tunc
3798 1367 3880 1439 fit

2348 1484 2846 1576 interruptio
2892 1485 2971 1556 in
3015 1505 3218 1565 esse,
3268 1484 3440 1556 ideo
3497 1484 3635 1555 illa
3687 1483 3882 1555 aeci-

2345 1600 2638 1681 dentia,
2703 1601 2858 1673 etsi
2919 1601 3081 1674 sint
3153 1601 3426 1671 eadem
3489 1599 3757 1692 speeie
3810 1599 3882 1670 in

2352 1714 2510 1787 illis
2580 1718 2885 1789 duobus
2948 1716 3361 1808 subjectis,
3419 1719 3691 1787 tamen
3734 1733 3884 1786 non

2348 1835 2535 1903 sunt
2576 1831 2851 1902 eadem
2894 1850 3264 1911 numero,
3317 1829 3505 1922 quia
3555 1847 3881 1920 genera-

2346 1953 2517 2022 tum
2560 1953 2640 2021 et
2682 1952 3193 2040 corruptum,
3248 1953 3328 2021 et
3379 1947 3607 2039 prius
3660 1966 3880 2038 gene·

2349 2070 2645 2147 ratum,
2694 2085 2852 2138 non
2883 2068 3008 2138 est
3052 2065 3255 2137 idem
3297 2083 3664 2137 numero.

2434 2183 2651 2254 Unde
2695 2182 2759 2254 si
2808 2183 3004 2255 fiant
3046 2183 3200 2255 duo
3238 2181 3490 2271 ignes,
3538 2181 3651 2255 ita
3687 2182 3877 2273 quod

2350 2298 2614 2389 primo
2683 2301 3273 2371 consumantur
3330 2297 3554 2389 ligna
3621 2297 3873 2376 unius,

2343 2418 2424 2488 et
2493 2414 2656 2486 illis
2722 2414 3229 2506 consumptis
3299 2416 3879 2488 succendantur

2343 2531 2529 2612 alia,
2604 2530 3108 2623 impossibile
3157 2534 3282 2602 est
3350 2532 3557 2622 quod
3616 2532 3877 2603 eadem

2342 2645 2719 2718 caliditas
2753 2666 3120 2728 numero,
3178 2667 3352 2738 quae
3406 2645 3558 2719 fuit
3604 2645 3685 2717 in
3735 2645 3876 2738 pri-

2346 2780 2476 2833 mo
2532 2762 2737 2852 igne,
2792 2766 3211 2835 remaneat
3262 2761 3341 2833 in
3385 2762 3756 2835 secundo.
3805 2760 3877 2832 Si

2345 2882 2617 2950 autem
2650 2878 2803 2949 duo
2848 2877 3211 2970 subjecta
3244 2878 3359 2952 sic
3394 2900 3479 2948 se
3512 2879 3871 2956 habeant,

2347 2994 2554 3084 quod
2594 2998 2780 3067 ante
2825 2994 3066 3086 primi
3111 2994 3729 3086 corruptionem
3772 2997 3850 3066 to

2344 3109 2589 3181 talem
2669 3110 3103 3182 secundum
3183 3110 3333 3182 sibi
3403 3110 3877 3205 permiscea-

2342 3231 2512 3307 tur,
2587 3232 2675 3299 ut
2745 3227 3333 3317 quodammodo
3401 3228 3545 3301 fiat
3614 3248 3873 3305 unum,

2344 3345 2715 3435 sequitur
2759 3350 2974 3426 tune,
3033 3346 3238 3437 quod
3286 3347 3668 3438 qualitas,
3715 3366 3878 3438 quae

2344 3460 2498 3534 fuit
2548 3461 2627 3532 in
2692 3461 2955 3553 primo
3017 3461 3378 3553 subjecto
3428 3463 3703 3535 eadem
3751 3483 3879 3532 nu·

2344 3597 2594 3658 merO,
2660 3580 2931 3669 potest
2992 3578 3070 3649 in
3136 3580 3480 3650 secundo
3526 3580 3878 3672 subjecto

2348 3714 2794 3774 remanere,
2843 3694 3033 3786 quia
3066 3714 3209 3787 per
3241 3698 3670 3787 quamdam
3705 3718 3876 3771 con-

2346 3811 2884 3885 tinuationem
2917 3811 3245 3895 factam,
3273 3818 3400 3887 est
3434 3834 3678 3885 unum
3713 3813 3876 3885 sub-

2336 3929 2669 4020 jeetum.
2723 3929 2965 4000 Verbi
3008 3929 3305 4017 gratia,
3355 3930 3877 4003 incenduntur

2344 4044 2589 4133 ligna,
2627 4049 2707 4117 et
2750 4045 2837 4118 fit
2872 4043 3116 4136 ignis;
3152 4049 3232 4117 et
3264 4050 3698 4138 antequam
3742 4044 3869 4116 illa

2342 4166 2934 4235 consumantur
3024 4163 3385 4243 omnino,
3489 4165 3873 4237 adduntur

2343 4278 2505 4350 alia
2549 4278 2768 4369 ligna
2806 4278 3133 4371 primis;
3179 4284 3259 4353 et
3302 4280 3418 4353 sic
3447 4282 3717 4354 eadem
3756 4284 3869 4353 est

2343 4396 2720 4488 qualitas,
2759 4417 2933 4487 qua}
2976 4395 3126 4468 fuit
3164 4396 3244 4467 in
3287 4397 3575 4489 primis
3610 4396 3864 4488 lignis,

2341 4514 2420 4579 et
2468 4529 2641 4600 quse
2692 4513 3058 4582 remanet
3100 4507 3180 4580 in
3224 4509 3617 4591 secundis,
3696 4507 3865 4601 quia

2342 4646 2502 4696 non
2537 4629 2724 4698 sunt
2759 4624 3125 4717 subjecta
3158 4627 3529 4707 secunda,
3559 4626 3710 4699 nisi
3736 4643 3866 4719 per

2343 4742 2587 4833 primi
2660 4741 3003 4835 subjecti
3072 4743 3411 4816 totalem
3478 4744 3864 4835 interrup-

2340 4858 2670 4939 tionem,
2732 4863 2811 4931 et
2872 4859 3195 4932 secundi
3258 4861 3858 4937 successionem,

2342 4981 2427 5048 ut
2455 4996 2596 5067 per
2620 4975 2768 5048 hoc
2796 4981 3175 5068 oporteat
3197 4977 3690 5052 caliditatem
3718 4976 3861 5070 pri-

2342 5091 2449 5162 mi
2493 5096 2574 5165 et
2618 5091 2946 5163 secundi
3008 5091 3536 5186 interrumpi;
3601 5091 3863 5167 sedhic

2341 5208 2929 5299 quodammodo
3001 5213 3185 5281 sunt
3264 5230 3511 5282 unum
3581 5210 3862 5301 subjec-

2340 5329 2537 5404 tum,
2610 5329 2689 5397 et
2734 5325 2808 5395 in
2845 5326 3201 5415 quolibet
3232 5329 3424 5400 nata
3455 5332 3581 5403 est
3610 5326 3860 5401 eadem

2339 5440 2693 5532 qualitas
2772 5462 3112 5514 numero
3183 5444 3658 5517 conservari
3734 5460 3860 5537 per

2337 5557 3060 5632 continuationem.

3991 2184 4053 2236 32.
