4252 6393
729 369 850 432 528

712 548 986 623 agens,
1033 525 1393 607 existens
1447 533 1524 606 in
1575 535 1850 608 eadem
1895 536 2258 610 substan·

715 648 829 724 tia
863 651 1157 723 animae
1192 672 1374 724 cum
1407 652 1802 746 possibili,
1840 657 1918 725 et
1952 653 2030 724 vi
2068 654 2260 725 ima-

716 765 1083 858 ginativa
1124 769 1241 859 (ut
1277 772 1692 842 ostensum
1728 774 1851 843 est
1896 791 2146 862 supra
2183 770 2261 842 in

714 884 1161 976 quaestione
1204 884 1293 957 de
1339 885 1724 976 potentiis
1769 885 2087 975 animae)
2128 886 2263 959 dat

712 999 879 1073 vim
959 1000 1698 1094 phantasmatibus,
1793 1007 1881 1077 ut
1963 1003 2262 1094 absque

711 1116 1364 1193 consideratione
1391 1120 1860 1212 singularis,
1882 1123 2263 1193 moveant

715 1233 1189 1328 possibilem
1257 1235 1767 1313 intellectum
1847 1237 2077 1309 modo
2137 1258 2263 1309 su·

716 1351 992 1445 perius
1033 1353 1277 1429 dicto.
1352 1356 1455 1430 Et
1494 1352 1665 1428 haec
1724 1354 2173 1430 abstractio
2217 1376 2264 1427 a

712 1467 1295 1561 singularitate
1362 1491 1522 1545 non
1599 1476 1724 1547 est
1808 1471 2261 1544 abstractio

715 1583 1009 1668 realis;
1089 1605 1236 1661 nec
1292 1586 1383 1663 fit
1444 1608 1592 1682 per
1653 1587 2257 1678 migrationem,

709 1699 842 1774 vel
885 1701 1654 1797 multiplicationem
1698 1704 2049 1796 alicujus
2118 1703 2258 1785 rei,

710 1817 838 1891 vel
880 1818 1204 1912 speciei,
1252 1841 1426 1913 quae
1462 1820 1692 1914 prius
1725 1825 1906 1895 erat
1943 1820 2018 1892 in
2066 1820 2265 1892 ima-

712 1934 1103 2028 ginativa,
1196 1934 1277 2010 in
1356 1937 1865 2012 intellectum
1930 1938 2263 2030 possibi-

708 2054 896 2136 lem,
946 2052 1427 2147 inquantum
1473 2055 1695 2128 nulla
1759 2055 2067 2147 species
2122 2054 2262 2126 im-

713 2170 1130 2264 primitur,
1176 2193 1353 2265 quae
1386 2193 1545 2247 non
1586 2178 1769 2247 erat
1804 2174 2030 2266 prius
2068 2176 2261 2246 ima-

706 2285 987 2379 ginata
1030 2288 1175 2361 sub
1242 2289 1561 2363 ratione
1627 2290 2258 2382 singularitatis,

710 2403 856 2477 sub
916 2405 1239 2479 ratione
1309 2407 1827 2489 universalis,
1918 2407 2063 2479 sub
2105 2427 2261 2498 qua

714 2519 1036 2594 ratione
1074 2523 1341 2595 movet
1387 2521 1853 2615 possibilem
1903 2523 2259 2595 intellec-

712 2639 885 2709 tum
931 2659 946 2700 :
985 2639 1191 2730 quod
1249 2638 1567 2730 quidem
1630 2638 2092 2712 universale
2135 2642 2258 2711 est

711 2751 791 2824 in
856 2750 1320 2847 phantasia,
1391 2754 1613 2830 utin
1685 2754 2093 2848 subjecto;
2182 2756 2260 2827 in

713 2870 1130 2945 intellectu
1174 2874 1447 2946 autem
1528 2872 1898 2964 possibili
1959 2878 2045 2948 ut
2097 2894 2258 2944 mo-

707 3008 902 3062 vens
963 2987 1044 3061 in
1091 2991 1313 3063 moto
1359 2988 1645 3062 solum.
1704 2991 1913 3062 Dum
1983 2992 2258 3061 autem

710 3123 858 3179 sua
898 3103 1219 3180 actione
1286 3109 1630 3199 generat
1672 3105 1752 3179 in
1794 3128 1971 3179 esse
2031 3105 2256 3179 intel-

706 3222 1168 3306 lectionem,
1231 3243 1378 3318 per
1449 3223 1672 3297 illam
1745 3223 2258 3298 assimilatur

708 3339 1113 3434 objectum
1148 3338 1601 3414 intellectui
1640 3340 2041 3433 complete
2088 3361 2257 3413 mo-

701 3458 800 3531 do
880 3456 1258 3551 superius
1332 3455 1572 3540 dicto,
1654 3461 1733 3532 et
1816 3479 1959 3551 per
2028 3459 2253 3531 illam

699 3572 1059 3649 efficitur
1119 3573 1201 3648 in
1262 3573 1678 3650 intellectu
1758 3576 2125 3675 possibili
2167 3580 2254 3648 ut

703 3691 1129 3785 cognitum
1163 3690 1245 3764 in
1285 3695 1855 3784 cognoscente,
1892 3697 1970 3766 et
2026 3686 2255 3768 intel‘-

698 3808 999 3885 lectum
1079 3810 1160 3883 in
1255 3808 1784 3901 intelligente.
1878 3813 1975 3883 Et
2066 3812 2254 3903 quia

699 3944 948 4020 agens
1009 3926 1238 4020 quasi
1300 3926 1573 4000 lumen
1641 3931 1765 4000 est
1839 3928 2246 4020 possibile,

698 4040 1185 4136 phantasma
1251 4042 1596 4118 mixtum
1682 4063 1864 4115 cum
1950 4043 2254 4116 lumine

701 4160 1020 4252 agentis
1072 4164 1343 4234 movet
1378 4159 1877 4233 intellectum
1917 4161 2252 4254 possibi-

703 4276 884 4361 lem,
958 4277 1167 4351 sicut
1236 4276 1543 4370 specics
1613 4278 1920 4351 coloris
1993 4279 2252 4351 mixta

703 4392 867 4465 luci
902 4396 1171 4466 movet
1213 4390 1507 4465 visum.

795 4511 941 4585 Est
982 4514 1256 4584 autem
1290 4509 1422 4582 hic
1464 4513 1544 4583 et
1581 4509 1685 4583 ibi
1763 4511 2244 4592 differentia,

705 4622 897 4716 quia
935 4622 1078 4696 lux
1135 4626 1260 4696 est
1304 4622 1571 4697 forma
1613 4624 2136 4698 accidentalis
2171 4628 2249 4698 ct

704 4739 1133 4823 inhaerens,
1192 4739 1659 4816 intellectus
1692 4746 1965 4816 autem
2000 4762 2248 4832 agens

702 4876 864 4931 non
916 4861 1042 4933 est
1092 4855 1362 4932 forma
1422 4857 1945 4933 accidentalis
1998 4857 2250 4951 possi-

699 4973 912 5057 bilis,
968 4975 1102 5048 sed
1160 4974 1425 5049 solum
1465 4973 1591 5048 vis
1650 4976 1942 5055 activa,
1987 4979 2066 5047 et
2113 4996 2248 5067 po-

702 5088 963 5166 tentia
1038 5090 1764 5168 consubstantialis
1833 5090 1904 5163 ei
1976 5090 2249 5165 :sicut

699 5206 951 5284 etiam
1022 5210 1385 5301 uterque,
1463 5206 1773 5282 scilicet
1843 5226 2091 5296 agens
2170 5212 2249 5281 et

703 5323 1118 5419 possibilis
1147 5327 1272 5399 est
1314 5322 2041 5399 consubstantialis
2076 5323 2248 5396 ani-

706 5459 856 5513 mae
886 5438 1435 5515 intellectivae.

796 5558 939 5631 Est
990 5556 1241 5632 etiam
1301 5557 1465 5632 alia
1503 5555 1984 5638 differentia,
2062 5556 2251 5648 quia

1891 373 1993 434 DE
2032 372 2300 437 RERUM
2345 372 2731 438 PlllNClPIO

2376 533 2511 606 lux
2582 556 2737 606 non
2816 535 3080 606 solum
3161 534 3543 611 imm'utat
3602 536 3881 630 diapha-

2375 669 2590 727 num,
2641 649 2773 720 sed
2815 648 3064 722 etiam
3103 648 3300 724 sacit
3337 652 3546 743 quod
3583 651 3884 744 recipiat

2376 764 2548 854 ejus
2585 765 2932 857 speciem
2981 766 3494 858 impressam,
3575 767 3701 840 sed
3736 789 3887 860 pos·

2378 880 2634 952 sibilis
2680 883 2983 954 nullam
3033 885 3384 976 speciem
3437 885 3887 978 impressam

2381 998 2670 1091 recipit
2703 1022 2748 1070 a
2800 1001 3397 1094 phantasmate,
3465 1004 3598 1076 sed
3656 1005 3888 1077 solum

2381 1121 2754 1190 movetur
2796 1117 2893 1189 ab
2932 1140 3052 1202 cO,
3103 1123 3191 1193 ut
3235 1119 3541 1192 factum
3589 1124 3706 1193 est
3747 1119 3888 1190 uni-

2377 1233 2720 1315 versale,
2757 1234 3062 1307 lumine
3105 1237 3447 1326 agentis

2469 1351 2851 1432 Secundo,
2896 1351 3086 1433 dixi,
3126 1354 3334 1445 quod
3367 1352 3505 1424 lux
3541 1353 3891 1447 spiritua-

2379 1462 2504 1544 lis,
2572 1465 2885 1540 scilicet
2939 1466 3404 1543 intellectus
3485 1489 3752 1560 agens,
3819 1488 3892 1537 se

2377 1579 2612 1655 habet
2684 1583 2778 1654 ad
2853 1583 3456 1676 phantasmata,
3524 1587 3729 1660 sicut
3775 1585 3895 1655 lux

2377 1698 2838 1790 corporalis
2911 1701 3006 1772 ad
3065 1702 3411 1785 colores,
3477 1724 3663 1795 quia
3712 1702 3897 1774 sicut

2378 1813 2517 1886 lux
2549 1816 2682 1890 dat
2724 1819 2987 1892 colori
3031 1821 3457 1912 quamdam
3501 1819 3898 1895 actualita-

2381 1934 2540 2003 tem
2594 1937 2681 2007 ut
2733 1940 3054 2010 moveat
3098 1937 3446 2010 medium
3489 1942 3568 2010 et
3626 1938 3893 2017 visum,

2371 2048 2492 2140 ‚sic
2559 2047 3023 2125 intellectus
3075 2073 3324 2144 agens
3367 2054 3501 2128 dat
3546 2053 3897 2147 phantas-

2382 2167 2730 2241 matibus
2828 2170 3255 2261 quamdam
3352 2171 3898 2245 actualitatem

2376 2283 3027 2360 universalitatis
3090 2291 3176 2361 ut
3240 2293 3619 2362 moveant
3667 2285 3895 2381 possi·

2374 2399 2640 2471 bilem.
2683 2404 2826 2475 Est
2869 2406 3142 2476 autem
3175 2403 3664 2486 differentia,
3728 2401 3894 2495 quia

2377 2515 2747 2606 quamvis
2793 2517 2931 2589 lux
2986 2518 3114 2590 det
3157 2519 3418 2590 colori
3481 2522 3566 2592 ut
3604 2521 3899 2592 moveat

2375 2631 2640 2704 visum
2744 2655 2888 2726 per
2983 2635 3335 2727 speciem
3451 2641 3897 2729 separatam

2373 2767 2420 2819 a
2457 2749 2833 2831 materia,
2890 2754 3164 2823 tamen
3198 2751 3349 2826 hoc
3390 2757 3515 2827 est
3561 2775 3705 2846 per
3754 2772 3900 2844 spe·

2373 2863 2574 2936 ciem
2623 2866 3111 2959 impressam
3138 2889 3446 2962 organo
3485 2890 3499 2932 τ
3547 2871 3902 2963 phantas-

2376 2999 2500 3050 ma
2552 2985 2824 3055 autem
2879 2989 3146 3058 movet
3191 2984 3700 3058 intellectum
3744 2990 3823 3058 ut
3866 3003 3904 3053 a

2371 3097 2975 3172 conditionibus
3047 3101 3690 3193 particularibus
3750 3100 3901 3172 abs-

2371 3217 2759 3299 tractum,
2806 3222 2886 3292 et
2929 3218 3150 3291 nullo
3197 3221 3429 3292 modo
3473 3220 3545 3292 ei
3603 3241 3751 3313 per
3806 3237 3899 3294 sc,

2371 3335 2494 3406 vel
2561 3356 2704 3428 per
2784 3337 3132 3429 speciem
3206 3339 3723 3432 impressam,
3788 3335 3904 3408 sed

2372 3456 2636 3528 solum
2683 3457 2761 3529 in
2812 3458 3127 3533 ratione
3169 3460 3498 3550 cognita
3542 3461 3902 3554 conjunc·

2372 3575 2571 3643 tum.

2456 3691 2733 3765 Tertio
2773 3692 2963 3773 dixi,
3021 3694 3225 3786 quod
3270 3694 3474 3768 sicut
3537 3718 3619 3767 se
3682 3694 3905 3767 habet

2368 3806 2502 3877 lux
2528 3808 2622 3879 ad
2664 3809 3085 3892 visionem,
3119 3810 3234 3882 sic
3276 3832 3525 3903 agens
3570 3814 3662 3885 ad
3696 3810 3906 3885 intel-

2368 3923 2663 3997 lectum
2700 3948 2714 3962 ·
2752 3926 2939 4016 quia
2992 3928 3199 4002 sicut
3251 3927 3391 3999 lux
3430 3930 3564 4004 dat
3610 3948 3909 4020 organo

2369 4041 2630 4132 specie
2703 4041 3175 4127 informato,
3244 4050 3330 4120 ut
3399 4046 3735 4120 inclinet
3781 4065 3907 4137 po-

2368 4157 2708 4230 tentiam
2768 4159 2862 4231 ad
2909 4160 3028 4231 sui
3116 4163 3746 4255 perceptionem,
3802 4161 3906 4233 sic

2372 4274 2831 4348 intellectus
2894 4296 3142 4367 agens
3203 4277 3907 4370 phantasmatibus

2367 4392 2504 4464 dat
2535 4391 2724 4473 vim,
2769 4396 2852 4465 ιιι
2893 4391 3279 4466 inclinent
3317 4396 3785 4488 possibilem
3819 4392 3907 4464 ad

2366 4508 2489 4579 sui
2537 4509 3165 4601 perceptionem,
3245 4512 3476 4585 modo
3531 4511 3907 4606 superius

2364 4624 2604 4697 dicto.
2646 4627 2788 4697 Sed
2823 4631 2946 4701 est
2979 4627 3462 4710 differentia,
3546 4630 3732 4722 quia
3780 4627 3908 4700 da·

2366 4743 2859 4834 turspcciei,
2921 4745 3046 4815 vel
3110 4764 3420 4837 organo
3465 4745 3728 4839 specie
3779 4744 3888 4816 in·

2365 4858 2744 4940 formato,
2797 4865 2881 4934 ut
2926 4867 3198 4937 manet
3234 4863 3378 4935 sub
3435 4861 3910 4937 conditioni·

2361 4975 2504 5046 bus
2527 4975 3160 5067 particularibus
3180 5004 3193 5060 ;
3217 4977 3913 5071 phantasmatibus

2365 5095 2641 5163 autem
2705 5114 3119 5185 nunquam
3169 5095 3413 5169 datur
3464 5098 3603 5180 sic,
3651 5097 3778 5169 sed
3825 5099 3908 5166 ut

2365 5228 2508 5299 per
2574 5208 3317 5285 considerationem
3386 5211 3696 5287 factum
3782 5213 3906 5285 est

2364 5324 2853 5397 universale.
2905 5328 3048 5400 Est
3112 5327 3388 5410 etiam,
3455 5333 3543 5403 ut
3609 5330 3902 5405 dicunt,

2361 5440 2818 5516 differentia
2864 5448 3222 5536 exparte
3262 5444 3513 5530 visus,
3559 5450 3635 5519 et
3681 5443 3909 5520 intel-

2364 5557 2621 5634 lectus
2665 5580 2763 5632 ex
2827 5580 2983 5632 una
3047 5565 3303 5653 parte,
3367 5567 3448 5637 et
3516 5585 3614 5637 ex
3668 5564 3897 5656 parte
