<?xml version="1.0" encoding="UTF-8"?>
<!DOCTYPE html PUBLIC "-//W3C//DTD XHTML 1.0 Transitional//EN"
    "http://www.w3.org/TR/xhtml1/DTD/xhtml1-transitional.dtd">
<html xmlns="http://www.w3.org/1999/xhtml" xml:lang="en" lang="en">
 <head>
  <title>
</title>
<meta http-equiv="Content-Type" content="text/html;charset=utf-8" />
  <meta name='ocr-system' content='tesseract 3.04.00' />
  <meta name='ocr-capabilities' content='ocr_page ocr_carea ocr_par ocr_line ocrx_word'/>
</head>
<body>
  <div class='ocr_page' id='page_1' title='image "./joannisdunsscot03waddgoog_0157.png"; bbox 0 0 4252 6393; ppageno 0'>
   <div class='ocr_carea' id='block_1_1' title="bbox 1586 437 3449 521">
    <p class='ocr_par' dir='ltr' id='par_1_1' title="bbox 1586 437 3449 521">
     <span class='ocr_line' id='line_1_1' title="bbox 1586 437 3449 521; baseline 0.006 -13"><span class='ocrx_word' id='word_1_1' title='bbox 1586 437 1946 521; x_wconf 72' lang='lat' dir='ltr'>QUAEs‘rlo</span> <span class='ocrx_word' id='word_1_2' title='bbox 1998 445 2074 508; x_wconf 81' lang='lat' dir='ltr'>{V</span> <span class='ocrx_word' id='word_1_3' title='bbox 3341 455 3449 520; x_wconf 70' lang='lat'>145</span> 
     </span>
    </p>
   </div>
   <div class='ocr_carea' id='block_1_2' title="bbox 300 606 3456 935">
    <p class='ocr_par' dir='ltr' id='par_1_2' title="bbox 300 606 3456 935">
     <span class='ocr_line' id='line_1_2' title="bbox 302 606 3454 702; baseline 0.004 -23"><span class='ocrx_word' id='word_1_4' title='bbox 302 607 587 702; x_wconf 76' lang='lat' dir='ltr'>vaporis</span> <span class='ocrx_word' id='word_1_5' title='bbox 633 608 909 698; x_wconf 75' lang='lat' dir='ltr'>frigidi</span> <span class='ocrx_word' id='word_1_6' title='bbox 973 606 1439 701; x_wconf 74' lang='lat' dir='ltr'>interpositi</span> <span class='ocrx_word' id='word_1_7' title='bbox 1483 632 1497 676; x_wconf 75' lang='grc' dir='ltr'>ε</span> <span class='ocrx_word' id='word_1_8' title='bbox 1545 626 1592 678; x_wconf 86' lang='lat' dir='ltr'>a</span> <span class='ocrx_word' id='word_1_9' title='bbox 1641 626 1799 697; x_wconf 85' lang='lat' dir='ltr'>qua</span> <span class='ocrx_word' id='word_1_10' title='bbox 1914 626 2207 697; x_wconf 89' lang='lat' dir='ltr'>magno</span> <span class='ocrx_word' id='word_1_11' title='bbox 2251 610 2474 693; x_wconf 88' lang='lat' dir='ltr'>flatu,</span> <span class='ocrx_word' id='word_1_12' title='bbox 2512 631 2604 684; x_wconf 90' lang='lat' dir='ltr'>ac</span> <span class='ocrx_word' id='word_1_13' title='bbox 2639 614 2706 685; x_wconf 89' lang='lat' dir='ltr'>si</span> <span class='ocrx_word' id='word_1_14' title='bbox 2748 614 3154 690; x_wconf 87' lang='lat' dir='ltr'>violenter</span> <span class='ocrx_word' id='word_1_15' title='bbox 3188 620 3454 692; x_wconf 77' lang='lat' dir='ltr'>suffla·</span> 
     </span>
     <span class='ocr_line' id='line_1_3' title="bbox 304 723 3455 818; baseline 0.003 -19"><span class='ocrx_word' id='word_1_16' title='bbox 304 727 578 799; x_wconf 86' lang='lat' dir='ltr'>ratione</span> <span class='ocrx_word' id='word_1_17' title='bbox 615 725 1244 799; x_wconf 68' lang='lat' dir='ltr'>contrarietatis</span> <span class='ocrx_word' id='word_1_18' title='bbox 1306 723 1799 818; x_wconf 81' lang='lat' dir='ltr'>propellitur</span> <span class='ocrx_word' id='word_1_19' title='bbox 1913 727 2169 805; x_wconf 91' lang='lat' dir='ltr'>retur,</span> <span class='ocrx_word' id='word_1_20' title='bbox 2266 726 2477 800; x_wconf 89' lang='lat' dir='ltr'>sicut</span> <span class='ocrx_word' id='word_1_21' title='bbox 2552 730 2745 803; x_wconf 82' lang='lat' dir='ltr'>(licit</span> <span class='ocrx_word' id='word_1_22' title='bbox 2817 732 3306 806; x_wconf 85' lang='lat' dir='ltr'>Aristoteles</span> <span class='ocrx_word' id='word_1_23' title='bbox 3365 737 3455 807; x_wconf 91' lang='lat' dir='ltr'>de</span> 
     </span>
     <span class='ocr_line' id='line_1_4' title="bbox 300 839 3456 935; baseline 0.003 -23"><span class='ocrx_word' id='word_1_24' title='bbox 300 842 660 921; x_wconf 84' lang='lat' dir='ltr'>deorsum,</span> <span class='ocrx_word' id='word_1_25' title='bbox 709 847 789 915; x_wconf 91' lang='lat' dir='ltr'>et</span> <span class='ocrx_word' id='word_1_26' title='bbox 822 843 1011 935; x_wconf 86' lang='lat' dir='ltr'>quia</span> <span class='ocrx_word' id='word_1_27' title='bbox 1045 842 1395 915; x_wconf 87' lang='lat' dir='ltr'>materia</span> <span class='ocrx_word' id='word_1_28' title='bbox 1435 841 1639 912; x_wconf 85' lang='lat' dir='ltr'>levis</span> <span class='ocrx_word' id='word_1_29' title='bbox 1671 844 1797 914; x_wconf 88' lang='lat' dir='ltr'>cst</span> <span class='ocrx_word' id='word_1_30' title='bbox 1912 839 2384 930; x_wconf 82' lang='lat' dir='ltr'>quibusdam</span> <span class='ocrx_word' id='word_1_31' title='bbox 2439 847 2845 919; x_wconf 89' lang='lat' dir='ltr'>montibus</span> <span class='ocrx_word' id='word_1_32' title='bbox 2894 849 3216 922; x_wconf 60' lang='lat' dir='ltr'>Sicilire.</span> <span class='ocrx_word' id='word_1_33' title='bbox 3277 853 3456 923; x_wconf 84' lang='lat' dir='ltr'>Una</span> 
     </span>
    </p>
   </div>
   <div class='ocr_carea' id='block_1_3' title="bbox 283 957 1816 5816">
    <p class='ocr_par' dir='ltr' id='par_1_3' title="bbox 290 957 1798 2565">
     <span class='ocr_line' id='line_1_5' title="bbox 302 957 1797 1038; baseline -0.001 -11"><span class='ocrx_word' id='word_1_34' title='bbox 302 962 364 1030; x_wconf 83' lang='lat' dir='ltr'>et</span> <span class='ocrx_word' id='word_1_35' title='bbox 394 958 757 1031; x_wconf 87' lang='lat' dir='ltr'>inclinata</span> <span class='ocrx_word' id='word_1_36' title='bbox 794 977 1148 1038; x_wconf 87' lang='lat' dir='ltr'>sursum,</span> <span class='ocrx_word' id='word_1_37' title='bbox 1199 957 1373 1030; x_wconf 84' lang='lat' dir='ltr'>ideo</span> <span class='ocrx_word' id='word_1_38' title='bbox 1419 961 1797 1030; x_wconf 75' lang='lat' dir='ltr'>movetur</span> 
     </span>
     <span class='ocr_line' id='line_1_6' title="bbox 301 1071 1795 1168; baseline 0 -26"><span class='ocrx_word' id='word_1_39' title='bbox 301 1072 377 1142; x_wconf 84' lang='lat' dir='ltr'>ad</span> <span class='ocrx_word' id='word_1_40' title='bbox 403 1071 623 1152; x_wconf 82' lang='lat' dir='ltr'>latus,</span> <span class='ocrx_word' id='word_1_41' title='bbox 660 1077 740 1146; x_wconf 88' lang='lat' dir='ltr'>et</span> <span class='ocrx_word' id='word_1_42' title='bbox 795 1094 952 1144; x_wconf 85' lang='lat' dir='ltr'>una</span> <span class='ocrx_word' id='word_1_43' title='bbox 990 1076 1223 1168; x_wconf 85' lang='lat' dir='ltr'>parte</span> <span class='ocrx_word' id='word_1_44' title='bbox 1259 1077 1507 1154; x_wconf 89' lang='lat' dir='ltr'>mota,</span> <span class='ocrx_word' id='word_1_45' title='bbox 1557 1091 1795 1164; x_wconf 86' lang='lat' dir='ltr'>prop-</span> 
     </span>
     <span class='ocr_line' id='line_1_7' title="bbox 303 1189 1794 1264; baseline -0.002 -2"><span class='ocrx_word' id='word_1_46' title='bbox 303 1195 407 1262; x_wconf 86' lang='lat' dir='ltr'>ter</span> <span class='ocrx_word' id='word_1_47' title='bbox 433 1190 657 1264; x_wconf 80' lang='lat' dir='ltr'>levita</span> <span class='ocrx_word' id='word_1_48' title='bbox 672 1194 834 1264; x_wconf 90' lang='lat' dir='ltr'>tem</span> <span class='ocrx_word' id='word_1_49' title='bbox 862 1192 957 1263; x_wconf 85' lang='lat' dir='ltr'>ad</span> <span class='ocrx_word' id='word_1_50' title='bbox 990 1190 1236 1264; x_wconf 88' lang='lat' dir='ltr'>aliam</span> <span class='ocrx_word' id='word_1_51' title='bbox 1269 1191 1630 1264; x_wconf 80' lang='lat' dir='ltr'>faciliter</span> <span class='ocrx_word' id='word_1_52' title='bbox 1656 1189 1794 1260; x_wconf 91' lang='lat' dir='ltr'>im·</span> 
     </span>
     <span class='ocr_line' id='line_1_8' title="bbox 302 1305 1793 1398; baseline 0.001 -22"><span class='ocrx_word' id='word_1_53' title='bbox 302 1306 591 1398; x_wconf 82' lang='lat' dir='ltr'>pellitur</span> <span class='ocrx_word' id='word_1_54' title='bbox 623 1328 985 1381; x_wconf 88' lang='lat' dir='ltr'>unacum</span> <span class='ocrx_word' id='word_1_55' title='bbox 1029 1329 1242 1390; x_wconf 89' lang='lat' dir='ltr'>aere,</span> <span class='ocrx_word' id='word_1_56' title='bbox 1280 1311 1360 1381; x_wconf 87' lang='lat' dir='ltr'>et</span> <span class='ocrx_word' id='word_1_57' title='bbox 1395 1308 1510 1379; x_wconf 90' lang='lat' dir='ltr'>sic</span> <span class='ocrx_word' id='word_1_58' title='bbox 1539 1305 1793 1381; x_wconf 90' lang='lat' dir='ltr'>conti·</span> 
     </span>
     <span class='ocr_line' id='line_1_9' title="bbox 300 1426 1793 1518; baseline 0.001 -24"><span class='ocrx_word' id='word_1_59' title='bbox 300 1429 560 1497; x_wconf 85' lang='lat' dir='ltr'>nuatur</span> <span class='ocrx_word' id='word_1_60' title='bbox 616 1430 907 1499; x_wconf 83' lang='lat' dir='ltr'>ventus</span> <span class='ocrx_word' id='word_1_61' title='bbox 976 1427 1109 1499; x_wconf 90' lang='lat' dir='ltr'>ille</span> <span class='ocrx_word' id='word_1_62' title='bbox 1171 1446 1422 1518; x_wconf 90' lang='lat' dir='ltr'>usque</span> <span class='ocrx_word' id='word_1_63' title='bbox 1482 1426 1575 1497; x_wconf 88' lang='lat' dir='ltr'>ad</span> <span class='ocrx_word' id='word_1_64' title='bbox 1634 1443 1793 1497; x_wconf 91' lang='lat' dir='ltr'>ma·</span> 
     </span>
     <span class='ocr_line' id='line_1_10' title="bbox 300 1543 1795 1635; baseline 0.001 -24"><span class='ocrx_word' id='word_1_65' title='bbox 300 1559 503 1628; x_wconf 77' lang='lat' dir='ltr'>gnam</span> <span class='ocrx_word' id='word_1_66' title='bbox 541 1543 1039 1625; x_wconf 79' lang='lat' dir='ltr'>distantiam,</span> <span class='ocrx_word' id='word_1_67' title='bbox 1088 1563 1505 1635; x_wconf 81' lang='lat' dir='ltr'>quousque</span> <span class='ocrx_word' id='word_1_68' title='bbox 1549 1546 1795 1614; x_wconf 87' lang='lat' dir='ltr'>mate·</span> 
     </span>
     <span class='ocr_line' id='line_1_11' title="bbox 300 1655 1792 1753; baseline 0.001 -27"><span class='ocrx_word' id='word_1_69' title='bbox 300 1655 401 1727; x_wconf 85' lang='lat' dir='ltr'>ria</span> <span class='ocrx_word' id='word_1_70' title='bbox 453 1656 557 1729; x_wconf 86' lang='lat' dir='ltr'>sic</span> <span class='ocrx_word' id='word_1_71' title='bbox 596 1659 967 1751; x_wconf 81' lang='lat' dir='ltr'>dispersa</span> <span class='ocrx_word' id='word_1_72' title='bbox 1020 1680 1164 1753; x_wconf 92' lang='lat' dir='ltr'>per</span> <span class='ocrx_word' id='word_1_73' title='bbox 1215 1664 1493 1753; x_wconf 87' lang='lat' dir='ltr'>partes</span> <span class='ocrx_word' id='word_1_74' title='bbox 1538 1656 1792 1729; x_wconf 82' lang='lat' dir='ltr'>diver-</span> 
     </span>
     <span class='ocr_line' id='line_1_12' title="bbox 297 1774 1796 1858; baseline 0.002 -18"><span class='ocrx_word' id='word_1_75' title='bbox 297 1792 429 1853; x_wconf 85' lang='lat' dir='ltr'>sas,</span> <span class='ocrx_word' id='word_1_76' title='bbox 467 1781 995 1850; x_wconf 84' lang='lat' dir='ltr'>consumatur</span> <span class='ocrx_word' id='word_1_77' title='bbox 1026 1795 1072 1846; x_wconf 84' lang='lat' dir='ltr'>a</span> <span class='ocrx_word' id='word_1_78' title='bbox 1115 1775 1323 1858; x_wconf 90' lang='lat' dir='ltr'>Sole,</span> <span class='ocrx_word' id='word_1_79' title='bbox 1372 1780 1461 1850; x_wconf 90' lang='lat' dir='ltr'>ut</span> <span class='ocrx_word' id='word_1_80' title='bbox 1491 1774 1796 1847; x_wconf 85' lang='lat' dir='ltr'>(lictum</span> 
     </span>
     <span class='ocr_line' id='line_1_13' title="bbox 295 1889 1796 1984; baseline 0.001 -22"><span class='ocrx_word' id='word_1_81' title='bbox 295 1889 442 1962; x_wconf 80' lang='lat' dir='ltr'>fuit.</span> <span class='ocrx_word' id='word_1_82' title='bbox 476 1894 827 1966; x_wconf 73' lang='lat' dir='ltr'>Secundo</span> <span class='ocrx_word' id='word_1_83' title='bbox 867 1892 1070 1974; x_wconf 80' lang='grc' dir='ltr'>(Ιίοο,</span> <span class='ocrx_word' id='word_1_84' title='bbox 1118 1892 1324 1984; x_wconf 82' lang='lat' dir='ltr'>quod</span> <span class='ocrx_word' id='word_1_85' title='bbox 1358 1892 1796 1964; x_wconf 84' lang='lat' dir='ltr'>secundum</span> 
     </span>
     <span class='ocr_line' id='line_1_14' title="bbox 293 2007 1793 2099; baseline 0 -21"><span class='ocrx_word' id='word_1_86' title='bbox 293 2009 769 2098; x_wconf 84' lang='lat' dir='ltr'>Astrologos,</span> <span class='ocrx_word' id='word_1_87' title='bbox 807 2014 931 2082; x_wconf 87' lang='lat' dir='ltr'>est</span> <span class='ocrx_word' id='word_1_88' title='bbox 964 2029 1250 2080; x_wconf 83' lang='lat' dir='ltr'>verum</span> <span class='ocrx_word' id='word_1_89' title='bbox 1285 2008 1493 2099; x_wconf 88' lang='lat' dir='ltr'>quod</span> <span class='ocrx_word' id='word_1_90' title='bbox 1514 2008 1609 2079; x_wconf 86' lang='lat' dir='ltr'>ad</span> <span class='ocrx_word' id='word_1_91' title='bbox 1640 2007 1793 2079; x_wconf 93' lang='lat' dir='ltr'>hoc</span> 
     </span>
     <span class='ocr_line' id='line_1_15' title="bbox 294 2124 1797 2218; baseline 0.001 -26"><span class='ocrx_word' id='word_1_92' title='bbox 294 2124 566 2198; x_wconf 79' lang='lat' dir='ltr'>faciunt</span> <span class='ocrx_word' id='word_1_93' title='bbox 636 2125 1101 2206; x_wconf 79' lang='lat' dir='ltr'>influentiae,</span> <span class='ocrx_word' id='word_1_94' title='bbox 1175 2130 1257 2199; x_wconf 92' lang='lat' dir='ltr'>et</span> <span class='ocrx_word' id='word_1_95' title='bbox 1323 2124 1797 2218; x_wconf 85' lang='lat' dir='ltr'>specialiter</span> 
     </span>
     <span class='ocr_line' id='line_1_16' title="bbox 294 2241 1797 2334; baseline -0.001 -23"><span class='ocrx_word' id='word_1_96' title='bbox 294 2241 467 2331; x_wconf 86' lang='lat' dir='ltr'>quod</span> <span class='ocrx_word' id='word_1_97' title='bbox 495 2242 1194 2323; x_wconf 84' lang='lat' dir='ltr'>constellationes,</span> <span class='ocrx_word' id='word_1_98' title='bbox 1247 2262 1593 2334; x_wconf 88' lang='lat' dir='ltr'>quarum</span> <span class='ocrx_word' id='word_1_99' title='bbox 1638 2259 1797 2311; x_wconf 88' lang='lat' dir='ltr'>una</span> 
     </span>
     <span class='ocr_line' id='line_1_17' title="bbox 290 2355 1798 2431; baseline 0.001 -5"><span class='ocrx_word' id='word_1_100' title='bbox 290 2368 453 2430; x_wconf 85' lang='lat' dir='ltr'>nata</span> <span class='ocrx_word' id='word_1_101' title='bbox 482 2361 603 2430; x_wconf 89' lang='lat' dir='ltr'>est</span> <span class='ocrx_word' id='word_1_102' title='bbox 659 2379 990 2431; x_wconf 84' lang='lat' dir='ltr'>movere</span> <span class='ocrx_word' id='word_1_103' title='bbox 1048 2357 1657 2431; x_wconf 81' lang='lat' dir='ltr'>exhalationem</span> <span class='ocrx_word' id='word_1_104' title='bbox 1699 2355 1798 2429; x_wconf 88' lang='lat' dir='ltr'>ab</span> 
     </span>
     <span class='ocr_line' id='line_1_18' title="bbox 292 2473 1458 2565; baseline 0.002 -25"><span class='ocrx_word' id='word_1_105' title='bbox 292 2491 424 2543; x_wconf 63' lang='lat' dir='ltr'>una</span> <span class='ocrx_word' id='word_1_106' title='bbox 464 2476 713 2565; x_wconf 88' lang='lat' dir='ltr'>parte,</span> <span class='ocrx_word' id='word_1_107' title='bbox 748 2478 830 2548; x_wconf 89' lang='lat' dir='ltr'>et</span> <span class='ocrx_word' id='word_1_108' title='bbox 864 2473 1027 2546; x_wconf 84' lang='lat' dir='ltr'>alia</span> <span class='ocrx_word' id='word_1_109' title='bbox 1059 2474 1155 2545; x_wconf 84' lang='lat' dir='ltr'>ad</span> <span class='ocrx_word' id='word_1_110' title='bbox 1184 2473 1458 2546; x_wconf 87' lang='lat' dir='ltr'>aliam.</span> 
     </span>
    </p>

    <p class='ocr_par' dir='ltr' id='par_1_4' title="bbox 283 2591 1801 4656">
     <span class='ocr_line' id='line_1_19' title="bbox 367 2591 1795 2684; baseline 0 -23"><span class='ocrx_word' id='word_1_111' title='bbox 367 2592 470 2662; x_wconf 83' lang='lat' dir='ltr'>Ex</span> <span class='ocrx_word' id='word_1_112' title='bbox 511 2591 688 2665; x_wconf 87' lang='lat' dir='ltr'>istis</span> <span class='ocrx_word' id='word_1_113' title='bbox 741 2596 967 2684; x_wconf 82' lang='lat' dir='ltr'>patet</span> <span class='ocrx_word' id='word_1_114' title='bbox 1019 2612 1317 2684; x_wconf 83' lang='lat' dir='ltr'>magna</span> <span class='ocrx_word' id='word_1_115' title='bbox 1356 2591 1795 2665; x_wconf 84' lang='lat' dir='ltr'>diversitas</span> 
     </span>
     <span class='ocr_line' id='line_1_20' title="bbox 293 2706 1797 2802; baseline 0.003 -27"><span class='ocrx_word' id='word_1_116' title='bbox 293 2706 733 2797; x_wconf 89' lang='lat' dir='ltr'>opinionum</span> <span class='ocrx_word' id='word_1_117' title='bbox 773 2709 865 2780; x_wconf 86' lang='lat' dir='ltr'>de</span> <span class='ocrx_word' id='word_1_118' title='bbox 916 2707 1320 2802; x_wconf 89' lang='lat' dir='ltr'>principio</span> <span class='ocrx_word' id='word_1_119' title='bbox 1384 2706 1573 2782; x_wconf 84' lang='lat' dir='ltr'>talis</span> <span class='ocrx_word' id='word_1_120' title='bbox 1637 2728 1797 2780; x_wconf 92' lang='lat' dir='ltr'>mo-</span> 
     </span>
     <span class='ocr_line' id='line_1_21' title="bbox 292 2825 1798 2919; baseline 0.001 -24"><span class='ocrx_word' id='word_1_121' title='bbox 292 2826 421 2897; x_wconf 87' lang='lat' dir='ltr'>tus.</span> <span class='ocrx_word' id='word_1_122' title='bbox 464 2828 663 2897; x_wconf 90' lang='lat' dir='ltr'>Nam</span> <span class='ocrx_word' id='word_1_123' title='bbox 702 2825 1175 2919; x_wconf 87' lang='lat' dir='ltr'>Philosophi</span> <span class='ocrx_word' id='word_1_124' title='bbox 1223 2827 1645 2901; x_wconf 83' lang='lat' dir='ltr'>naturales</span> <span class='ocrx_word' id='word_1_125' title='bbox 1687 2826 1798 2898; x_wconf 90' lang='lat' dir='ltr'>ni-</span> 
     </span>
     <span class='ocr_line' id='line_1_22' title="bbox 292 2944 1796 3020; baseline 0 -4"><span class='ocrx_word' id='word_1_126' title='bbox 292 2947 547 3018; x_wconf 86' lang='lat' dir='ltr'>tuntur</span> <span class='ocrx_word' id='word_1_127' title='bbox 586 2945 964 3020; x_wconf 88' lang='lat' dir='ltr'>totaliter</span> <span class='ocrx_word' id='word_1_128' title='bbox 993 2965 1327 3018; x_wconf 87' lang='lat' dir='ltr'>causam</span> <span class='ocrx_word' id='word_1_129' title='bbox 1373 2944 1590 3017; x_wconf 88' lang='lat' dir='ltr'>illius</span> <span class='ocrx_word' id='word_1_130' title='bbox 1638 2965 1796 3017; x_wconf 87' lang='lat' dir='ltr'>mo·</span> 
     </span>
     <span class='ocr_line' id='line_1_23' title="bbox 293 3061 1791 3156; baseline 0 -24"><span class='ocrx_word' id='word_1_131' title='bbox 293 3064 402 3132; x_wconf 89' lang='lat' dir='ltr'>tus</span> <span class='ocrx_word' id='word_1_132' title='bbox 448 3062 871 3152; x_wconf 89' lang='lat' dir='ltr'>assignare</span> <span class='ocrx_word' id='word_1_133' title='bbox 920 3083 1019 3134; x_wconf 84' lang='lat' dir='ltr'>ex</span> <span class='ocrx_word' id='word_1_134' title='bbox 1083 3067 1319 3156; x_wconf 89' lang='lat' dir='ltr'>parte</span> <span class='ocrx_word' id='word_1_135' title='bbox 1398 3061 1791 3143; x_wconf 64' lang='lat' dir='ltr'>materiae,</span> 
     </span>
     <span class='ocr_line' id='line_1_24' title="bbox 292 3177 1798 3273; baseline 0.003 -25"><span class='ocrx_word' id='word_1_136' title='bbox 292 3177 572 3253; x_wconf 85' lang='lat' dir='ltr'>scilicet</span> <span class='ocrx_word' id='word_1_137' title='bbox 640 3183 985 3273; x_wconf 90' lang='lat' dir='ltr'>propter</span> <span class='ocrx_word' id='word_1_138' title='bbox 1041 3179 1405 3253; x_wconf 77' lang='lat' dir='ltr'>diversas</span> <span class='ocrx_word' id='word_1_139' title='bbox 1467 3179 1798 3252; x_wconf 85' lang='lat' dir='ltr'>inclina-</span> 
     </span>
     <span class='ocr_line' id='line_1_25' title="bbox 293 3293 1797 3378; baseline 0.003 -12"><span class='ocrx_word' id='word_1_140' title='bbox 293 3293 526 3368; x_wconf 86' lang='lat' dir='ltr'>tiones</span> <span class='ocrx_word' id='word_1_141' title='bbox 572 3296 1151 3378; x_wconf 80' lang='lat' dir='ltr'>exhalationis,</span> <span class='ocrx_word' id='word_1_142' title='bbox 1197 3301 1284 3371; x_wconf 91' lang='lat' dir='ltr'>ut</span> <span class='ocrx_word' id='word_1_143' title='bbox 1324 3297 1629 3370; x_wconf 88' lang='lat' dir='ltr'>dictum</span> <span class='ocrx_word' id='word_1_144' title='bbox 1672 3300 1797 3370; x_wconf 87' lang='lat' dir='ltr'>est</span> 
     </span>
     <span class='ocr_line' id='line_1_26' title="bbox 283 3409 1796 3503; baseline 0.001 -22"><span class='ocrx_word' id='word_1_145' title='bbox 283 3409 453 3498; x_wconf 89' lang='lat' dir='ltr'>jam.</span> <span class='ocrx_word' id='word_1_146' title='bbox 499 3413 642 3486; x_wconf 81' lang='lat' dir='ltr'>Sed</span> <span class='ocrx_word' id='word_1_147' title='bbox 686 3412 1109 3503; x_wconf 79' lang='lat' dir='ltr'>Astrologi</span> <span class='ocrx_word' id='word_1_148' title='bbox 1153 3413 1532 3486; x_wconf 91' lang='lat' dir='ltr'>nituntur</span> <span class='ocrx_word' id='word_1_149' title='bbox 1576 3414 1796 3484; x_wconf 84' lang='lat' dir='ltr'>redu-</span> 
     </span>
     <span class='ocr_line' id='line_1_27' title="bbox 291 3530 1798 3621; baseline 0.002 -24"><span class='ocrx_word' id='word_1_150' title='bbox 291 3547 447 3600; x_wconf 88' lang='lat' dir='ltr'>cere</span> <span class='ocrx_word' id='word_1_151' title='bbox 486 3549 822 3602; x_wconf 88' lang='lat' dir='ltr'>causam</span> <span class='ocrx_word' id='word_1_152' title='bbox 886 3530 968 3601; x_wconf 89' lang='lat' dir='ltr'>in</span> <span class='ocrx_word' id='word_1_153' title='bbox 1016 3550 1374 3621; x_wconf 82' lang='lat' dir='ltr'>corpora</span> <span class='ocrx_word' id='word_1_154' title='bbox 1433 3530 1798 3602; x_wconf 78' lang='lat' dir='ltr'>coelestia</span> 
     </span>
     <span class='ocr_line' id='line_1_28' title="bbox 291 3646 1798 3722; baseline 0.001 -5"><span class='ocrx_word' id='word_1_155' title='bbox 291 3652 357 3720; x_wconf 88' lang='lat' dir='ltr'>et</span> <span class='ocrx_word' id='word_1_156' title='bbox 414 3646 1079 3721; x_wconf 82' lang='lat' dir='ltr'>constellationes</span> <span class='ocrx_word' id='word_1_157' title='bbox 1148 3648 1519 3722; x_wconf 87' lang='lat' dir='ltr'>coelestes</span> <span class='ocrx_word' id='word_1_158' title='bbox 1583 3672 1597 3716; x_wconf 91' lang='lat'>:</span> <span class='ocrx_word' id='word_1_159' title='bbox 1665 3647 1798 3718; x_wconf 85' lang='lat' dir='ltr'>sed</span> 
     </span>
     <span class='ocr_line' id='line_1_29' title="bbox 291 3763 1799 3859; baseline 0 -24"><span class='ocrx_word' id='word_1_160' title='bbox 291 3764 432 3846; x_wconf 86' lang='lat' dir='ltr'>alii,</span> <span class='ocrx_word' id='word_1_161' title='bbox 476 3770 670 3859; x_wconf 84' lang='lat' dir='ltr'>puta</span> <span class='ocrx_word' id='word_1_162' title='bbox 711 3765 1348 3847; x_wconf 87' lang='lat' dir='ltr'>Necromantici,</span> <span class='ocrx_word' id='word_1_163' title='bbox 1404 3769 1484 3839; x_wconf 89' lang='lat' dir='ltr'>et</span> <span class='ocrx_word' id='word_1_164' title='bbox 1527 3763 1799 3857; x_wconf 89' lang='lat' dir='ltr'>hujus-</span> 
     </span>
     <span class='ocr_line' id='line_1_30' title="bbox 294 3881 1801 3975; baseline 0.001 -24"><span class='ocrx_word' id='word_1_165' title='bbox 294 3884 504 3963; x_wconf 88' lang='lat' dir='ltr'>modi,</span> <span class='ocrx_word' id='word_1_166' title='bbox 544 3883 933 3955; x_wconf 86' lang='lat' dir='ltr'>reducunt</span> <span class='ocrx_word' id='word_1_167' title='bbox 968 3882 1047 3953; x_wconf 91' lang='lat' dir='ltr'>in</span> <span class='ocrx_word' id='word_1_168' title='bbox 1073 3881 1418 3975; x_wconf 89' lang='lat' dir='ltr'>spiritus</span> <span class='ocrx_word' id='word_1_169' title='bbox 1441 3886 1521 3954; x_wconf 91' lang='lat' dir='ltr'>ct</span> <span class='ocrx_word' id='word_1_170' title='bbox 1555 3903 1642 3953; x_wconf 90' lang='lat' dir='ltr'>su</span> <span class='ocrx_word' id='word_1_171' title='bbox 1659 3901 1801 3975; x_wconf 91' lang='lat' dir='ltr'>per</span> 
     </span>
     <span class='ocr_line' id='line_1_31' title="bbox 297 3997 1798 4091; baseline 0.002 -24"><span class='ocrx_word' id='word_1_172' title='bbox 297 3997 861 4091; x_wconf 81' lang='lat' dir='ltr'>intelligentias</span> <span class='ocrx_word' id='word_1_173' title='bbox 906 4003 1350 4071; x_wconf 81' lang='lat' dir='ltr'>moventes.</span> <span class='ocrx_word' id='word_1_174' title='bbox 1401 3998 1547 4069; x_wconf 80' lang='lat' dir='ltr'>Sed</span> <span class='ocrx_word' id='word_1_175' title='bbox 1607 4001 1798 4070; x_wconf 91' lang='lat' dir='ltr'>tunc</span> 
     </span>
     <span class='ocr_line' id='line_1_32' title="bbox 290 4112 1799 4190; baseline 0.002 -7"><span class='ocrx_word' id='word_1_176' title='bbox 290 4112 680 4189; x_wconf 83' lang='lat' dir='ltr'>dubitatur</span> <span class='ocrx_word' id='word_1_177' title='bbox 711 4121 986 4190; x_wconf 88' lang='lat' dir='ltr'>utrum</span> <span class='ocrx_word' id='word_1_178' title='bbox 1022 4114 1605 4186; x_wconf 85' lang='lat' dir='ltr'>universaliter</span> <span class='ocrx_word' id='word_1_179' title='bbox 1639 4135 1799 4186; x_wconf 90' lang='lat' dir='ltr'>om-</span> 
     </span>
     <span class='ocr_line' id='line_1_33' title="bbox 290 4228 1794 4312; baseline 0.001 -13"><span class='ocrx_word' id='word_1_180' title='bbox 290 4228 397 4300; x_wconf 89' lang='lat' dir='ltr'>nis</span> <span class='ocrx_word' id='word_1_181' title='bbox 448 4236 733 4305; x_wconf 81' lang='lat' dir='ltr'>ventus</span> <span class='ocrx_word' id='word_1_182' title='bbox 796 4235 1227 4304; x_wconf 84' lang='lat' dir='ltr'>moveatur</span> <span class='ocrx_word' id='word_1_183' title='bbox 1287 4229 1431 4304; x_wconf 86' lang='lat' dir='ltr'>tali</span> <span class='ocrx_word' id='word_1_184' title='bbox 1534 4231 1794 4312; x_wconf 83' lang='lat' dir='ltr'>modO,</span> 
     </span>
     <span class='ocr_line' id='line_1_34' title="bbox 290 4346 1800 4442; baseline 0.001 -25"><span class='ocrx_word' id='word_1_185' title='bbox 290 4346 577 4421; x_wconf 87' lang='lat' dir='ltr'>scilicet</span> <span class='ocrx_word' id='word_1_186' title='bbox 616 4369 758 4442; x_wconf 90' lang='lat' dir='ltr'>per</span> <span class='ocrx_word' id='word_1_187' title='bbox 794 4348 1277 4441; x_wconf 87' lang='lat' dir='ltr'>propulsum</span> <span class='ocrx_word' id='word_1_188' title='bbox 1320 4369 1367 4420; x_wconf 88' lang='lat' dir='ltr'>a</span> <span class='ocrx_word' id='word_1_189' title='bbox 1405 4347 1800 4437; x_wconf 81' lang='lat' dir='ltr'>frigidita-</span> 
     </span>
     <span class='ocr_line' id='line_1_35' title="bbox 295 4464 1800 4545; baseline 0 -12"><span class='ocrx_word' id='word_1_190' title='bbox 295 4466 380 4533; x_wconf 87' lang='lat' dir='ltr'>te.</span> <span class='ocrx_word' id='word_1_191' title='bbox 414 4466 792 4545; x_wconf 81' lang='lat' dir='ltr'>Secundo,</span> <span class='ocrx_word' id='word_1_192' title='bbox 837 4464 1258 4537; x_wconf 82' lang='lat' dir='ltr'>dubitatur</span> <span class='ocrx_word' id='word_1_193' title='bbox 1309 4468 1586 4537; x_wconf 88' lang='lat' dir='ltr'>utrum</span> <span class='ocrx_word' id='word_1_194' title='bbox 1641 4484 1800 4535; x_wconf 89' lang='lat' dir='ltr'>mo-</span> 
     </span>
     <span class='ocr_line' id='line_1_36' title="bbox 294 4582 1277 4656; baseline 0 -5"><span class='ocrx_word' id='word_1_195' title='bbox 294 4583 403 4651; x_wconf 89' lang='lat' dir='ltr'>tus</span> <span class='ocrx_word' id='word_1_196' title='bbox 432 4583 643 4656; x_wconf 81' lang='lat' dir='ltr'>venti</span> <span class='ocrx_word' id='word_1_197' title='bbox 680 4583 787 4656; x_wconf 87' lang='lat' dir='ltr'>sit</span> <span class='ocrx_word' id='word_1_198' title='bbox 812 4582 1277 4655; x_wconf 77' lang='lat' dir='ltr'>naturalis?</span> 
     </span>
    </p>

    <p class='ocr_par' dir='ltr' id='par_1_5' title="bbox 296 4698 1816 5700">
     <span class='ocr_line' id='line_1_37' title="bbox 374 4698 1803 4793; baseline -0.001 -24"><span class='ocrx_word' id='word_1_199' title='bbox 374 4700 479 4770; x_wconf 78' lang='lat' dir='ltr'>Ad</span> <span class='ocrx_word' id='word_1_200' title='bbox 554 4699 908 4793; x_wconf 89' lang='lat' dir='ltr'>primum</span> <span class='ocrx_word' id='word_1_201' title='bbox 961 4699 1286 4780; x_wconf 86' lang='lat' dir='ltr'>dicitur,</span> <span class='ocrx_word' id='word_1_202' title='bbox 1366 4698 1571 4790; x_wconf 82' lang='lat' dir='ltr'>quod</span> <span class='ocrx_word' id='word_1_203' title='bbox 1643 4716 1803 4768; x_wconf 92' lang='lat' dir='ltr'>non</span> 
     </span>
     <span class='ocr_line' id='line_1_38' title="bbox 297 4814 1805 4906; baseline 0 -23"><span class='ocrx_word' id='word_1_204' title='bbox 297 4821 614 4905; x_wconf 85' lang='lat' dir='ltr'>oportet,</span> <span class='ocrx_word' id='word_1_205' title='bbox 662 4815 954 4890; x_wconf 84' lang='lat' dir='ltr'>saltem</span> <span class='ocrx_word' id='word_1_206' title='bbox 998 4814 1077 4886; x_wconf 92' lang='lat' dir='ltr'>in</span> <span class='ocrx_word' id='word_1_207' title='bbox 1110 4814 1515 4906; x_wconf 85' lang='lat' dir='ltr'>aliquibus</span> <span class='ocrx_word' id='word_1_208' title='bbox 1561 4841 1575 4883; x_wconf 88' lang='lat'>:</span> <span class='ocrx_word' id='word_1_209' title='bbox 1632 4834 1805 4885; x_wconf 86' lang='lat' dir='ltr'>ver·</span> 
     </span>
     <span class='ocr_line' id='line_1_39' title="bbox 296 4928 1804 5024; baseline 0.001 -24"><span class='ocrx_word' id='word_1_210' title='bbox 296 4928 360 5002; x_wconf 88' lang='lat' dir='ltr'>bi</span> <span class='ocrx_word' id='word_1_211' title='bbox 389 4935 671 5022; x_wconf 85' lang='lat' dir='ltr'>gratia.</span> <span class='ocrx_word' id='word_1_212' title='bbox 717 4933 1078 5005; x_wconf 84' lang='lat' dir='ltr'>videmus</span> <span class='ocrx_word' id='word_1_213' title='bbox 1126 4933 1333 5024; x_wconf 85' lang='lat' dir='ltr'>quod</span> <span class='ocrx_word' id='word_1_214' title='bbox 1386 4932 1453 5003; x_wconf 89' lang='lat' dir='ltr'>si</span> <span class='ocrx_word' id='word_1_215' title='bbox 1497 4932 1804 5022; x_wconf 90' lang='lat' dir='ltr'>lignum</span> 
     </span>
     <span class='ocr_line' id='line_1_40' title="bbox 296 5042 1809 5136; baseline 0.002 -24"><span class='ocrx_word' id='word_1_216' title='bbox 296 5042 645 5135; x_wconf 81' lang='lat' dir='ltr'>frigidum</span> <span class='ocrx_word' id='word_1_217' title='bbox 712 5050 793 5120; x_wconf 90' lang='lat' dir='ltr'>et</span> <span class='ocrx_word' id='word_1_218' title='bbox 823 5045 1236 5117; x_wconf 90' lang='lat' dir='ltr'>humidum</span> <span class='ocrx_word' id='word_1_219' title='bbox 1269 5044 1520 5125; x_wconf 84' lang='lat' dir='ltr'>valde,</span> <span class='ocrx_word' id='word_1_220' title='bbox 1568 5064 1809 5136; x_wconf 87' lang='lat' dir='ltr'>pona·</span> 
     </span>
     <span class='ocr_line' id='line_1_41' title="bbox 299 5159 1809 5253; baseline 0 -22"><span class='ocrx_word' id='word_1_221' title='bbox 299 5163 417 5231; x_wconf 91' lang='lat' dir='ltr'>tur</span> <span class='ocrx_word' id='word_1_222' title='bbox 452 5163 542 5234; x_wconf 85' lang='lat' dir='ltr'>ad</span> <span class='ocrx_word' id='word_1_223' title='bbox 591 5162 886 5253; x_wconf 89' lang='lat' dir='ltr'>ignem,</span> <span class='ocrx_word' id='word_1_224' title='bbox 941 5181 1126 5234; x_wconf 90' lang='lat' dir='ltr'>cum</span> <span class='ocrx_word' id='word_1_225' title='bbox 1179 5159 1428 5236; x_wconf 84' lang='lat' dir='ltr'>fuerit</span> <span class='ocrx_word' id='word_1_226' title='bbox 1467 5161 1663 5233; x_wconf 88' lang='lat' dir='ltr'>bene</span> <span class='ocrx_word' id='word_1_227' title='bbox 1704 5159 1809 5232; x_wconf 84' lang='lat' dir='ltr'>(li-</span> 
     </span>
     <span class='ocr_line' id='line_1_42' title="bbox 300 5276 1812 5368; baseline 0.005 -23"><span class='ocrx_word' id='word_1_228' title='bbox 300 5281 609 5363; x_wconf 84' lang='lat' dir='ltr'>gestum,</span> <span class='ocrx_word' id='word_1_229' title='bbox 663 5282 745 5351; x_wconf 92' lang='lat' dir='ltr'>et</span> <span class='ocrx_word' id='word_1_230' title='bbox 779 5278 1223 5351; x_wconf 85' lang='lat' dir='ltr'>alteratum</span> <span class='ocrx_word' id='word_1_231' title='bbox 1264 5276 1363 5347; x_wconf 85' lang='lat' dir='ltr'>ab</span> <span class='ocrx_word' id='word_1_232' title='bbox 1393 5277 1598 5368; x_wconf 89' lang='lat' dir='ltr'>igne,</span> <span class='ocrx_word' id='word_1_233' title='bbox 1643 5277 1812 5352; x_wconf 84' lang='lat' dir='ltr'>exit</span> 
     </span>
     <span class='ocr_line' id='line_1_43' title="bbox 301 5388 1811 5485; baseline 0.005 -27"><span class='ocrx_word' id='word_1_234' title='bbox 301 5388 539 5465; x_wconf 83' lang='lat' dir='ltr'>fumus</span> <span class='ocrx_word' id='word_1_235' title='bbox 570 5414 751 5466; x_wconf 90' lang='lat' dir='ltr'>cum</span> <span class='ocrx_word' id='word_1_236' title='bbox 800 5393 1131 5485; x_wconf 89' lang='lat' dir='ltr'>impetu,</span> <span class='ocrx_word' id='word_1_237' title='bbox 1170 5411 1263 5464; x_wconf 86' lang='lat' dir='ltr'>ac</span> <span class='ocrx_word' id='word_1_238' title='bbox 1298 5391 1365 5463; x_wconf 91' lang='lat' dir='ltr'>si</span> <span class='ocrx_word' id='word_1_239' title='bbox 1402 5393 1611 5483; x_wconf 88' lang='lat' dir='ltr'>ignis</span> <span class='ocrx_word' id='word_1_240' title='bbox 1656 5393 1811 5465; x_wconf 85' lang='lat' dir='ltr'>suf·</span> 
     </span>
     <span class='ocr_line' id='line_1_44' title="bbox 302 5504 1815 5601; baseline 0.004 -26"><span class='ocrx_word' id='word_1_241' title='bbox 302 5504 535 5582; x_wconf 81' lang='lat' dir='ltr'>flaret.</span> <span class='ocrx_word' id='word_1_242' title='bbox 580 5509 983 5584; x_wconf 89' lang='lat' dir='ltr'>Similiter</span> <span class='ocrx_word' id='word_1_243' title='bbox 1012 5509 1373 5581; x_wconf 84' lang='lat' dir='ltr'>videmus</span> <span class='ocrx_word' id='word_1_244' title='bbox 1413 5510 1504 5581; x_wconf 78' lang='lat' dir='ltr'>«le</span> <span class='ocrx_word' id='word_1_245' title='bbox 1533 5509 1815 5601; x_wconf 86' lang='lat' dir='ltr'>aliqui·</span> 
     </span>
     <span class='ocr_line' id='line_1_45' title="bbox 300 5620 1816 5700; baseline 0.003 -7"><span class='ocrx_word' id='word_1_246' title='bbox 300 5620 427 5696; x_wconf 88' lang='lat' dir='ltr'>bus</span> <span class='ocrx_word' id='word_1_247' title='bbox 495 5627 904 5700; x_wconf 88' lang='lat' dir='ltr'>montibus</span> <span class='ocrx_word' id='word_1_248' title='bbox 959 5625 1187 5698; x_wconf 83' lang='lat' dir='ltr'>exire</span> <span class='ocrx_word' id='word_1_249' title='bbox 1251 5625 1559 5698; x_wconf 85' lang='lat' dir='ltr'>sumum</span> <span class='ocrx_word' id='word_1_250' title='bbox 1631 5647 1816 5699; x_wconf 85' lang='lat' dir='ltr'>cum</span> 
     </span>
    </p>

    <p class='ocr_par' dir='ltr' id='par_1_6' title="bbox 408 5760 669 5816">
     <span class='ocr_line' id='line_1_46' title="bbox 408 5760 669 5816; baseline 0.008 -6"><span class='ocrx_word' id='word_1_251' title='bbox 408 5760 545 5816; x_wconf 76' lang='lat' dir='ltr'>Tem.</span> <span class='ocrx_word' id='word_1_252' title='bbox 574 5761 669 5814; x_wconf 88' lang='lat' dir='ltr'>1v.</span> 
     </span>
    </p>
   </div>
   <div class='ocr_carea' id='block_1_4' title="bbox 1909 949 3564 1061">
    <p class='ocr_par' dir='ltr' id='par_1_7' title="bbox 1909 949 3564 1061">
     <span class='ocr_line' id='line_1_47' title="bbox 1909 949 3564 1061; baseline 0.008 -32"><span class='ocrx_word' id='word_1_253' title='bbox 1909 976 2159 1029; x_wconf 88' lang='lat' dir='ltr'>causa</span> <span class='ocrx_word' id='word_1_254' title='bbox 2219 959 2438 1033; x_wconf 89' lang='lat' dir='ltr'>illius</span> <span class='ocrx_word' id='word_1_255' title='bbox 2497 969 2765 1038; x_wconf 88' lang='lat' dir='ltr'>motus</span> <span class='ocrx_word' id='word_1_256' title='bbox 2828 970 2951 1039; x_wconf 91' lang='lat' dir='ltr'>est</span> <span class='ocrx_word' id='word_1_257' title='bbox 3000 966 3181 1050; x_wconf 91' lang='lat' dir='ltr'>ista,</span> <span class='ocrx_word' id='word_1_258' title='bbox 3248 970 3454 1061; x_wconf 89' lang='lat' dir='ltr'>quod</span> <span class='ocrx_word' id='word_1_259' title='bbox 3561 949 3564 952; x_wconf 44' lang='grc'><strong>’</strong></span> 
     </span>
    </p>
   </div>
   <div class='ocr_carea' id='block_1_5' title="bbox 1908 1072 3455 2335">
    <p class='ocr_par' dir='ltr' id='par_1_8' title="bbox 1908 1072 3455 2083">
     <span class='ocr_line' id='line_1_48' title="bbox 1908 1072 3452 1166; baseline 0.01 -24"><span class='ocrx_word' id='word_1_260' title='bbox 1908 1072 2324 1150; x_wconf 83' lang='lat' dir='ltr'>exhalatio</span> <span class='ocrx_word' id='word_1_261' title='bbox 2395 1078 2708 1153; x_wconf 83' lang='lat' dir='ltr'>inclusa</span> <span class='ocrx_word' id='word_1_262' title='bbox 2779 1081 2857 1153; x_wconf 87' lang='lat' dir='ltr'>in</span> <span class='ocrx_word' id='word_1_263' title='bbox 2942 1088 3241 1166; x_wconf 91' lang='lat' dir='ltr'>monte,</span> <span class='ocrx_word' id='word_1_264' title='bbox 3323 1086 3452 1158; x_wconf 86' lang='lat' dir='ltr'>vel</span> 
     </span>
     <span class='ocr_line' id='line_1_49' title="bbox 1911 1188 3453 1286; baseline 0.008 -26"><span class='ocrx_word' id='word_1_265' title='bbox 1911 1188 2118 1279; x_wconf 89' lang='lat' dir='ltr'>igne,</span> <span class='ocrx_word' id='word_1_266' title='bbox 2167 1192 2361 1264; x_wconf 90' lang='lat' dir='ltr'>bene</span> <span class='ocrx_word' id='word_1_267' title='bbox 2410 1195 2841 1286; x_wconf 86' lang='lat' dir='ltr'>digeritur,</span> <span class='ocrx_word' id='word_1_268' title='bbox 2904 1205 2984 1273; x_wconf 92' lang='lat' dir='ltr'>ct</span> <span class='ocrx_word' id='word_1_269' title='bbox 3043 1201 3453 1276; x_wconf 85' lang='lat' dir='ltr'>alteratur</span> 
     </span>
     <span class='ocr_line' id='line_1_50' title="bbox 1908 1306 3453 1405; baseline 0.01 -31"><span class='ocrx_word' id='word_1_270' title='bbox 1908 1323 1955 1374; x_wconf 90' lang='lat' dir='ltr'>a</span> <span class='ocrx_word' id='word_1_271' title='bbox 1996 1306 2297 1390; x_wconf 87' lang='lat' dir='ltr'>calore,</span> <span class='ocrx_word' id='word_1_272' title='bbox 2341 1310 2452 1384; x_wconf 85' lang='lat' dir='ltr'>ita</span> <span class='ocrx_word' id='word_1_273' title='bbox 2485 1315 2692 1405; x_wconf 81' lang='lat' dir='ltr'>quod</span> <span class='ocrx_word' id='word_1_274' title='bbox 2726 1321 2849 1390; x_wconf 86' lang='lat' dir='ltr'>est</span> <span class='ocrx_word' id='word_1_275' title='bbox 2879 1316 3076 1388; x_wconf 89' lang='lat' dir='ltr'>bene</span> <span class='ocrx_word' id='word_1_276' title='bbox 3109 1317 3453 1391; x_wconf 86' lang='lat' dir='ltr'>lenifica-</span> 
     </span>
     <span class='ocr_line' id='line_1_51' title="bbox 1908 1423 3455 1523; baseline 0.008 -29"><span class='ocrx_word' id='word_1_277' title='bbox 1908 1423 1993 1494; x_wconf 84' lang='lat' dir='ltr'>ta</span> <span class='ocrx_word' id='word_1_278' title='bbox 2061 1424 2538 1518; x_wconf 85' lang='lat' dir='ltr'>priusquam</span> <span class='ocrx_word' id='word_1_279' title='bbox 2602 1437 2874 1523; x_wconf 86' lang='lat' dir='ltr'>posset</span> <span class='ocrx_word' id='word_1_280' title='bbox 2942 1432 3238 1505; x_wconf 88' lang='lat' dir='ltr'>hahere</span> <span class='ocrx_word' id='word_1_281' title='bbox 3295 1435 3455 1507; x_wconf 83' lang='lat' dir='ltr'>exi-</span> 
     </span>
     <span class='ocr_line' id='line_1_52' title="bbox 1908 1542 3451 1640; baseline 0.006 -28"><span class='ocrx_word' id='word_1_282' title='bbox 1908 1543 2105 1621; x_wconf 90' lang='lat' dir='ltr'>tum,</span> <span class='ocrx_word' id='word_1_283' title='bbox 2194 1542 2363 1614; x_wconf 84' lang='lat' dir='ltr'>ideo</span> <span class='ocrx_word' id='word_1_284' title='bbox 2407 1566 2590 1618; x_wconf 90' lang='lat' dir='ltr'>cum</span> <span class='ocrx_word' id='word_1_285' title='bbox 2652 1553 2929 1640; x_wconf 84' lang='lat' dir='ltr'>pateat</span> <span class='ocrx_word' id='word_1_286' title='bbox 2980 1551 3130 1622; x_wconf 87' lang='lat' dir='ltr'>sibi</span> <span class='ocrx_word' id='word_1_287' title='bbox 3182 1552 3451 1625; x_wconf 85' lang='lat' dir='ltr'>exitus</span> 
     </span>
     <span class='ocr_line' id='line_1_53' title="bbox 1910 1658 3449 1762; baseline 0.007 -34"><span class='ocrx_word' id='word_1_288' title='bbox 1910 1658 2276 1742; x_wconf 77' lang='lat' dir='ltr'>strictuS,</span> <span class='ocrx_word' id='word_1_289' title='bbox 2323 1663 2491 1736; x_wconf 82' lang='lat' dir='ltr'>exit</span> <span class='ocrx_word' id='word_1_290' title='bbox 2533 1686 2717 1738; x_wconf 86' lang='lat' dir='ltr'>cum</span> <span class='ocrx_word' id='word_1_291' title='bbox 2774 1667 3075 1762; x_wconf 84' lang='lat' dir='ltr'>impetu</span> <span class='ocrx_word' id='word_1_292' title='bbox 3127 1689 3449 1758; x_wconf 80' lang='lat' dir='ltr'>magnO,</span> 
     </span>
     <span class='ocr_line' id='line_1_54' title="bbox 1908 1775 3453 1878; baseline 0.006 -31"><span class='ocrx_word' id='word_1_293' title='bbox 1908 1781 1987 1850; x_wconf 89' lang='lat' dir='ltr'>et</span> <span class='ocrx_word' id='word_1_294' title='bbox 2043 1775 2267 1857; x_wconf 86' lang='lat' dir='ltr'>sorti,</span> <span class='ocrx_word' id='word_1_295' title='bbox 2325 1798 2416 1851; x_wconf 86' lang='lat' dir='ltr'>ac</span> <span class='ocrx_word' id='word_1_296' title='bbox 2461 1780 2527 1851; x_wconf 90' lang='lat' dir='ltr'>si</span> <span class='ocrx_word' id='word_1_297' title='bbox 2582 1787 2858 1875; x_wconf 88' lang='lat' dir='ltr'>partes</span> <span class='ocrx_word' id='word_1_298' title='bbox 2910 1787 3453 1878; x_wconf 67' lang='lat' dir='ltr'>praecedentes</span> 
     </span>
     <span class='ocr_line' id='line_1_55' title="bbox 1911 1891 3455 1994; baseline 0.006 -31"><span class='ocrx_word' id='word_1_299' title='bbox 1911 1891 2440 1967; x_wconf 69' lang='lat' dir='ltr'>sufflarentur</span> <span class='ocrx_word' id='word_1_300' title='bbox 2481 1915 2527 1967; x_wconf 85' lang='lat' dir='ltr'>a</span> <span class='ocrx_word' id='word_1_301' title='bbox 2569 1899 2940 1989; x_wconf 87' lang='lat' dir='ltr'>partibus</span> <span class='ocrx_word' id='word_1_302' title='bbox 2977 1900 3455 1994; x_wconf 86' lang='lat' dir='ltr'>subsequen-</span> 
     </span>
     <span class='ocr_line' id='line_1_56' title="bbox 1912 2009 2152 2083; baseline -0.013 0"><span class='ocrx_word' id='word_1_303' title='bbox 1912 2009 2152 2083; x_wconf 89' lang='lat' dir='ltr'>tibus.</span> 
     </span>
    </p>

    <p class='ocr_par' dir='ltr' id='par_1_9' title="bbox 1909 2128 3454 2335">
     <span class='ocr_line' id='line_1_57' title="bbox 1999 2128 3454 2228; baseline 0.008 -30"><span class='ocrx_word' id='word_1_304' title='bbox 1999 2128 2113 2199; x_wconf 88' lang='lat' dir='ltr'>Ad</span> <span class='ocrx_word' id='word_1_305' title='bbox 2157 2132 2613 2215; x_wconf 85' lang='lat' dir='ltr'>secundum,</span> <span class='ocrx_word' id='word_1_306' title='bbox 2676 2135 2854 2208; x_wconf 90' lang='lat' dir='ltr'>‹lico</span> <span class='ocrx_word' id='word_1_307' title='bbox 2915 2137 3121 2228; x_wconf 87' lang='lat' dir='ltr'>quod</span> <span class='ocrx_word' id='word_1_308' title='bbox 3184 2140 3454 2211; x_wconf 91' lang='lat' dir='ltr'>motus</span> 
     </span>
     <span class='ocr_line' id='line_1_58' title="bbox 1909 2247 3453 2335; baseline 0.008 -21"><span class='ocrx_word' id='word_1_309' title='bbox 1909 2247 2129 2320; x_wconf 89' lang='lat' dir='ltr'>venti</span> <span class='ocrx_word' id='word_1_310' title='bbox 2172 2268 2332 2319; x_wconf 90' lang='lat' dir='ltr'>non</span> <span class='ocrx_word' id='word_1_311' title='bbox 2391 2254 2515 2324; x_wconf 90' lang='lat' dir='ltr'>est</span> <span class='ocrx_word' id='word_1_312' title='bbox 2574 2253 3003 2335; x_wconf 84' lang='lat' dir='ltr'>naturalis,</span> <span class='ocrx_word' id='word_1_313' title='bbox 3070 2254 3231 2326; x_wconf 91' lang='lat' dir='ltr'>imo</span> <span class='ocrx_word' id='word_1_314' title='bbox 3290 2254 3453 2327; x_wconf 82' lang='lat' dir='ltr'>vio-</span> 
     </span>
    </p>
   </div>
   <div class='ocr_carea' id='block_1_6' title="bbox 1910 2360 3453 2553">
    <p class='ocr_par' dir='ltr' id='par_1_10' title="bbox 1910 2360 3453 2553">
     <span class='ocr_line' id='line_1_59' title="bbox 1910 2360 3453 2443; baseline 0.008 -13"><span class='ocrx_word' id='word_1_315' title='bbox 1910 2360 2203 2443; x_wconf 88' lang='lat' dir='ltr'>lentus,</span> <span class='ocrx_word' id='word_1_316' title='bbox 2299 2369 2379 2438; x_wconf 91' lang='lat' dir='ltr'>et</span> <span class='ocrx_word' id='word_1_317' title='bbox 2463 2371 2755 2440; x_wconf 84' lang='lat' dir='ltr'>contra</span> <span class='ocrx_word' id='word_1_318' title='bbox 2842 2367 3453 2443; x_wconf 86' lang='lat' dir='ltr'>inclinationem</span> 
     </span>
     <span class='ocr_line' id='line_1_60' title="bbox 1910 2476 2488 2553; baseline 0.003 -5"><span class='ocrx_word' id='word_1_319' title='bbox 1910 2476 2488 2553; x_wconf 72' lang='lat' dir='ltr'>exhalationis</span> 
     </span>
    </p>
   </div>
   <div class='ocr_carea' id='block_1_7' title="bbox 2406 2869 2967 2929">
    <p class='ocr_par' dir='ltr' id='par_1_11' title="bbox 2406 2869 2967 2929">
     <span class='ocr_line' id='line_1_61' title="bbox 2406 2869 2967 2929; baseline 0.009 -5"><span class='ocrx_word' id='word_1_320' title='bbox 2406 2869 2836 2928; x_wconf 83' lang='lat' dir='ltr'>ARTICULUS</span> <span class='ocrx_word' id='word_1_321' title='bbox 2872 2873 2967 2929; x_wconf 82' lang='lat' dir='ltr'>IV.</span> 
     </span>
    </p>
   </div>
   <div class='ocr_carea' id='block_1_8' title="bbox 2162 3096 3200 3180">
    <p class='ocr_par' dir='ltr' id='par_1_12' title="bbox 2162 3096 3200 3180">
     <span class='ocr_line' id='line_1_62' title="bbox 2162 3096 3200 3180; baseline 0.007 -20"><span class='ocrx_word' id='word_1_322' title='bbox 2162 3096 2258 3160; x_wconf 84' lang='lat' dir='ltr'>De</span> <span class='ocrx_word' id='word_1_323' title='bbox 2325 3116 2524 3163; x_wconf 73' lang='lat' dir='ltr'>causa</span> <span class='ocrx_word' id='word_1_324' title='bbox 2573 3098 2775 3180; x_wconf 77' lang='lat' dir='ltr'>finali</span> <span class='ocrx_word' id='word_1_325' title='bbox 2832 3108 3200 3167; x_wconf 72' lang='lat' dir='ltr'>ventorum.</span> 
     </span>
    </p>
   </div>
   <div class='ocr_carea' id='block_1_9' title="bbox 1909 3299 3470 5815">
    <p class='ocr_par' dir='ltr' id='par_1_13' title="bbox 1909 3299 3468 5481">
     <span class='ocr_line' id='line_1_63' title="bbox 2000 3299 3458 3395; baseline 0.003 -24"><span class='ocrx_word' id='word_1_326' title='bbox 2000 3300 2114 3371; x_wconf 89' lang='lat' dir='ltr'>De</span> <span class='ocrx_word' id='word_1_327' title='bbox 2155 3318 2404 3371; x_wconf 86' lang='lat' dir='ltr'>causa</span> <span class='ocrx_word' id='word_1_328' title='bbox 2443 3299 2691 3381; x_wconf 86' lang='lat' dir='ltr'>finali,</span> <span class='ocrx_word' id='word_1_329' title='bbox 2726 3300 3246 3395; x_wconf 87' lang='lat' dir='ltr'>diciturquod</span> <span class='ocrx_word' id='word_1_330' title='bbox 3277 3321 3458 3375; x_wconf 89' lang='lat' dir='ltr'>ven-</span> 
     </span>
     <span class='ocr_line' id='line_1_64' title="bbox 1913 3413 3452 3511; baseline 0.003 -24"><span class='ocrx_word' id='word_1_331' title='bbox 1913 3417 2042 3487; x_wconf 88' lang='lat' dir='ltr'>tus</span> <span class='ocrx_word' id='word_1_332' title='bbox 2124 3419 2249 3488; x_wconf 89' lang='lat' dir='ltr'>est</span> <span class='ocrx_word' id='word_1_333' title='bbox 2353 3413 2924 3509; x_wconf 89' lang='lat' dir='ltr'>principaliter</span> <span class='ocrx_word' id='word_1_334' title='bbox 3015 3423 3096 3491; x_wconf 93' lang='lat' dir='ltr'>et</span> <span class='ocrx_word' id='word_1_335' title='bbox 3185 3420 3452 3511; x_wconf 89' lang='lat' dir='ltr'>primo</span> 
     </span>
     <span class='ocr_line' id='line_1_65' title="bbox 1912 3532 3453 3623; baseline 0.004 -22"><span class='ocrx_word' id='word_1_336' title='bbox 1912 3534 2255 3623; x_wconf 92' lang='lat' dir='ltr'>propter</span> <span class='ocrx_word' id='word_1_337' title='bbox 2294 3549 2803 3621; x_wconf 88' lang='lat' dir='ltr'>congregare</span> <span class='ocrx_word' id='word_1_338' title='bbox 2836 3532 3108 3604; x_wconf 86' lang='lat' dir='ltr'>nubes.</span> <span class='ocrx_word' id='word_1_339' title='bbox 3148 3536 3247 3607; x_wconf 81' lang='lat' dir='ltr'>Et</span> <span class='ocrx_word' id='word_1_340' title='bbox 3283 3533 3453 3607; x_wconf 80' lang='lat' dir='ltr'>ideo</span> 
     </span>
     <span class='ocr_line' id='line_1_66' title="bbox 1909 3644 3454 3741; baseline 0.006 -25"><span class='ocrx_word' id='word_1_341' title='bbox 1909 3644 2104 3719; x_wconf 78' lang='lat' dir='ltr'>(licit</span> <span class='ocrx_word' id='word_1_342' title='bbox 2163 3646 2652 3721; x_wconf 80' lang='lat' dir='ltr'>Aristoteles</span> <span class='ocrx_word' id='word_1_343' title='bbox 2696 3649 2899 3741; x_wconf 88' lang='lat' dir='ltr'>quod</span> <span class='ocrx_word' id='word_1_344' title='bbox 2970 3651 3272 3724; x_wconf 76' lang='lat' dir='ltr'>Caeoias</span> <span class='ocrx_word' id='word_1_345' title='bbox 3342 3656 3454 3725; x_wconf 89' lang='lat' dir='ltr'>at-</span> 
     </span>
     <span class='ocr_line' id='line_1_67' title="bbox 1913 3762 3458 3859; baseline 0.001 -23"><span class='ocrx_word' id='word_1_346' title='bbox 1913 3762 2174 3836; x_wconf 88' lang='lat' dir='ltr'>trahit</span> <span class='ocrx_word' id='word_1_347' title='bbox 2228 3763 2515 3835; x_wconf 88' lang='lat' dir='ltr'>nubem</span> <span class='ocrx_word' id='word_1_348' title='bbox 2586 3763 2799 3838; x_wconf 89' lang='lat' dir='ltr'>sicut</span> <span class='ocrx_word' id='word_1_349' title='bbox 2867 3785 3165 3837; x_wconf 88' lang='lat' dir='ltr'>avarus</span> <span class='ocrx_word' id='word_1_350' title='bbox 3231 3788 3458 3859; x_wconf 90' lang='lat' dir='ltr'>pecu·</span> 
     </span>
     <span class='ocr_line' id='line_1_68' title="bbox 1912 3880 3460 3963; baseline 0.003 -12"><span class='ocrx_word' id='word_1_351' title='bbox 1912 3880 2158 3951; x_wconf 86' lang='lat' dir='ltr'>niam.</span> <span class='ocrx_word' id='word_1_352' title='bbox 2247 3882 2630 3963; x_wconf 84' lang='lat' dir='ltr'>Secundo,</span> <span class='ocrx_word' id='word_1_353' title='bbox 2718 3887 3097 3955; x_wconf 84' lang='lat' dir='ltr'>movetur</span> <span class='ocrx_word' id='word_1_354' title='bbox 3170 3888 3460 3957; x_wconf 86' lang='lat' dir='ltr'>ventus</span> 
     </span>
     <span class='ocr_line' id='line_1_69' title="bbox 1914 3995 3460 4087; baseline 0.005 -21"><span class='ocrx_word' id='word_1_355' title='bbox 1914 4000 2256 4087; x_wconf 89' lang='lat' dir='ltr'>propter</span> <span class='ocrx_word' id='word_1_356' title='bbox 2314 3995 2628 4067; x_wconf 80' lang='lat' dir='ltr'>deferre</span> <span class='ocrx_word' id='word_1_357' title='bbox 2689 3998 2937 4070; x_wconf 87' lang='lat' dir='ltr'>nubes</span> <span class='ocrx_word' id='word_1_358' title='bbox 2995 4000 3085 4071; x_wconf 90' lang='lat' dir='ltr'>de</span> <span class='ocrx_word' id='word_1_359' title='bbox 3130 4019 3287 4070; x_wconf 85' lang='lat' dir='ltr'>una</span> <span class='ocrx_word' id='word_1_360' title='bbox 3341 4021 3460 4073; x_wconf 87' lang='lat' dir='ltr'>rc·</span> 
     </span>
     <span class='ocr_line' id='line_1_70' title="bbox 1914 4111 3462 4207; baseline 0.004 -25"><span class='ocrx_word' id='word_1_361' title='bbox 1914 4111 2152 4200; x_wconf 88' lang='lat' dir='ltr'>gione</span> <span class='ocrx_word' id='word_1_362' title='bbox 2203 4111 2278 4183; x_wconf 90' lang='lat' dir='ltr'>in</span> <span class='ocrx_word' id='word_1_363' title='bbox 2339 4111 2611 4193; x_wconf 88' lang='lat' dir='ltr'>aliam,</span> <span class='ocrx_word' id='word_1_364' title='bbox 2661 4118 3004 4207; x_wconf 89' lang='lat' dir='ltr'>propter</span> <span class='ocrx_word' id='word_1_365' title='bbox 3046 4115 3462 4206; x_wconf 90' lang='lat' dir='ltr'>irrigatio-</span> 
     </span>
     <span class='ocr_line' id='line_1_71' title="bbox 1914 4228 3461 4324; baseline 0.005 -27"><span class='ocrx_word' id='word_1_366' title='bbox 1914 4246 2095 4298; x_wconf 89' lang='lat' dir='ltr'>nem</span> <span class='ocrx_word' id='word_1_367' title='bbox 2160 4231 2432 4308; x_wconf 73' lang='lat' dir='ltr'>terroe‚</span> <span class='ocrx_word' id='word_1_368' title='bbox 2499 4228 2614 4301; x_wconf 88' lang='lat' dir='ltr'>ita</span> <span class='ocrx_word' id='word_1_369' title='bbox 2674 4231 2882 4321; x_wconf 81' lang='lat' dir='ltr'>quod</span> <span class='ocrx_word' id='word_1_370' title='bbox 2937 4242 3079 4324; x_wconf 85' lang='lat' dir='ltr'>per</span> <span class='ocrx_word' id='word_1_371' title='bbox 3128 4253 3461 4305; x_wconf 86' lang='lat' dir='ltr'>conver-</span> 
     </span>
     <span class='ocr_line' id='line_1_72' title="bbox 1916 4343 3460 4437; baseline 0.005 -23"><span class='ocrx_word' id='word_1_372' title='bbox 1916 4343 2226 4416; x_wconf 86' lang='lat' dir='ltr'>sionem</span> <span class='ocrx_word' id='word_1_373' title='bbox 2286 4344 2519 4415; x_wconf 82' lang='lat' dir='ltr'>nubis</span> <span class='ocrx_word' id='word_1_374' title='bbox 2607 4345 2682 4416; x_wconf 89' lang='lat' dir='ltr'>in</span> <span class='ocrx_word' id='word_1_375' title='bbox 2754 4366 3047 4437; x_wconf 84' lang='lat' dir='ltr'>aquam</span> <span class='ocrx_word' id='word_1_376' title='bbox 3118 4349 3460 4421; x_wconf 76' lang='lat' dir='ltr'>diversae</span> 
     </span>
     <span class='ocr_line' id='line_1_73' title="bbox 1917 4460 3463 4557; baseline 0.006 -30"><span class='ocrx_word' id='word_1_377' title='bbox 1917 4464 2196 4551; x_wconf 89' lang='lat' dir='ltr'>partes</span> <span class='ocrx_word' id='word_1_378' title='bbox 2267 4465 2513 4533; x_wconf 67' lang='lat' dir='ltr'>terrm</span> <span class='ocrx_word' id='word_1_379' title='bbox 2593 4460 3050 4551; x_wconf 88' lang='lat' dir='ltr'>irrigentur</span> <span class='ocrx_word' id='word_1_380' title='bbox 3121 4469 3463 4557; x_wconf 83' lang='lat' dir='ltr'>propter</span> 
     </span>
     <span class='ocr_line' id='line_1_74' title="bbox 1919 4576 3461 4672; baseline 0.003 -25"><span class='ocrx_word' id='word_1_381' title='bbox 1919 4581 2228 4649; x_wconf 90' lang='lat' dir='ltr'>motum</span> <span class='ocrx_word' id='word_1_382' title='bbox 2273 4576 2502 4647; x_wconf 87' lang='lat' dir='ltr'>nubis</span> <span class='ocrx_word' id='word_1_383' title='bbox 2559 4597 2604 4647; x_wconf 86' lang='lat' dir='ltr'>a</span> <span class='ocrx_word' id='word_1_384' title='bbox 2652 4581 2919 4650; x_wconf 79' lang='lat' dir='ltr'>vento.</span> <span class='ocrx_word' id='word_1_385' title='bbox 2976 4580 3278 4662; x_wconf 84' lang='lat' dir='ltr'>TertiO,</span> <span class='ocrx_word' id='word_1_386' title='bbox 3329 4601 3461 4672; x_wconf 88' lang='lat' dir='ltr'>po·</span> 
     </span>
     <span class='ocr_line' id='line_1_75' title="bbox 1921 4691 3459 4786; baseline 0.001 -20"><span class='ocrx_word' id='word_1_387' title='bbox 1921 4696 2079 4766; x_wconf 89' lang='lat' dir='ltr'>test</span> <span class='ocrx_word' id='word_1_388' title='bbox 2110 4691 2264 4764; x_wconf 81' lang='lat' dir='ltr'>(lici</span> <span class='ocrx_word' id='word_1_389' title='bbox 2317 4693 2521 4783; x_wconf 80' lang='lat' dir='ltr'>quod</span> <span class='ocrx_word' id='word_1_390' title='bbox 2562 4698 2687 4766; x_wconf 86' lang='lat' dir='ltr'>est</span> <span class='ocrx_word' id='word_1_391' title='bbox 2730 4699 3070 4786; x_wconf 88' lang='lat' dir='ltr'>propter</span> <span class='ocrx_word' id='word_1_392' title='bbox 3113 4697 3459 4770; x_wconf 87' lang='lat' dir='ltr'>salutem</span> 
     </span>
     <span class='ocr_line' id='line_1_76' title="bbox 1919 4809 3464 4899; baseline 0.006 -20"><span class='ocrx_word' id='word_1_393' title='bbox 1919 4810 2337 4889; x_wconf 88' lang='lat' dir='ltr'>arborum,</span> <span class='ocrx_word' id='word_1_394' title='bbox 2413 4809 2600 4899; x_wconf 78' lang='lat' dir='ltr'>quia.</span> <span class='ocrx_word' id='word_1_395' title='bbox 2629 4810 2842 4884; x_wconf 87' lang='lat' dir='ltr'>sicut</span> <span class='ocrx_word' id='word_1_396' title='bbox 2887 4810 3126 4883; x_wconf 91' lang='lat' dir='ltr'>homo</span> <span class='ocrx_word' id='word_1_397' title='bbox 3170 4816 3249 4886; x_wconf 87' lang='lat' dir='ltr'>et</span> <span class='ocrx_word' id='word_1_398' title='bbox 3300 4815 3464 4888; x_wconf 86' lang='lat' dir='ltr'>alia</span> 
     </span>
     <span class='ocr_line' id='line_1_77' title="bbox 1919 4924 3466 5017; baseline 0.004 -21"><span class='ocrx_word' id='word_1_399' title='bbox 1919 4924 2307 4997; x_wconf 88' lang='lat' dir='ltr'>animalia</span> <span class='ocrx_word' id='word_1_400' title='bbox 2360 4930 2664 5017; x_wconf 80' lang='lat' dir='ltr'>praeter</span> <span class='ocrx_word' id='word_1_401' title='bbox 2704 4926 3294 5003; x_wconf 88' lang='lat' dir='ltr'>nutrimentum</span> <span class='ocrx_word' id='word_1_402' title='bbox 3357 4930 3466 5001; x_wconf 87' lang='lat' dir='ltr'>in-</span> 
     </span>
     <span class='ocr_line' id='line_1_78' title="bbox 1919 5041 3468 5132; baseline 0.007 -21"><span class='ocrx_word' id='word_1_403' title='bbox 1919 5041 2193 5131; x_wconf 81' lang='lat' dir='ltr'>digent</span> <span class='ocrx_word' id='word_1_404' title='bbox 2255 5041 2839 5132; x_wconf 80' lang='lat' dir='ltr'>quodammodo</span> <span class='ocrx_word' id='word_1_405' title='bbox 2898 5046 3321 5128; x_wconf 83' lang='lat' dir='ltr'>exercitio,</span> <span class='ocrx_word' id='word_1_406' title='bbox 3380 5052 3468 5122; x_wconf 91' lang='lat' dir='ltr'>ut</span> 
     </span>
     <span class='ocr_line' id='line_1_79' title="bbox 1927 5156 3460 5247; baseline 0.006 -19"><span class='ocrx_word' id='word_1_407' title='bbox 1927 5156 2214 5229; x_wconf 90' lang='lat' dir='ltr'>melius</span> <span class='ocrx_word' id='word_1_408' title='bbox 2259 5162 2854 5230; x_wconf 86' lang='lat' dir='ltr'>conserventur</span> <span class='ocrx_word' id='word_1_409' title='bbox 2912 5159 2992 5230; x_wconf 92' lang='lat' dir='ltr'>in</span> <span class='ocrx_word' id='word_1_410' title='bbox 3080 5164 3460 5247; x_wconf 87' lang='lat' dir='ltr'>sanitate,</span> 
     </span>
     <span class='ocr_line' id='line_1_80' title="bbox 1926 5273 3464 5363; baseline 0.003 -17"><span class='ocrx_word' id='word_1_411' title='bbox 1926 5274 2039 5347; x_wconf 79' lang='lat' dir='ltr'>ita</span> <span class='ocrx_word' id='word_1_412' title='bbox 2104 5273 2648 5347; x_wconf 86' lang='lat' dir='ltr'>consimiliter</span> <span class='ocrx_word' id='word_1_413' title='bbox 2719 5279 2987 5349; x_wconf 88' lang='lat' dir='ltr'>motus</span> <span class='ocrx_word' id='word_1_414' title='bbox 3048 5278 3464 5363; x_wconf 85' lang='lat' dir='ltr'>arborum,</span> 
     </span>
     <span class='ocr_line' id='line_1_81' title="bbox 1924 5389 3330 5481; baseline 0.004 -22"><span class='ocrx_word' id='word_1_415' title='bbox 1924 5394 2048 5463; x_wconf 82' lang='lat' dir='ltr'>est</span> <span class='ocrx_word' id='word_1_416' title='bbox 2088 5389 2206 5462; x_wconf 87' lang='lat' dir='ltr'>eis</span> <span class='ocrx_word' id='word_1_417' title='bbox 2252 5410 2396 5481; x_wconf 86' lang='lat' dir='ltr'>per</span> <span class='ocrx_word' id='word_1_418' title='bbox 2434 5393 2764 5462; x_wconf 84' lang='lat' dir='ltr'>ventum</span> <span class='ocrx_word' id='word_1_419' title='bbox 2819 5393 3330 5466; x_wconf 80' lang='lat' dir='ltr'>exercitium.</span> 
     </span>
    </p>

    <p class='ocr_par' dir='ltr' id='par_1_14' title="bbox 1931 5506 3470 5715">
     <span class='ocr_line' id='line_1_82' title="bbox 2025 5506 3470 5601; baseline 0.005 -22"><span class='ocrx_word' id='word_1_420' title='bbox 2025 5510 2261 5580; x_wconf 80' lang='lat' dir='ltr'>Patet</span> <span class='ocrx_word' id='word_1_421' title='bbox 2331 5506 2591 5597; x_wconf 88' lang='lat' dir='ltr'>igitur</span> <span class='ocrx_word' id='word_1_422' title='bbox 2657 5528 2754 5577; x_wconf 81' lang='lat' dir='ltr'>ex</span> <span class='ocrx_word' id='word_1_423' title='bbox 2837 5506 3042 5589; x_wconf 88' lang='lat' dir='ltr'>istis,</span> <span class='ocrx_word' id='word_1_424' title='bbox 3118 5532 3291 5601; x_wconf 60' lang='lat' dir='ltr'>quae</span> <span class='ocrx_word' id='word_1_425' title='bbox 3365 5513 3470 5588; x_wconf 89' lang='lat' dir='ltr'>sit</span> 
     </span>
     <span class='ocr_line' id='line_1_83' title="bbox 1931 5622 3469 5715; baseline 0.005 -20"><span class='ocrx_word' id='word_1_426' title='bbox 1931 5623 2280 5697; x_wconf 78' lang='lat' dir='ltr'>materia</span> <span class='ocrx_word' id='word_1_427' title='bbox 2321 5622 2565 5702; x_wconf 79' lang='lat' dir='ltr'>venti,</span> <span class='ocrx_word' id='word_1_428' title='bbox 2634 5644 2807 5715; x_wconf 72' lang='lat' dir='ltr'>quae</span> <span class='ocrx_word' id='word_1_429' title='bbox 2859 5624 3123 5696; x_wconf 82' lang='lat' dir='ltr'>forma</span> <span class='ocrx_word' id='word_1_430' title='bbox 3189 5653 3202 5695; x_wconf 90' lang='lat'>:</span> <span class='ocrx_word' id='word_1_431' title='bbox 3270 5632 3469 5702; x_wconf 83' lang='lat' dir='ltr'>unde</span> 
     </span>
    </p>

    <p class='ocr_par' dir='ltr' id='par_1_15' title="bbox 3251 5760 3309 5815">
     <span class='ocr_line' id='line_1_84' title="bbox 3251 5760 3309 5815; baseline 0.086 -5"><span class='ocrx_word' id='word_1_432' title='bbox 3251 5760 3309 5815; x_wconf 71' lang='grc' dir='ltr'>ιο</span> 
     </span>
    </p>
   </div>
   <div class='ocr_carea' id='block_1_10' title="bbox 3611 3324 3643 3377">
    <p class='ocr_par' dir='ltr' id='par_1_16' title="bbox 3611 3324 3643 3377">
     <span class='ocr_line' id='line_1_85' title="bbox 3611 3324 3643 3377; baseline 0 0"><span class='ocrx_word' id='word_1_433' title='bbox 3611 3324 3643 3377; x_wconf 83' lang='grc'><strong>7</strong></span> 
     </span>
    </p>
   </div>
   <div class='ocr_carea' id='block_1_11' title="bbox 3478 3365 3778 3500">
    <p class='ocr_par' dir='ltr' id='par_1_17' title="bbox 3478 3365 3778 3500">
     <span class='ocr_line' id='line_1_86' title="bbox 3509 3365 3778 3453; baseline -0.004 -14"><span class='ocrx_word' id='word_1_434' title='bbox 3509 3365 3688 3439; x_wconf 49' lang='lat' dir='ltr'>Caute-z</span> <span class='ocrx_word' id='word_1_435' title='bbox 3703 3390 3778 3453; x_wconf 70' lang='lat' dir='ltr'>fl-</span> 
     </span>
     <span class='ocr_line' id='line_1_87' title="bbox 3478 3451 3623 3500; baseline -0.014 0"><span class='ocrx_word' id='word_1_436' title='bbox 3478 3451 3623 3500; x_wconf 68' lang='lat' dir='ltr'>nalia</span> 
     </span>
    </p>
   </div>
   <div class='ocr_carea' id='block_1_12' title="bbox 3542 3523 3737 3563">
    <p class='ocr_par' dir='ltr' id='par_1_18' title="bbox 3542 3523 3737 3563">
     <span class='ocr_line' id='line_1_88' title="bbox 3542 3523 3737 3563; baseline 0.005 -1"><span class='ocrx_word' id='word_1_437' title='bbox 3542 3523 3662 3563; x_wconf 62' lang='lat' dir='ltr'>lom</span> <span class='ocrx_word' id='word_1_438' title='bbox 3669 3528 3737 3563; x_wconf 77' lang='lat' dir='ltr'>m·</span> 
     </span>
    </p>
   </div>
   <div class='ocr_carea' id='block_1_13' title="bbox 3676 3465 3803 3501">
    <p class='ocr_par' dir='ltr' id='par_1_19' title="bbox 3676 3465 3803 3501">
     <span class='ocr_line' id='line_1_89' title="bbox 3676 3465 3803 3501; baseline 0.008 -1"><span class='ocrx_word' id='word_1_439' title='bbox 3676 3465 3803 3501; x_wconf 68' lang='lat' dir='ltr'>ven·</span> 
     </span>
    </p>
   </div>
  </div>
 </body>
</html>
