4252 6393
1829 461 2084 525 CAPUT
2132 462 2203 523 11.

404 625 533 692 liic.
571 624 720 690 Non
756 622 1103 704 secundus,
1145 633 1350 711 patet,
1414 623 1647 689 saltem
1687 645 1948 710 compa-

405 741 621 807 rando
651 741 950 827 efficiens
990 738 1081 806 ad
1136 741 1361 823 finem,
1426 741 1539 827 qui
1593 750 1684 805 est
1728 741 1952 826 prima

407 878 627 922 causa.
677 856 827 922 Non
884 867 1102 922 autem
1159 857 1460 943 primus,·
1499 856 1806 942 probatio
1853 856 1957 920 rel

408 974 701 1040 causatio
741 973 908 1038 dicit
948 983 1205 1039 tantum
1234 974 1630 1039 relationem
1662 975 1730 1038 in
1764 975 1956 1058 effec-

413 1101 500 1166 tu,
537 1090 642 1156 vel
691 1091 765 1156 in
822 1111 1022 1156 causa
1066 1116 1086 1154 .·
1130 1091 1374 1156 relatio
1417 1111 1554 1156 non
1610 1101 1701 1154 est
1760 1111 1959 1155 causa

410 1207 761 1272 relationis
804 1206 1050 1292 primo,
1116 1208 1224 1271 liic
1275 1216 1494 1271 autem
1549 1207 1610 1271 si
1664 1207 1960 1272 causatio

412 1322 609 1386 unius
649 1331 1031 1386 essetcausa
1063 1323 1474 1386 causationis
1503 1321 1805 1400 alterins,
1842 1322 1962 1385 lioc

413 1449 569 1503 esset
608 1441 857 1525 primo,
898 1443 1059 1526 quia
1090 1441 1283 1526 prius
1314 1440 1728 1505 naturaliter
1765 1460 1961 1525 quam

412 1566 573 1621 esset
639 1576 839 1621 causa
899 1558 1158 1622 causati
1223 1557 1522 1621 omnium
1578 1576 1955 1621 causarum.

422 1671 601 1736 Tune
641 1673 841 1737 etiam
888 1673 1081 1737 nulla
1122 1674 1496 1737 extrinseca
1538 1683 1697 1737 esset
1729 1673 1960 1735 imme-

413 1786 603 1852 diata
651 1808 854 1852 eausa
901 1790 1157 1853 causati
1215 1789 1602 1866 communis,
1655 1785 1771 1851 sed
1812 1796 1963 1850 tan.—

417 1912 551 1966 tum
591 1904 998 1967 causationis
1029 1903 1309 1968 alte-rius
1347 1922 1582 1968 causce.
1629 1901 1682 1965 T
1679 1922 1806 1966 unc
1838 1911 1965 1964 ter-

419 2017 536 2097 tio,
597 2038 738 2083 non
807 2038 1001 2084 omne
1064 2018 1337 2101 finitum
1404 2029 1563 2082 esset
1631 2018 1958 2101 effectum,

103 2133 237 2181 ΜΘ·
261 2143 393 2178 σω·
419 2146 653 2200 contra
710 2136 1012 2221 quintam
1050 2137 1270 2222 hujus.
1341 2135 1658 2199 Causatio
1725 2134 1969 2219 quippe

129 2194 226 2240 sat'
257 2206 346 2240 nes

103 2207 369 2304 ωτι-’,ἔνη
422 2252 806 2336 efficientis,
843 2273 965 2337 per
998 2262 1058 2317 te
1087 2261 1179 2316 est
1217 2251 1441 2333 finita,
1489 2252 1647 2336 quia
1696 2259 1966 2314 causata

97 2317 396 2442 2⁰25ssss
423 2390 462 2432 a
508 2368 646 2450 fine
694 2377 1030 2446 causante,
1095 2388 1230 2432 non
1280 2376 1499 2431 tamen
1552 2376 1645 2431 est
1702 2366 1962 2450 effecta.

421 2484 606 2565 Item,
647 2482 974 2571 probatur
1032 2485 1107 2549 in
1146 2485 1505 2564 communi,
1568 2481 1741 2570 quod
1789 2484 1966 2547 inter

419 2601 832 2667 causationes
850 2620 1204 2666 causarum
1226 2621 1360 2666 non
1381 2611 1473 2666 est
1495 2597 1963 2685 dependentia,

419 2720 576 2805 quia
608 2730 763 2785 tune
816 2720 963 2784 sine
1007 2717 1536 2784 contradictione
1575 2728 1789 2804 posset
1839 2737 1972 2781 esse

421 2837 720 2900 causatio
794 2837 991 2921 prior
1045 2837 1191 2900 sine
1239 2835 1647 2920 posteriore,·
1708 2855 1864 2916 erqo
1911 2842 1971 2895 et

423 2953 895 3017 correlativum
925 2952 1071 3015 sine
1110 2952 1513 3016 correlativo
1552 2949 1791 3035 absque
1821 2971 1970 3012 con-

426 3068 850 3147 tradictione,
916 3068 1089 3154 quod
1121 3079 1211 3133 est
1251 3070 1498 3151 falsum
1542 3094 1560 3131 .·
1606 3077 1762 3143 tum,
1817 3066 1971 3150 quia

425 3208 645 3252 omnes
711 3187 1071 3252 relat-iones
1145 3185 1402 3251 causati
1468 3193 1620 3249 sun-t
1688 3181 1975 3248 identice

429 3302 602 3367 idem
678 3302 1017 3379 absoluto,·
1101 3321 1255 3386 erqo
1332 3299 1776 3365 contradictio
1853 3308 1968 3375 est,

427 3441 628 3485 unam
670 3441 803 3486 esse
858 3420 1004 3484 sine
1052 3419 1190 3483 alia
1226 3443 1245 3481 .·
1292 3429 1453 3496 tum,
1498 3418 1656 3504 qnia
1714 3416 1976 3502 aliquid

426 3546 637 3619 posset
679 3557 811 3599 esse
850 3536 922 3599 in
963 3554 1034 3597 re
1082 3534 1228 3598 sine
1284 3532 1815 3598 contradictione
1863 3550 1976 3594 cns

429 3650 517 3715 ad
544 3651 746 3732 finem
788 3660 847 3713 et
881 3669 1013 3713 non
1053 3651 1377 3733 effectum,
1416 3646 1591 3733 quod
1623 3656 1714 3711 est
1745 3656 1976 3710 contra

429 3767 752 3849 quintam.
801 3765 1137 3830 Similiter
1166 3776 1258 3829 est
1297 3762 1763 3837 contradictio,
1804 3763 1977 3848 quod

429 3881 692 3967 aliquid
721 3882 809 3944 sit
848 3882 1274 3945 materiatum
1308 3890 1366 3944 et
1408 3900 1542 3944 non
1580 3880 1971 3962 formarunt,

433 3995 532 4059 vel
565 4016 598 4059 e
631 4005 888 4073 eontra,
949 4005 1130 4080 patet
1174 4017 1258 4058 esr
1293 3996 1597 4079 septima.
1645 3995 1979 4058 Similiter

430 4115 731 4198 effectum
778 4123 1063 4198 quatuor
1120 4133 1495 4190 causarum,
1557 4111 1732 4197 quod
1797 4113 1979 4176 scili-

431 4238 525 4291 cet
564 4236 656 4291 est
696 4225 778 4290 ab
819 4226 1156 4308 efficiente
1193 4248 1315 4312 per
1344 4227 1802 4302 mutationem,
1835 4248 1980 4290 con-

433 4342 746 4408 tradictio
777 4353 870 4408 est
909 4344 1004 4406 sic
1035 4342 1244 4426 effici,
1282 4355 1340 4407 et
1371 4365 1502 4407 non
1547 4364 1683 4407 esse
1722 4347 1978 4429 forma-

433 4466 566 4520 tum
632 4454 736 4519 rel
812 4456 1262 4519 materiatum.
1341 4456 1459 4519 Est
1528 4456 1735 4539 iyitur
1805 4458 1980 4520 inter

433 4568 843 4633 causationes
918 4589 1269 4633 causarum
1334 4567 1499 4632 ordo
1570 4551 1993 4647 eminentices

435 4686 591 4769 quia
663 4705 803 4750 una
859 4695 952 4748 est
987 4686 1348 4771 perfectior
1405 4685 1571 4764 alia,
1639 4685 1759 4748 hoc
1814 4686 1978 4748 satis

102 4827 242 4878 me,-
268 4844 409 4880 cau·
433 4810 635 4887 patet.
691 4802 822 4867 Nec
862 4802 1012 4866 ideo
1059 4800 1331 4877 dicitur,
1385 4801 1543 4885 quia
1582 4801 1720 4864 hwc
1751 4812 1977 4864 causat

101 4902 411 5005 {3552ss53ssss
438 4917 585 4983 ideo
617 4918 762 4995 illa,
811 4919 968 5003 quia
1017 4917 1103 4980 sit
1144 4916 1236 4980 ibi
1283 4916 1448 4981 ordo
1489 4915 1969 4999 dependentite,

183 5022 290 5068 Μ’·
434 5036 548 5102 sed
591 5038 748 5123 quia
772 5035 936 5100 ordo
979 5035 1378 5112 eminentite,
1435 5032 1537 5095 vel
1567 5034 1779 5115 massis
1819 5033 1977 5117 quia

433 5151 697 5238 aliquid
734 5161 826 5215 est
865 5160 1204 5215 causatum
1253 5149 1454 5212 unius
1503 5165 1736 5223 eausce,
1802 5146 1976 5233 quod

431 5289 567 5334 non
598 5279 689 5334 est
718 5268 1022 5350 alterius,
1059 5264 1173 5330 sed
1195 5275 1488 5350 respectu
1522 5266 1778 5328 causati
1806 5286 1973 5328 eom-

429 5394 672 5472 munis,
717 5413 856 5458 non
877 5402 966 5457 est
987 5391 1188 5456 ratio,
1225 5390 1405 5465 Item,
1451 5390 1510 5452 si
1540 5389 1715 5454 inter
1744 5409 1976 5453 causas

429 5516 516 5581 sit
573 5516 738 5582 ordo
791 5514 1287 5601 dependentia’,·
1340 5533 1494 5599 erqo
1559 5534 1692 5578 una
1751 5522 1978 5578 causat

432 5643 643 5709 aliam
676 5646 1070 5730 inquantum
1101 5663 1300 5708 eausa
1333 5665 1354 5707 .·
1395 5661 1528 5707 non
1559 5641 1736 5706 enim
1764 5648 1978 5726 potest

3490 458 3607 519 733

2065 622 2168 688 ibi
2215 625 2380 708 poni
2412 633 2753 688 causatum
2793 624 3023 711 prius;
3072 643 3225 708 erqo
3264 621 3423 703 finis
3463 641 3621 685 cau-

2062 751 2165 805 sat
2204 741 2627 825 efficientem,
2674 761 2818 825 quce
2877 751 3095 805 tamen
3150 760 3285 805 non
3319 740 3619 824 efficitur

2062 868 2340 943 propter
2372 877 2751 943 processum
2793 857 3176 939 infinitum,·
3229 877 3382 942 erqo
3426 856 3618 941 quin-

2070 985 2137 1038 ta
2185 975 2389 1058 falsa.
2436 973 2619 1052 Item,
2664 975 2723 1037 si
2776 993 2911 1039 una
2960 992 3158 1037 cau-sa
3203 983 3430 1036 causat
3469 992 3621 1036 cau-

2068 1090 2415 1168 sationem,
2454 1099 2522 1154 ut
2551 1089 2735 1171 finis,
2774 1089 2985 1174 ipsius
3016 1087 3402 1170 efficientiS,
3437 1086 3623 1152 etsie

2071 1209 2275 1284 ultra,
2316 1217 2469 1270 tunc
2498 1206 2679 1270 nihil
2709 1207 2836 1270 erit
2870 1204 3251 1269 immediate
3283 1215 3619 1270 causatum

2072 1345 2111 1387 a
2159 1333 2442 1408 quatuor
2490 1323 2728 1401 causis,
2765 1332 2823 1385 et
2866 1321 2961 1385 sic
3000 1331 3341 1386 causatum
3379 1343 3421 1385 a
3467 1341 3622 1406 qua-

2076 1449 2226 1504 tuor
2282 1459 2417 1503 non
2467 1449 2561 1502 cst
2625 1439 3016 1524 promimum
3084 1449 3419 1502 causatum
3489 1435 3626 1522 nisi

2075 1555 2300 1632 unius,
2340 1554 2441 1618 vel
2465 1553 2773 1618 duorum.

2168 1667 2411 1739 Nulla
2445 1688 2693 1739 cansa
2726 1672 2850 1740 est
2883 1666 3220 1757 aequalis
3255 1669 3619 1745 causato,

2081 1783 2449 1875 intelligo
2521 1783 2610 1854 de
2668 1783 2910 1856 totali
2980 1783 3057 1853 in
3119 1802 3625 1873 quocumque

2077 1920 2399 1991 genere.
2442 1900 2874 1982 Probatur,
2915 1900 3101 1991 quia
3126 1899 3340 1972 inter
3364 1919 3623 1991 {cqua-

2078 2017 2187 2090 lia
2225 2013 2385 2088 non
2419 2020 2541 2089 est
2565 2016 3085 2109 dependentia
3119 2016 3621 2095 essentialis;

2081 2136 2306 2227 patet
2384 2131 2819 2212 induetivc,
2906 2131 3367 2204 intrinsecae
3442 2133 3629 2202 sunt

2083 2249 2348 2320 minus
2389 2246 2726 2329 nobiles
2794 2247 3275 2320 extrinsecae
3321 2246 3610 2340 perfec·

2082 2365 2367 2437 tiores.

2555 2569 3001 2625 SCHOLIUM
3064 2569 3159 2624 IV.

2161 2754 2488 2823 Postquam
2522 2753 2811 2807 tractavit
2842 2750 2915 2804 de
2947 2747 3241 2805 membris
3271 2753 3508 2820 quartae
3540 2749 3633 2805 di-

2087 2850 2373 2916 visioniS,
2424 2864 2563 2918 quae
2604 2852 2695 2902 est
2724 2846 2994 2902 secunda
3034 2846 3378 2903 subdivisio
3418 2861 3641 2902 secun-

2085 2947 2181 3002 da>
2213 2947 2545 3002 divisionis
2576 2945 2971 3016 principaliS,
2995 2947 3211 3015 posita>
3233 2959 3366 3016 cap.
3400 2959 3440 3000 1.
3474 2949 3536 3000 et
3565 2945 3640 3000 de

2087 3047 2292 3116 primo
2348 3047 2481 3113 ejus
2542 3042 2841 3108 membro,
2896 3044 3133 3098 scilieet
3181 3043 3257 3098 de
3306 3057 3514 3110 causa,
3577 3045 3638 3097 in

2087 3158 2199 3200 sua
2249 3157 2498 3213 genera,
2551 3141 2791 3212 divisa;
2845 3141 3342 3212 pertranseundo
3391 3143 3639 3199 tertiam

2087 3241 2463 3297 divi<ionem
2506 3239 2593 3295 ibi
2626 3241 2890 3309 positam
2925 3240 2999 3295 de
3025 3241 3252 3311 primo,
3280 3245 3341 3295 et
3371 3239 3642 3295 secundo

2086 3343 2358 3405 causato,
2412 3338 2487 3394 de
2537 3338 2764 3409 quibus
2813 3341 3073 3407 constat,
3127 3337 3292 3409 quod
3338 3343 3644 3394 evacuant

2088 3438 2389 3505 divisum,
2447 3437 2623 3508 ponit
2670 3436 2824 3494 duas
2876 3439 3305 3495 conclusiones
3335 3439 3537 3494 claras
3567 3435 3643 3492 de

2088 3536 2359 3593 secunda
2384 3534 2717 3593 divisione.
2746 3538 2949 3593 Prima
2970 3540 3082 3602 est,
3120 3540 3256 3593 Non
3285 3552 3467 3593 omne
3494 3550 3645 3593 eau-

2085 3638 2299 3688 satum
2322 3634 2522 3700 priuS,
2552 3639 2635 3687 est
2668 3648 2866 3690 causa
2902 3634 3288 3701 posterioris.
3342 3630 3645 3697 Secunda,

2088 3733 2259 3788 Nihil
2288 3734 2698 3787 essentialiter
2725 3736 3035 3800 dependet,
3080 3734 3202 3787 nisi
3234 3746 3276 3787 a
3304 3745 3525 3799 causa,
3554 3735 3647 3786 vet

2086 3836 2348 3887 causato
2370 3832 2573 3897 priori
2604 3849 2615 3883 :
2651 3829 2985 3886 evidenter
3033 3830 3253 3901 probat
3295 3834 3641 3899 utramque.

2182 4008 2572 4100 Expedito
2616 4010 2705 4079 de
2749 4009 3365 4101 comparatione
3402 4027 3643 4078 mein·
3798 4029 3852 4080 8.

2086 4126 2427 4198 brorum
2456 4125 3235 4216 quai‘toedivisioniS‚
3272 4124 3361 4195 de
3393 4122 3639 4195 tertia

2089 4241 2453 4313 breviter
2498 4242 3017 4323 transeundo,
3069 4240 3257 4332 quia
3312 4240 3640 4333 planum

2091 4363 2216 4431 est
2288 4357 2460 4451 ejus
2529 4357 2965 4429 dividentia.
3029 4376 3515 4449 repugnare,
3563 4366 3642 4432 et

2091 4474 2441 4546 divisum
2495 4494 2922 4546 evacuare.

2186 4595 2357 4669 Quia
2406 4596 2465 4657 si
2507 4594 2636 4658 duo
2686 4606 3168 4680 comparantur
3215 4596 3307 4661 ad
3347 4596 3645 4662 eamdem

2089 4732 2382 4789 eausam,
2426 4721 2540 4774 aut
2591 4731 2746 4796 erqo
2785 4713 3197 4796 prooeimam,
3252 4724 3371 4779 aut
3431 4735 3645 4779 remo-

2091 4838 2250 4891 tam.
2344 4846 2351 4847 ’
2853 4830 2861 4839 ”

2178 4943 2292 5011 De
2348 4943 2693 5013 secunda
2752 4941 3150 5016 divisione
3208 4947 3405 5017 (luas
3463 4967 3645 5018 con-

2089 5054 2497 5126 clusiones
2551 5075 3030 5148 proponam.
3080 5058 3358 5130 Prima
3400 5064 3525 5132 est
3556 5061 3646 5130 de

2085 5170 2613 5245 distinctione
2652 5173 3237 5245 membrorum.

2177 5292 2324 5358 Non
2346 5313 2536 5357 omne
2559 5306 2898 5359 causatum
2929 5313 3141 5359 causa?
3164 5297 3637 5383 propinquius,
3695 5282 3943 5401 cluiinh.

2088 5419 2180 5473 est
2235 5429 2434 5473 causa
2484 5410 2741 5473 causati
2826 5410 3207 5475 remotioris
3264 5410 3344 5474 ab
3412 5412 3643 5479 eadem
3680 5482 3969 5537 Quantitas

2088 5547 2315 5592 eausa.

3723 5558 3833 5594 non
3875 5553 3953 5593 est

2183 5638 2401 5726 Ergo
2426 5640 2550 5709 est
2582 5635 2904 5726 aliquod
2930 5640 3353 5711 causatum
3380 5641 3636 5733 prius,

3769 4632 3903 4680 Con-

3730 4694 3856 4742 cluS.
3890 4693 3966 4744 10.

3676 5621 3846 5658 eausa
3864 5621 4000 5670 qua-

3740 5670 3932 5723 litatis.
