4252 6393
139 2009 183 2056 ll.

1622 450 1979 527 QUAES'rlo
2028 452 2164 514 ΧΙΧ

312 605 615 682 tionem
720 616 799 685 ct
889 612 1431 687 imitationem
1539 617 1856 686 naturae

310 728 763 801 mensurati
806 729 899 800 ad
968 733 1352 802 naturam
1398 748 1825 807 mensurae,

308 845 383 913 ct
426 861 585 914 non
620 849 745 918 est
790 845 1301 937 unigenietas
1350 845 1564 918 inter
1609 844 1859 917 talem

311 977 802 1042 mensuram,
869 967 949 1035 et
1028 967 1615 1042 mensuratum,
1699 961 1855 1032 nisi

310 1075 815 1166 unigenietas
852 1078 1341 1154 imitationis
1376 1108 1389 1149 :
1428 1085 1508 1153 et
1552 1078 1699 1151 hoc
1732 1084 1856 1152 est

312 1197 648 1284 propter
708 1195 1130 1286 quemdam
1187 1195 1525 1267 nimium
1584 1216 1856 1266 exces—

308 1329 486 1381 sum
548 1315 864 1383 naturae
933 1313 1283 1403 generis,
1332 1317 1419 1385 ut
1479 1312 1855 1403 signatur

306 1444 449 1516 per
514 1446 982 1500 mensuram
1059 1435 1424 1521 respectu
1500 1429 1700 1520 ejus,
1774 1433 1854 1501 ct

308 1542 686 1631 signatur
759 1565 900 1637 per
942 1550 1531 1627 mensuratum,
1617 1568 1852 1640 prop-

309 1662 430 1729 ter
491 1661 696 1750 quod
737 1666 1039 1736 natura
1099 1685 1500 1736 mensurae
1556 1664 1635 1735 in
1706 1666 1848 1739 tali

307 1795 600 1865 genere
682 1779 1275 1871 perfectissime
1332 1781 1692 1855 continet
1774 1783 1851 1853 in

304 1891 610 1965 virtute
652 1899 912 1969 totam
956 1903 1543 1971 mensuratum.

394 2010 495 2081 Et
540 2009 699 2083 ista
757 2014 880 2084 est
924 2014 1137 2086 ratio
1208 2014 1590 2107 perfectae
1644 2036 1851 2087 men-

309 2145 545 2210 surae,
614 2128 821 2218 quod
863 2130 1175 2203 scilicet
1232 2132 1541 2205 virtute
1600 2132 1854 2206 conti·

308 2248 491 2318 neat
528 2248 791 2319 totum
827 2254 1416 2331 mensuratum,
1457 2250 1667 2324 sicut
1726 2272 1853 2323 en-

306 2359 499 2433 titas
530 2360 802 2433 divina
839 2369 1210 2457 respectu
1237 2366 1608 2440 entitatis
1635 2390 1854 2441 crea·

307 2481 539 2550 turae.
606 2480 959 2573 Propter
1028 2481 1231 2571 quod
1297 2482 1374 2554 in
1447 2484 1622 2555 solo
1681 2488 1851 2558 Deo

305 2594 678 2668 salvatur
760 2595 1379 2687 perfectissimae
1452 2622 1854 2674 mensura}

308 2710 523 2783 ratio
561 2717 933 2804 respectu
983 2714 1248 2786 omnis
1290 2721 1724 2800 crcatnrae,
1768 2722 1855 2790 ut

304 2848 449 2899 sua
488 2828 790 2902 entitas
835 2850 1153 2902 omnem
1187 2832 1660 2913 entitatem;
1709 2855 1856 2906 sua

308 2944 673 3034 potentia
729 2965 1050 3017 omnem
1128 2947 1632 3038 potentiam;
1709 2971 1855 3022 sua

306 3059 711 3152 sapientia
782 3083 1101 3135 omnem
1181 3065 1667 3158 sapientiam
1740 3068 1857 3140 in-

301 3177 576 3251 cludit.
622 3178 838 3252 Unde
882 3179 960 3252 in
998 3180 1262 3275 primo
1297 3204 1591 3274 genere
1633 3184 1855 3258 latis·

306 3296 514 3369 simo
588 3297 1178 3391 Metaphysico,
1237 3303 1444 3393 quod
1511 3307 1635 3375 est
1694 3328 1850 3383 esse,

302 3414 426 3484 vel
469 3438 606 3495 ens,
634 3435 1017 3487 mensura
1074 3417 1151 3489 in
1196 3418 1337 3490 illo
1381 3439 1675 3510 genere
1732 3426 1856 3495 cst

300 3529 478 3600 sola
530 3528 830 3602 liabens
877 3532 1494 3624 perfectissimae
1541 3557 1856 3608 mensu-

301 3665 414 3716 rae
482 3646 887 3720 rationem
935 3652 1077 3722 :ut
1140 3652 1381 3733 DeuS‚
1432 3651 1565 3743 qui
1633 3653 1708 3724 in
1773 3676 1857 3725 se

299 3765 481 3835 toto
514 3768 637 3836 est
683 3784 1065 3836 mensura
1115 3767 1378 3838 omnis
1437 3789 1857 3840 mensura-

300 3879 389 3958 ti,
503 3899 661 3951 non
735 3880 849 3953 sic
913 3882 1003 3953 de
1057 3904 1442 3956 mensura
1510 3885 1856 3981 alicujus

300 3996 651 4070 alterius
695 3999 1019 4090 generis
1049 4022 1241 4073 vere
1286 4003 1851 4096 Metaphysici.

301 4115 522 4186 Deus
545 4115 786 4200 enim,
818 4117 953 4208 qui
978 4117 1176 4189 nihil
1204 4119 1584 4200 aliudest‚
1615 4143 1855 4215 quam

299 4253 460 4311 esse,
500 4231 876 4304 videlicet
923 4233 1068 4305 sub
1101 4234 1421 4307 ratione
1481 4257 1635 4328 qua
1696 4259 1856 4309 non

297 4352 426 4420 est
460 4347 704 4430 aliud,
774 4369 1016 4441 quam
1084 4374 1239 4432 esse,
1287 4356 1411 4425 est
1474 4373 1855 4426 mensura

296 4464 737 4556 cujuslibet
815 4491 950 4534 esse
1017 4468 1301 4546 creati,
1373 4469 1851 4561 inquantum

292 4586 421 4654 est
476 4605 657 4664 esse,·
755 4583 888 4654 Sed
968 4582 1449 4676 inquantum
1529 4592 1653 4659 est
1723 4615 1857 4660 csse

293 4698 712 4768 creaturae
747 4717 906 4767 non
934 4700 1508 4773 consideratur
1543 4703 1686 4773 sub
1722 4726 1854 4776 ra-

292 4812 552 4897 tione,
609 4834 769 4905 qua
846 4839 1021 4897 esse‚·
1085 4818 1215 4889 sod
1295 4819 1440 4890 sub
1508 4822 1852 4904 ratione,

295 4936 612 5021 quaest
663 4931 990 5022 aliquid,
1057 4938 1337 5027 utpote
1374 4936 1853 5020 substantia,

292 5046 427 5117 vel
494 5046 885 5138 potentia.
937 5049 1103 5121 Isto
1167 5051 1397 5123 modo
1441 5054 1654 5124 Deus
1718 5054 1864 5125 sub

297 5163 657 5246 ratione,
697 5184 851 5256 qua
884 5169 1007 5238 est
1049 5190 1203 5246 esse,
1263 5186 1421 5238 non
1475 5173 1599 5242 est
1647 5190 1864 5241 men-

297 5299 508 5351 sura
547 5283 973 5361 creaturae,
1015 5281 1497 5373 inquantum
1550 5289 1868 5357 creatu-

298 5414 395 5465 ra
420 5398 560 5466 est
587 5394 885 5487 aliquid
912 5421 926 5477 ;
974 5397 1107 5469 sed
1143 5397 1619 5490 inquantum
1652 5402 1868 5472 Deus

295 5515 425 5583 est
471 5509 804 5602 aliquid,
855 5516 1137 5605 utpote
1210 5514 1694 5596 substantia,
1742 5517 1872 5587 vol

298 5625 709 5718 potentia,
745 5625 1120 5720 differens
1155 5630 1588 5701 secundum
1626 5631 1874 5703 ratio-

3360 455 3478 518 643

1970 631 2153 683 nem
2187 612 2284 683 ab
2314 636 2469 695 esse,
2509 618 2632 687 est
2664 634 3045 686 mensura
3086 613 3517 707 cujuslibet

1971 733 2400 814 creaturae,
2448 732 2930 823 inquantum
2963 736 3352 807 creatura
3393 734 3517 805 est

1970 845 2272 938 aliquid
2315 876 2327 916 :
2379 847 2494 919 sic
2544 852 2668 921 est
2704 867 3087 920 mensura
3155 847 3519 921 substan·

1971 964 2103 1036 tiae
2185 970 2506 1047 creatae,
2594 966 3075 1057 inquantum
3151 965 3321 1058 ipse
3397 969 3522 1037 est

1972 1081 2334 1153 omnium
2378 1083 2834 1156 substantia
2872 1111 2883 1151 ;
2916 1088 2995 1156 et
3029 1083 3143 1155 sic
3176 1083 3268 1154 de
3308 1080 3518 1161 aliis,

1968 1218 2140 1288 quae
2187 1198 2510 1271 ratione
2550 1199 3030 1280 nobilitatis,
3090 1218 3333 1290 quam
3381 1198 3521 1269 im-

1970 1316 2328 1402 portant,
2387 1314 3006 1388 transferuntur
3048 1316 3143 1386 ad
3201 1313 3513 1393 divina,

1967 1432 2054 1501 ut
2079 1434 2266 1502 sunt
2303 1429 2632 1502 nomina
2667 1430 3290 1502 attributorum.
3331 1429 3518 1502 Sub·

1966 1545 2271 1619 stantia
2340 1551 2614 1620 autem
2658 1547 2811 1620 etsi
2859 1546 3333 1639 inquantum
3394 1549 3518 1617 est

1963 1682 2102 1733 cns
2138 1663 2576 1735 secundum
2613 1663 3113 1737 totalitatem
3146 1661 3516 1736 entitatis

1963 1798 2152 1860 suae,
2229 1800 2404 1870 quae
2457 1800 2624 1862 enS‚
2703 1780 2909 1872 quod
2977 1778 3370 1852 dividitur
3441 1780 3517 1849 in

1959 1894 2234 1967 decem
2271 1896 2914 1969 praedicamenta
2951 1896 3214 1988 primo
3250 1896 3524 1987 signat

1965 2016 2089 2085 est
2124 2033 2506 2085 mensura
2553 2015 2914 2086 omnium
2967 2013 3276 2087 entium
3334 2014 3530 2087 alio-

1968 2149 2148 2201 rum
2230 2130 2709 2222 inquantum
2780 2135 2968 2205 sunt
3038 2130 3283 2212 entia,
3361 2152 3522 2203 non

1969 2250 2241 2319 tamen
2264 2253 2387 2321 est
2414 2268 2796 2320 mensura
2824 2247 3187 2319 omnium
3211 2248 3522 2321 entium

1966 2365 2348 2447 aliorum,
2418 2365 2732 2438 scilicet
2787 2364 3324 2438 accidentium
3397 2385 3526 2437 ra-

1970 2482 2189 2556 tione
2232 2481 2477 2563 illius,
2527 2481 2732 2574 quod
2786 2481 3078 2555 addunt
3122 2501 3367 2573 super
3402 2501 3524 2552 ra-

1971 2599 2275 2673 tionem
2345 2599 2866 2680 substantiam
2954 2620 3091 2670 seu
3171 2619 3332 2671 non
3400 2602 3524 2672 est

1972 2737 2354 2789 mensura
2423 2736 2711 2789 eorum
2783 2716 3217 2788 secundum
3274 2716 3521 2790 ratio·

1971 2855 2110 2904 nes
2161 2834 2585 2925 propriaS‚
2633 2833 3004 2924 quamvis
3058 2832 3162 2905 sit
3208 2851 3519 2903 mensu-

1974 2968 2066 3019 ra-
2098 2970 2410 3032 eorum,
2459 2955 2548 3023 ut
2600 2949 2895 3023 habent
2942 2949 3340 3021 rationem
3404 2970 3527 3021 cn·

1972 3065 2078 3139 tis
2118 3090 2132 3133 :
2179 3071 2257 3139 et
2302 3066 2417 3138 sic
2458 3086 2842 3137 mensura
2878 3065 3037 3138 ista
3072 3085 3232 3136 non
3271 3065 3525 3138 conti·

1970 3184 2102 3252 net
2172 3181 2499 3252 omnino
2573 3183 2836 3254 totum
2909 3184 3494 3262 mensuratum,

1971 3304 2050 3372 ot
2121 3298 2295 3370 ideo
2359 3298 2570 3371 cadit
2641 3319 2685 3368 a
2762 3297 3079 3370 ratione
3142 3297 3523 3389 perfectm

1975 3433 2401 3484 mensurae.

2063 3531 2447 3601 Mensura
2489 3532 2762 3601 autem
2797 3533 3132 3621 accepta
3170 3528 3247 3599 in
3294 3548 3524 3620 gene·
3671 3564 3747 3617 ¹2,

1940 3669 2061 3739 *rc
2098 3646 2426 3737 logico,
2462 3647 2552 3717 de
2588 3665 2743 3736 qua
2775 3646 3074 3719 dictum
3121 3650 3269 3728 est,
3320 3649 3526 3740 quod
3557 3629 3826 3742 mss‘gffioe

1970 3767 2091 3833 est
2167 3761 2304 3832 illa
2364 3761 2698 3854 speciesu
2758 3782 2930 3853 quae
2993 3762 3527 3836 constituitur
3557 3754 3873 3868 iam-33¹3„

1972 3901 2118 3972 ber
2138 3878 2626 3952 nobiliorem
2670 3878 3213 3952 differentiam
3256 3879 3523 3951 divisi·
3557 3882 3836 4005 5¹²ngng

1970 4016 2202 4078 vam;
2291 3996 2425 4066 illa
2499 4014 2881 4066 mensura
2951 4016 3111 4068 non
3184 4001 3351 4071 stat
3445 3998 3524 4069 in

1972 4113 2503 4206 simplicitate
2564 4116 2878 4185 natura}
2913 4113 3268 4204 generis,
3354 4114 3523 4184 sive

1972 4250 2131 4301 non
2202 4233 2367 4303 stat
2442 4230 2520 4300 in
2581 4228 3116 4322 simplicitate
3198 4229 3523 4300 omnino

1971 4346 2426 4438 importata
2513 4348 2831 4417 naturae
2903 4345 3251 4436 generis.
3327 4347 3526 4418 Cum

1969 4464 2186 4534 enim
2227 4462 2554 4542 dicitur,
2623 4462 3080 4535 substantia
3132 4462 3294 4534 alia
3354 4482 3528 4536 cor·

1976 4598 2248 4670 porea,
2285 4579 2448 4650 alia
2486 4578 3009 4671 incorporea3
3041 4583 3526 4669 incorporeum,

1974 4696 2177 4786 quod
2221 4700 2345 4767 est
2383 4714 2789 4773 mensura,
2828 4714 2988 4764 non
3032 4699 3197 4768 stat
3231 4696 3310 4767 in
3347 4697 3530 4770 sim-

1974 4811 2342 4904 plicitate
2386 4815 2700 4883 natum
2750 4809 3214 4902 importatae
3274 4814 3532 4886 nomi-

1975 4950 2072 5000 ne
2110 4931 2517 5006 substantioe,
2565 4925 2764 4996 nihil
2800 4925 3149 4999 addendo
3186 4950 3430 5021 super
3462 4930 3532 5000 i‹l

1980 5045 2184 5136 quod
2239 5043 2505 5134 primo
2569 5039 2979 5130 significat
3040 5063 3333 5114 nomen
3386 5048 3533 5111 sub-

1977 5165 2271 5240 stamma
2321 5159 2536 5230 sicut
2583 5162 2747 5231 stat
2785 5158 2879 5238 id,
2929 5159 3281 5249 quodest
3327 5180 3534 5232 men-

1984 5297 2179 5350 sura
2234 5276 2311 5348 in
2359 5274 2717 5366 quolibet
2771 5294 3068 5364 genere
3112 5275 3534 5369 Metaphy-

1986 5395 2182 5467 sico.
2258 5393 2465 5464 Nam
2536 5411 2716 5462 cum
2804 5390 3128 5472 dicitur,
3224 5392 3536 5465 entium

1986 5513 2201 5584 aliud
2283 5508 2768 5588 substantia,
2849 5508 3063 5579 aliud
3143 5510 3536 5592 accidens,

1987 5629 2354 5696 substancia
2395 5622 2596 5695 nihil
2648 5620 2860 5694 addit
2895 5643 3143 5715 supra
3190 5623 3283 5707 id,
3336 5626 3543 5717 quod
