<?xml version="1.0" encoding="UTF-8"?>
<!DOCTYPE html PUBLIC "-//W3C//DTD XHTML 1.0 Transitional//EN"
    "http://www.w3.org/TR/xhtml1/DTD/xhtml1-transitional.dtd">
<html xmlns="http://www.w3.org/1999/xhtml" xml:lang="en" lang="en">
 <head>
  <title>
</title>
<meta http-equiv="Content-Type" content="text/html;charset=utf-8" />
  <meta name='ocr-system' content='tesseract 3.04.00' />
  <meta name='ocr-capabilities' content='ocr_page ocr_carea ocr_par ocr_line ocrx_word'/>
</head>
<body>
  <div class='ocr_page' id='page_1' title='image "./joannisdunsscot03waddgoog_0372.png"; bbox 0 0 4252 6393; ppageno 0'>
   <div class='ocr_carea' id='block_1_1' title="bbox 387 4851 702 5590">
    <p class='ocr_par' dir='ltr' id='par_1_1' title="bbox 387 4851 702 5590">
     <span class='ocr_line' id='line_1_1' title="bbox 387 4851 669 4904; baseline 0 -1"><span class='ocrx_word' id='word_1_1' title='bbox 387 4853 448 4904; x_wconf 83' lang='lat' dir='ltr'>S.</span> <span class='ocrx_word' id='word_1_2' title='bbox 483 4851 669 4903; x_wconf 84' lang='lat' dir='ltr'>Thom.</span> 
     </span>
     <span class='ocr_line' id='line_1_2' title="bbox 390 4913 702 4978; baseline 0 -15"><span class='ocrx_word' id='word_1_3' title='bbox 390 4915 441 4967; x_wconf 99' lang='grc'>1.</span> <span class='ocrx_word' id='word_1_4' title='bbox 478 4929 532 4977; x_wconf 83' lang='grc' dir='ltr'>ρ.</span> <span class='ocrx_word' id='word_1_5' title='bbox 560 4931 611 4978; x_wconf 86' lang='lat' dir='ltr'>q.</span> <span class='ocrx_word' id='word_1_6' title='bbox 639 4913 702 4964; x_wconf 78' lang='lat'>66</span> 
     </span>
     <span class='ocr_line' id='line_1_3' title="bbox 448 4978 637 5029; baseline 0.021 -4"><span class='ocrx_word' id='word_1_7' title='bbox 448 4981 553 5028; x_wconf 79' lang='lat' dir='ltr'>art.</span> <span class='ocrx_word' id='word_1_8' title='bbox 591 4978 637 5029; x_wconf 84' lang='lat'>1.</span> 
     </span>
     <span class='ocr_line' id='line_1_4' title="bbox 450 5040 613 5090; baseline 0.012 -2"><span class='ocrx_word' id='word_1_9' title='bbox 450 5040 613 5090; x_wconf 84' lang='lat' dir='ltr'>Henr.</span> 
     </span>
     <span class='ocr_line' id='line_1_5' title="bbox 388 5100 677 5163; baseline 0.021 -15"><span class='ocrx_word' id='word_1_10' title='bbox 388 5100 563 5163; x_wconf 83' lang='lat' dir='ltr'>quedl.</span> <span class='ocrx_word' id='word_1_11' title='bbox 625 5103 677 5154; x_wconf 89' lang='grc'>1.</span> 
     </span>
     <span class='ocr_line' id='line_1_6' title="bbox 390 5166 696 5275; baseline 0.02 -64"><span class='ocrx_word' id='word_1_12' title='bbox 390 5168 570 5275; x_wconf 58' lang='lat' dir='ltr'>Zuaest.</span> <span class='ocrx_word' id='word_1_13' title='bbox 616 5166 696 5217; x_wconf 92' lang='grc'>10.</span> 
     </span>
     <span class='ocr_line' id='line_1_7' title="bbox 428 5227 702 5287; baseline 0.015 -14"><span class='ocrx_word' id='word_1_14' title='bbox 428 5227 583 5287; x_wconf 80' lang='lat' dir='ltr'>pinio</span> <span class='ocrx_word' id='word_1_15' title='bbox 614 5229 702 5276; x_wconf 82' lang='lat' dir='ltr'>di-</span> 
     </span>
     <span class='ocr_line' id='line_1_8' title="bbox 431 5290 666 5339; baseline 0.013 -3"><span class='ocrx_word' id='word_1_16' title='bbox 431 5290 666 5339; x_wconf 74' lang='lat' dir='ltr'>cen-&#39;ium</span> 
     </span>
     <span class='ocr_line' id='line_1_9' title="bbox 389 5354 678 5401; baseline 0.014 -4"><span class='ocrx_word' id='word_1_17' title='bbox 389 5354 678 5401; x_wconf 78' lang='lat' dir='ltr'>materiam</span> 
     </span>
     <span class='ocr_line' id='line_1_10' title="bbox 430 5427 669 5477; baseline 0.017 -17"><span class='ocrx_word' id='word_1_18' title='bbox 430 5427 540 5461; x_wconf 74' lang='lat' dir='ltr'>esse</span> <span class='ocrx_word' id='word_1_19' title='bbox 565 5430 669 5477; x_wconf 84' lang='lat' dir='ltr'>pu-</span> 
     </span>
     <span class='ocr_line' id='line_1_11' title="bbox 387 5485 701 5538; baseline 0.022 -19"><span class='ocrx_word' id='word_1_20' title='bbox 387 5485 701 5538; x_wconf 77' lang='lat' dir='ltr'>rampoten·</span> 
     </span>
     <span class='ocr_line' id='line_1_12' title="bbox 469 5538 629 5590; baseline 0.025 -4"><span class='ocrx_word' id='word_1_21' title='bbox 469 5538 629 5590; x_wconf 76' lang='lat' dir='ltr'>tiam.</span> 
     </span>
    </p>
   </div>
   <div class='ocr_carea' id='block_1_2' title="bbox 733 439 853 509">
    <p class='ocr_par' dir='ltr' id='par_1_2' title="bbox 733 439 853 509">
     <span class='ocr_line' id='line_1_13' title="bbox 733 439 853 509; baseline 0.017 -2"><span class='ocrx_word' id='word_1_22' title='bbox 733 439 853 509; x_wconf 76' lang='lat'>346</span> 
     </span>
    </p>
   </div>
   <div class='ocr_carea' id='block_1_3' title="bbox 722 605 2267 1517">
    <p class='ocr_par' dir='ltr' id='par_1_3' title="bbox 722 605 2267 1517">
     <span class='ocr_line' id='line_1_14' title="bbox 722 605 2266 700; baseline -0.001 -21"><span class='ocrx_word' id='word_1_23' title='bbox 722 609 983 700; x_wconf 89' lang='lat' dir='ltr'>parte,</span> <span class='ocrx_word' id='word_1_24' title='bbox 1066 607 1200 679; x_wconf 91' lang='lat' dir='ltr'>sed</span> <span class='ocrx_word' id='word_1_25' title='bbox 1265 626 1410 700; x_wconf 90' lang='lat' dir='ltr'>per</span> <span class='ocrx_word' id='word_1_26' title='bbox 1476 605 2103 689; x_wconf 82' lang='lat' dir='ltr'>emanationem,</span> <span class='ocrx_word' id='word_1_27' title='bbox 2177 608 2266 679; x_wconf 93' lang='lat' dir='ltr'>ut</span> 
     </span>
     <span class='ocr_line' id='line_1_15' title="bbox 725 723 2266 818; baseline 0.001 -23"><span class='ocrx_word' id='word_1_28' title='bbox 725 723 1035 818; x_wconf 92' lang='lat' dir='ltr'>species</span> <span class='ocrx_word' id='word_1_29' title='bbox 1095 742 1144 795; x_wconf 89' lang='lat' dir='ltr'>a</span> <span class='ocrx_word' id='word_1_30' title='bbox 1201 724 1513 802; x_wconf 89' lang='lat' dir='ltr'>colore;</span> <span class='ocrx_word' id='word_1_31' title='bbox 1577 743 1720 797; x_wconf 91' lang='lat' dir='ltr'>nec</span> <span class='ocrx_word' id='word_1_32' title='bbox 1782 723 1983 798; x_wconf 90' lang='lat' dir='ltr'>talia</span> <span class='ocrx_word' id='word_1_33' title='bbox 2040 723 2266 796; x_wconf 91' lang='lat' dir='ltr'>dimi-</span> 
     </span>
     <span class='ocr_line' id='line_1_16' title="bbox 723 839 2264 932; baseline 0 -21"><span class='ocrx_word' id='word_1_34' title='bbox 723 846 1004 920; x_wconf 92' lang='lat' dir='ltr'>nuunt,</span> <span class='ocrx_word' id='word_1_35' title='bbox 1038 839 1167 912; x_wconf 84' lang='lat' dir='ltr'>vel</span> <span class='ocrx_word' id='word_1_36' title='bbox 1206 845 1694 914; x_wconf 89' lang='lat' dir='ltr'>consumunt</span> <span class='ocrx_word' id='word_1_37' title='bbox 1729 839 1948 921; x_wconf 89' lang='lat' dir='ltr'>illud,</span> <span class='ocrx_word' id='word_1_38' title='bbox 1983 840 2075 913; x_wconf 91' lang='lat' dir='ltr'>de</span> <span class='ocrx_word' id='word_1_39' title='bbox 2108 860 2264 932; x_wconf 88' lang='lat' dir='ltr'>quo</span> 
     </span>
     <span class='ocr_line' id='line_1_17' title="bbox 722 954 2264 1048; baseline 0.001 -20"><span class='ocrx_word' id='word_1_40' title='bbox 722 957 952 1038; x_wconf 86' lang='lat' dir='ltr'>fiunt,</span> <span class='ocrx_word' id='word_1_41' title='bbox 1007 955 1194 1048; x_wconf 85' lang='lat' dir='ltr'>quia</span> <span class='ocrx_word' id='word_1_42' title='bbox 1233 975 1395 1028; x_wconf 91' lang='lat' dir='ltr'>non</span> <span class='ocrx_word' id='word_1_43' title='bbox 1447 959 1635 1028; x_wconf 91' lang='lat' dir='ltr'>sunt</span> <span class='ocrx_word' id='word_1_44' title='bbox 1688 976 1820 1029; x_wconf 90' lang='lat' dir='ltr'>res</span> <span class='ocrx_word' id='word_1_45' title='bbox 1881 954 2264 1048; x_wconf 88' lang='lat' dir='ltr'>simplici·</span> 
     </span>
     <span class='ocr_line' id='line_1_18' title="bbox 725 1072 2262 1166; baseline -0.001 -19"><span class='ocrx_word' id='word_1_46' title='bbox 725 1078 877 1155; x_wconf 89' lang='lat' dir='ltr'>ter,</span> <span class='ocrx_word' id='word_1_47' title='bbox 943 1074 1075 1145; x_wconf 88' lang='lat' dir='ltr'>sed</span> <span class='ocrx_word' id='word_1_48' title='bbox 1136 1073 1722 1166; x_wconf 90' lang='lat' dir='ltr'>quodammodo</span> <span class='ocrx_word' id='word_1_49' title='bbox 1788 1072 2262 1155; x_wconf 88' lang='lat' dir='ltr'>intentione,</span> 
     </span>
     <span class='ocr_line' id='line_1_19' title="bbox 726 1188 2266 1272; baseline -0.002 -10"><span class='ocrx_word' id='word_1_50' title='bbox 726 1193 815 1263; x_wconf 92' lang='lat' dir='ltr'>ut</span> <span class='ocrx_word' id='word_1_51' title='bbox 852 1191 1145 1271; x_wconf 89' lang='lat' dir='ltr'>lumen,</span> <span class='ocrx_word' id='word_1_52' title='bbox 1184 1190 1656 1270; x_wconf 86' lang='lat' dir='ltr'>intellectio,</span> <span class='ocrx_word' id='word_1_53' title='bbox 1700 1188 2016 1272; x_wconf 81' lang='lat' dir='ltr'>volitiO,</span> <span class='ocrx_word' id='word_1_54' title='bbox 2056 1189 2266 1261; x_wconf 89' lang='lat' dir='ltr'>sicut</span> 
     </span>
     <span class='ocr_line' id='line_1_20' title="bbox 728 1307 2267 1400; baseline 0 -22"><span class='ocrx_word' id='word_1_55' title='bbox 728 1308 1036 1400; x_wconf 88' lang='lat' dir='ltr'>species</span> <span class='ocrx_word' id='word_1_56' title='bbox 1089 1307 1421 1380; x_wconf 88' lang='lat' dir='ltr'>coloris.</span> <span class='ocrx_word' id='word_1_57' title='bbox 1486 1310 1586 1380; x_wconf 87' lang='lat' dir='ltr'>Et</span> <span class='ocrx_word' id='word_1_58' title='bbox 1648 1307 1765 1381; x_wconf 92' lang='lat' dir='ltr'>sic</span> <span class='ocrx_word' id='word_1_59' title='bbox 1821 1310 2041 1400; x_wconf 87' lang='lat' dir='ltr'>patet</span> <span class='ocrx_word' id='word_1_60' title='bbox 2105 1326 2267 1378; x_wconf 91' lang='lat' dir='ltr'>res·</span> 
     </span>
     <span class='ocr_line' id='line_1_21' title="bbox 728 1424 1702 1517; baseline -0.001 -21"><span class='ocrx_word' id='word_1_61' title='bbox 728 1424 1014 1517; x_wconf 90' lang='lat' dir='ltr'>ponsio</span> <span class='ocrx_word' id='word_1_62' title='bbox 1055 1424 1149 1497; x_wconf 87' lang='lat' dir='ltr'>ad</span> <span class='ocrx_word' id='word_1_63' title='bbox 1190 1427 1702 1516; x_wconf 86' lang='lat' dir='ltr'>argumenta.</span> 
     </span>
    </p>
   </div>
   <div class='ocr_carea' id='block_1_4' title="bbox 1145 1740 1865 1825">
    <p class='ocr_par' dir='ltr' id='par_1_4' title="bbox 1145 1740 1865 1825">
     <span class='ocr_line' id='line_1_22' title="bbox 1145 1740 1865 1825; baseline -0.003 -12"><span class='ocrx_word' id='word_1_64' title='bbox 1145 1740 1611 1825; x_wconf 86' lang='lat' dir='ltr'><strong>QUAESTIO</strong></span> <span class='ocrx_word' id='word_1_65' title='bbox 1687 1742 1865 1814; x_wconf 89' lang='lat' dir='ltr'>VII.</span> 
     </span>
    </p>
   </div>
   <div class='ocr_carea' id='block_1_5' title="bbox 733 1938 2271 2260">
    <p class='ocr_par' dir='ltr' id='par_1_5' title="bbox 733 1938 2271 2260">
     <span class='ocr_line' id='line_1_23' title="bbox 733 1938 2269 2025; baseline -0.004 -15"><span class='ocrx_word' id='word_1_66' title='bbox 733 1941 966 2010; x_wconf 78' lang='lat' dir='ltr'>Utrum</span> <span class='ocrx_word' id='word_1_67' title='bbox 1009 1940 1381 2007; x_wconf 75' lang='lat' dir='ltr'>substantia</span> <span class='ocrx_word' id='word_1_68' title='bbox 1428 1938 1811 2025; x_wconf 75' lang='lat' dir='ltr'>spiritualis</span> <span class='ocrx_word' id='word_1_69' title='bbox 1845 1959 1969 2024; x_wconf 85' lang='lat' dir='ltr'>per</span> <span class='ocrx_word' id='word_1_70' title='bbox 2012 1959 2080 2004; x_wconf 79' lang='lat' dir='ltr'>se</span> <span class='ocrx_word' id='word_1_71' title='bbox 2115 1939 2269 2004; x_wconf 75' lang='lat' dir='ltr'>sub-</span> 
     </span>
     <span class='ocr_line' id='line_1_24' title="bbox 810 2055 2271 2143; baseline -0.003 -18"><span class='ocrx_word' id='word_1_72' title='bbox 810 2059 1072 2137; x_wconf 70' lang='lat' dir='ltr'>sistem,</span> <span class='ocrx_word' id='word_1_73' title='bbox 1109 2057 1214 2124; x_wconf 82' lang='lat' dir='ltr'>vel</span> <span class='ocrx_word' id='word_1_74' title='bbox 1251 2067 1411 2143; x_wconf 78' lang='lat' dir='ltr'>apta</span> <span class='ocrx_word' id='word_1_75' title='bbox 1460 2065 1619 2121; x_wconf 78' lang='lat' dir='ltr'>nata</span> <span class='ocrx_word' id='word_1_76' title='bbox 1665 2055 2037 2134; x_wconf 64' lang='lat' dir='ltr'>subsistere,</span> <span class='ocrx_word' id='word_1_77' title='bbox 2092 2056 2271 2121; x_wconf 88' lang='lat' dir='ltr'>inni·</span> 
     </span>
     <span class='ocr_line' id='line_1_25' title="bbox 813 2169 1835 2260; baseline -0.006 -18"><span class='ocrx_word' id='word_1_78' title='bbox 813 2185 996 2242; x_wconf 76' lang='lat' dir='ltr'>tatur</span> <span class='ocrx_word' id='word_1_79' title='bbox 1022 2173 1461 2260; x_wconf 74' lang='lat' dir='ltr'>fundamento</span> <span class='ocrx_word' id='word_1_80' title='bbox 1491 2169 1835 2237; x_wconf 79' lang='lat' dir='ltr'>materioe?</span> 
     </span>
    </p>
   </div>
   <div class='ocr_carea' id='block_1_6' title="bbox 725 2366 2276 3086">
    <p class='ocr_par' dir='ltr' id='par_1_6' title="bbox 725 2366 2276 3086">
     <span class='ocr_line' id='line_1_26' title="bbox 725 2366 2271 2444; baseline -0.002 -15"><span class='ocrx_word' id='word_1_81' title='bbox 725 2371 1015 2444; x_wconf 72' lang='lat' dir='ltr'>Angustia.</span> <span class='ocrx_word' id='word_1_82' title='bbox 1047 2369 1144 2427; x_wconf 84' lang='lat' dir='ltr'>lib.</span> <span class='ocrx_word' id='word_1_83' title='bbox 1177 2367 1266 2424; x_wconf 88' lang='grc'>12.</span> <span class='ocrx_word' id='word_1_84' title='bbox 1311 2369 1547 2436; x_wconf 75' lang='lat' dir='ltr'>consess.</span> <span class='ocrx_word' id='word_1_85' title='bbox 1582 2383 1702 2436; x_wconf 75' lang='lat' dir='ltr'>cap.</span> <span class='ocrx_word' id='word_1_86' title='bbox 1751 2367 1807 2425; x_wconf 85' lang='lat'>7.</span> <span class='ocrx_word' id='word_1_87' title='bbox 1856 2367 1908 2424; x_wconf 90' lang='grc'>8.</span> <span class='ocrx_word' id='word_1_88' title='bbox 1956 2369 2047 2426; x_wconf 89' lang='grc'>20.</span> <span class='ocrx_word' id='word_1_89' title='bbox 2095 2373 2145 2422; x_wconf 75' lang='lat' dir='ltr'>et</span> <span class='ocrx_word' id='word_1_90' title='bbox 2178 2366 2271 2426; x_wconf 72' lang='lat'>21.</span> 
     </span>
     <span class='ocr_line' id='line_1_27' title="bbox 794 2439 2271 2510; baseline -0.002 -9"><span class='ocrx_word' id='word_1_91' title='bbox 794 2446 928 2501; x_wconf 82' lang='lat' dir='ltr'>Alen</span> <span class='ocrx_word' id='word_1_92' title='bbox 978 2446 1035 2500; x_wconf 89' lang='grc'>2.</span> <span class='ocrx_word' id='word_1_93' title='bbox 1064 2447 1211 2510; x_wconf 79' lang='lat' dir='ltr'>pare.</span> <span class='ocrx_word' id='word_1_94' title='bbox 1240 2439 1326 2498; x_wconf 88' lang='grc'>60.</span> <span class='ocrx_word' id='word_1_95' title='bbox 1358 2454 1520 2497; x_wconf 77' lang='lat' dir='ltr'>mem.</span> <span class='ocrx_word' id='word_1_96' title='bbox 1552 2439 1602 2496; x_wconf 75' lang='lat'><em>2</em></span> <span class='ocrx_word' id='word_1_97' title='bbox 1623 2445 1876 2508; x_wconf 66' lang='lat' dir='ltr'>uquam.</span> <span class='ocrx_word' id='word_1_98' title='bbox 1908 2441 1999 2498; x_wconf 85' lang='grc'>61.</span> <span class='ocrx_word' id='word_1_99' title='bbox 2029 2456 2189 2496; x_wconf 79' lang='lat' dir='ltr'>mem.</span> <span class='ocrx_word' id='word_1_100' title='bbox 2223 2442 2271 2498; x_wconf 91' lang='grc'>1.</span> 
     </span>
     <span class='ocr_line' id='line_1_28' title="bbox 796 2511 2273 2581; baseline -0.004 -9"><span class='ocrx_word' id='word_1_101' title='bbox 796 2519 862 2574; x_wconf 92' lang='lat' dir='ltr'>D.</span> <span class='ocrx_word' id='word_1_102' title='bbox 909 2513 1095 2572; x_wconf 86' lang='lat' dir='ltr'>Thom.</span> <span class='ocrx_word' id='word_1_103' title='bbox 1143 2513 1194 2568; x_wconf 90' lang='grc'>1.</span> <span class='ocrx_word' id='word_1_104' title='bbox 1236 2518 1381 2578; x_wconf 80' lang='lat' dir='ltr'>part.</span> <span class='ocrx_word' id='word_1_105' title='bbox 1419 2517 1605 2581; x_wconf 61' lang='lat' dir='ltr'>quase.</span> <span class='ocrx_word' id='word_1_106' title='bbox 1640 2511 1730 2568; x_wconf 91' lang='lat'>50.</span> <span class='ocrx_word' id='word_1_107' title='bbox 1763 2517 1874 2569; x_wconf 77' lang='lat' dir='ltr'>art.</span> <span class='ocrx_word' id='word_1_108' title='bbox 1900 2515 1952 2570; x_wconf 90' lang='grc'>2.</span> <span class='ocrx_word' id='word_1_109' title='bbox 1991 2515 2053 2569; x_wconf 90' lang='lat' dir='ltr'>D.</span> <span class='ocrx_word' id='word_1_110' title='bbox 2090 2512 2273 2568; x_wconf 85' lang='lat' dir='ltr'>Bona-</span> 
     </span>
     <span class='ocr_line' id='line_1_29' title="bbox 798 2582 2274 2653; baseline -0.002 -10"><span class='ocrx_word' id='word_1_111' title='bbox 798 2588 948 2643; x_wconf 79' lang='lat' dir='ltr'>vent.</span> <span class='ocrx_word' id='word_1_112' title='bbox 974 2589 1037 2641; x_wconf 87' lang='lat' dir='ltr'>in</span> <span class='ocrx_word' id='word_1_113' title='bbox 1064 2587 1120 2642; x_wconf 91' lang='grc'><strong>2.</strong></span> <span class='ocrx_word' id='word_1_114' title='bbox 1161 2585 1290 2642; x_wconf 77' lang='lat' dir='ltr'>dist.</span> <span class='ocrx_word' id='word_1_115' title='bbox 1325 2582 1378 2641; x_wconf 82' lang='lat'>3.</span> <span class='ocrx_word' id='word_1_116' title='bbox 1407 2589 1559 2652; x_wconf 77' lang='lat' dir='ltr'>part.</span> <span class='ocrx_word' id='word_1_117' title='bbox 1594 2584 1643 2639; x_wconf 89' lang='lat'>1.</span> <span class='ocrx_word' id='word_1_118' title='bbox 1677 2588 1790 2639; x_wconf 78' lang='lat' dir='ltr'>art.</span> <span class='ocrx_word' id='word_1_119' title='bbox 1820 2585 1867 2640; x_wconf 89' lang='grc'>1.</span> <span class='ocrx_word' id='word_1_120' title='bbox 1894 2583 2148 2653; x_wconf 51' lang='grc'><strong>902302.</strong></span> <span class='ocrx_word' id='word_1_121' title='bbox 2170 2583 2274 2640; x_wconf 82' lang='lat' dir='ltr'>Ri-</span> 
     </span>
     <span class='ocr_line' id='line_1_30' title="bbox 797 2655 2269 2726; baseline -0.001 -12"><span class='ocrx_word' id='word_1_122' title='bbox 797 2657 1027 2715; x_wconf 76' lang='lat' dir='ltr'>chardus</span> <span class='ocrx_word' id='word_1_123' title='bbox 1053 2656 1191 2712; x_wconf 83' lang='lat' dir='ltr'>ibid.</span> <span class='ocrx_word' id='word_1_124' title='bbox 1220 2661 1331 2711; x_wconf 72' lang='lat' dir='ltr'>art.</span> <span class='ocrx_word' id='word_1_125' title='bbox 1365 2655 1415 2712; x_wconf 92' lang='grc'>1.</span> <span class='ocrx_word' id='word_1_126' title='bbox 1440 2658 1629 2725; x_wconf 70' lang='lat' dir='ltr'>quaest.</span> <span class='ocrx_word' id='word_1_127' title='bbox 1656 2655 1711 2712; x_wconf 89' lang='lat'>2.</span> <span class='ocrx_word' id='word_1_128' title='bbox 1751 2661 1797 2709; x_wconf 76' lang='lat' dir='ltr'>et</span> <span class='ocrx_word' id='word_1_129' title='bbox 1830 2663 1943 2714; x_wconf 72' lang='lat' dir='ltr'>art.</span> <span class='ocrx_word' id='word_1_130' title='bbox 1983 2659 2036 2713; x_wconf 87' lang='lat'>2.</span> <span class='ocrx_word' id='word_1_131' title='bbox 2077 2661 2269 2726; x_wconf 66' lang='lat' dir='ltr'>quest.</span> 
     </span>
     <span class='ocr_line' id='line_1_31' title="bbox 800 2725 2269 2800; baseline -0.001 -14"><span class='ocrx_word' id='word_1_132' title='bbox 800 2733 854 2787; x_wconf 89' lang='grc'>1.</span> <span class='ocrx_word' id='word_1_133' title='bbox 884 2735 933 2785; x_wconf 73' lang='lat' dir='ltr'>et</span> <span class='ocrx_word' id='word_1_134' title='bbox 961 2733 1013 2786; x_wconf 90' lang='grc'><strong>2.</strong></span> <span class='ocrx_word' id='word_1_135' title='bbox 1046 2726 1258 2786; x_wconf 73' lang='lat' dir='ltr'>Aul-eol.</span> <span class='ocrx_word' id='word_1_136' title='bbox 1292 2741 1324 2780; x_wconf 84' lang='lat' dir='ltr'>a</span> <span class='ocrx_word' id='word_1_137' title='bbox 1361 2725 1433 2782; x_wconf 91' lang='lat' dir='ltr'>ud</span> <span class='ocrx_word' id='word_1_138' title='bbox 1475 2725 1713 2800; x_wconf 80' lang='lat' dir='ltr'>Capreol.</span> <span class='ocrx_word' id='word_1_139' title='bbox 1753 2733 1941 2796; x_wconf 67' lang='lat' dir='ltr'>quaest.</span> <span class='ocrx_word' id='word_1_140' title='bbox 1986 2729 2035 2785; x_wconf 92' lang='grc'>1.</span> <span class='ocrx_word' id='word_1_141' title='bbox 2075 2733 2184 2784; x_wconf 79' lang='lat' dir='ltr'>art.</span> <span class='ocrx_word' id='word_1_142' title='bbox 2213 2729 2269 2785; x_wconf 84' lang='lat'>2.</span> 
     </span>
     <span class='ocr_line' id='line_1_32' title="bbox 798 2796 2270 2858; baseline 0.001 -1"><span class='ocrx_word' id='word_1_143' title='bbox 798 2799 1036 2857; x_wconf 80' lang='lat' dir='ltr'>Durand.</span> <span class='ocrx_word' id='word_1_144' title='bbox 1072 2801 1269 2854; x_wconf 73' lang='lat' dir='ltr'>eadem</span> <span class='ocrx_word' id='word_1_145' title='bbox 1344 2805 1435 2855; x_wconf 77' lang='lat' dir='ltr'>ist.</span> <span class='ocrx_word' id='word_1_146' title='bbox 1475 2796 1527 2855; x_wconf 85' lang='lat'>3.</span> <span class='ocrx_word' id='word_1_147' title='bbox 1570 2804 1618 2854; x_wconf 78' lang='lat' dir='ltr'>et</span> <span class='ocrx_word' id='word_1_148' title='bbox 1638 2799 1690 2854; x_wconf 89' lang='grc'><strong>8.</strong></span> <span class='ocrx_word' id='word_1_149' title='bbox 1720 2798 2012 2856; x_wconf 75' lang='lat' dir='ltr'>Feri-arian.</span> <span class='ocrx_word' id='word_1_150' title='bbox 2043 2801 2094 2854; x_wconf 91' lang='grc'><strong>2.</strong></span> <span class='ocrx_word' id='word_1_151' title='bbox 2123 2803 2270 2858; x_wconf 76' lang='lat' dir='ltr'>cont.</span> 
     </span>
     <span class='ocr_line' id='line_1_33' title="bbox 799 2869 2270 2943; baseline -0.001 -13"><span class='ocrx_word' id='word_1_152' title='bbox 799 2874 931 2930; x_wconf 81' lang='lat' dir='ltr'>Gen.</span> <span class='ocrx_word' id='word_1_153' title='bbox 958 2889 1078 2943; x_wconf 84' lang='lat' dir='ltr'>cap.</span> <span class='ocrx_word' id='word_1_154' title='bbox 1108 2871 1199 2927; x_wconf 85' lang='lat'>95.</span> <span class='ocrx_word' id='word_1_155' title='bbox 1232 2870 1478 2941; x_wconf 76' lang='lat' dir='ltr'>vasquez</span> <span class='ocrx_word' id='word_1_156' title='bbox 1505 2871 1553 2927; x_wconf 89' lang='grc'>1.</span> <span class='ocrx_word' id='word_1_157' title='bbox 1583 2877 1732 2940; x_wconf 76' lang='lat' dir='ltr'>part.</span> <span class='ocrx_word' id='word_1_158' title='bbox 1766 2872 1894 2926; x_wconf 75' lang='lat' dir='ltr'>dist.</span> <span class='ocrx_word' id='word_1_159' title='bbox 1924 2869 2049 2928; x_wconf 85' lang='grc'><strong>178.</strong></span> <span class='ocrx_word' id='word_1_160' title='bbox 2072 2886 2190 2937; x_wconf 75' lang='lat' dir='ltr'>cap.</span> <span class='ocrx_word' id='word_1_161' title='bbox 2215 2870 2270 2928; x_wconf 87' lang='lat'>5.</span> 
     </span>
     <span class='ocr_line' id='line_1_34' title="bbox 798 2943 2276 3014; baseline 0.001 -15"><span class='ocrx_word' id='word_1_162' title='bbox 798 2949 910 3001; x_wconf 78' lang='lat' dir='ltr'>art.</span> <span class='ocrx_word' id='word_1_163' title='bbox 969 2943 1022 2999; x_wconf 75' lang='lat'>⁶2.</span> <span class='ocrx_word' id='word_1_164' title='bbox 1081 2945 1144 2997; x_wconf 77' lang='lat' dir='ltr'>de</span> <span class='ocrx_word' id='word_1_165' title='bbox 1197 2945 1514 2997; x_wconf 76' lang='lat' dir='ltr'>substantia</span> <span class='ocrx_word' id='word_1_166' title='bbox 1571 2944 1930 3014; x_wconf 63' lang='lat' dir='ltr'>Amator-um,</span> <span class='ocrx_word' id='word_1_167' title='bbox 1986 2948 2177 3010; x_wconf 66' lang='lat' dir='ltr'>quaese.</span> <span class='ocrx_word' id='word_1_168' title='bbox 2228 2943 2276 3001; x_wconf 88' lang='lat'>1.</span> 
     </span>
     <span class='ocr_line' id='line_1_35' title="bbox 794 3013 2100 3086; baseline 0.002 -16"><span class='ocrx_word' id='word_1_169' title='bbox 794 3021 998 3086; x_wconf 77' lang='lat' dir='ltr'>puncto</span> <span class='ocrx_word' id='word_1_170' title='bbox 1027 3017 1079 3072; x_wconf 76' lang='lat'>⁴.</span> <span class='ocrx_word' id='word_1_171' title='bbox 1106 3013 1243 3071; x_wconf 86' lang='lat' dir='ltr'>Vide</span> <span class='ocrx_word' id='word_1_172' title='bbox 1272 3017 1419 3073; x_wconf 86' lang='lat' dir='ltr'>Doct.</span> <span class='ocrx_word' id='word_1_173' title='bbox 1439 3020 1624 3084; x_wconf 69' lang='lat' dir='ltr'>quase.</span> <span class='ocrx_word' id='word_1_174' title='bbox 1662 3014 1746 3070; x_wconf 83' lang='lat'>15.</span> <span class='ocrx_word' id='word_1_175' title='bbox 1777 3016 1845 3070; x_wconf 76' lang='lat' dir='ltr'>do</span> <span class='ocrx_word' id='word_1_176' title='bbox 1870 3016 2100 3073; x_wconf 74' lang='lat' dir='ltr'>Anima.</span> 
     </span>
    </p>
   </div>
   <div class='ocr_carea' id='block_1_7' title="bbox 706 3191 2269 3753">
    <p class='ocr_par' dir='ltr' id='par_1_7' title="bbox 706 3191 2269 3753">
     <span class='ocr_line' id='line_1_36' title="bbox 816 3191 2265 3287; baseline 0 -18"><span class='ocrx_word' id='word_1_177' title='bbox 816 3195 929 3269; x_wconf 89' lang='lat' dir='ltr'>Ad</span> <span class='ocrx_word' id='word_1_178' title='bbox 969 3193 1453 3267; x_wconf 86' lang='lat' dir='ltr'>evidentiam</span> <span class='ocrx_word' id='word_1_179' title='bbox 1489 3192 1729 3285; x_wconf 88' lang='lat' dir='ltr'>hujus</span> <span class='ocrx_word' id='word_1_180' title='bbox 1763 3191 2265 3287; x_wconf 81' lang='lat' dir='ltr'>quaestionis,</span> 
     </span>
     <span class='ocr_line' id='line_1_37' title="bbox 730 3310 2269 3405; baseline 0.001 -21"><span class='ocrx_word' id='word_1_181' title='bbox 730 3314 1054 3405; x_wconf 79' lang='lat' dir='ltr'>oportet</span> <span class='ocrx_word' id='word_1_182' title='bbox 1118 3310 1383 3404; x_wconf 89' lang='lat' dir='ltr'>primo</span> <span class='ocrx_word' id='word_1_183' title='bbox 1440 3310 1711 3384; x_wconf 87' lang='lat' dir='ltr'>videre</span> <span class='ocrx_word' id='word_1_184' title='bbox 1791 3310 1971 3403; x_wconf 90' lang='lat' dir='ltr'>quid</span> <span class='ocrx_word' id='word_1_185' title='bbox 2023 3310 2269 3403; x_wconf 81' lang='lat' dir='ltr'>signi-</span> 
     </span>
     <span class='ocr_line' id='line_1_38' title="bbox 722 3428 2263 3512; baseline -0.001 -10"><span class='ocrx_word' id='word_1_186' title='bbox 722 3430 1015 3502; x_wconf 86' lang='lat' dir='ltr'>ficetur</span> <span class='ocrx_word' id='word_1_187' title='bbox 1088 3428 1413 3500; x_wconf 91' lang='lat' dir='ltr'>nomine</span> <span class='ocrx_word' id='word_1_188' title='bbox 1481 3432 1800 3497; x_wconf 79' lang='lat' dir='ltr'>materioe.</span> <span class='ocrx_word' id='word_1_189' title='bbox 1876 3428 2263 3512; x_wconf 86' lang='lat' dir='ltr'>Secundo,</span> 
     </span>
     <span class='ocr_line' id='line_1_39' title="bbox 726 3543 2265 3638; baseline 0.001 -21"><span class='ocrx_word' id='word_1_190' title='bbox 726 3546 932 3638; x_wconf 85' lang='lat' dir='ltr'>quod</span> <span class='ocrx_word' id='word_1_191' title='bbox 976 3564 1275 3637; x_wconf 88' lang='lat' dir='ltr'>ponere</span> <span class='ocrx_word' id='word_1_192' title='bbox 1316 3544 1482 3615; x_wconf 90' lang='lat' dir='ltr'>tale</span> <span class='ocrx_word' id='word_1_193' title='bbox 1530 3543 2140 3617; x_wconf 87' lang='lat' dir='ltr'>fundamentum</span> <span class='ocrx_word' id='word_1_194' title='bbox 2185 3546 2265 3619; x_wconf 92' lang='lat' dir='ltr'>in</span> 
     </span>
     <span class='ocr_line' id='line_1_40' title="bbox 706 3662 2037 3753; baseline -0.002 -17"><span class='ocrx_word' id='word_1_195' title='bbox 706 3662 999 3737; x_wconf 80' lang='lat' dir='ltr'>anima</span> <span class='ocrx_word' id='word_1_196' title='bbox 1030 3666 1108 3735; x_wconf 88' lang='lat' dir='ltr'>et</span> <span class='ocrx_word' id='word_1_197' title='bbox 1153 3663 1489 3753; x_wconf 85' lang='lat' dir='ltr'>AngeIO,</span> <span class='ocrx_word' id='word_1_198' title='bbox 1539 3662 1643 3735; x_wconf 89' lang='lat' dir='ltr'>sit</span> <span class='ocrx_word' id='word_1_199' title='bbox 1685 3684 2037 3735; x_wconf 89' lang='lat' dir='ltr'>necesse.</span> 
     </span>
    </p>
   </div>
   <div class='ocr_carea' id='block_1_8' title="bbox 1220 3940 1768 4037">
    <p class='ocr_par' dir='ltr' id='par_1_8' title="bbox 1220 3940 1768 4037">
     <span class='ocr_line' id='line_1_41' title="bbox 1220 3940 1768 4037; baseline 0 0"><span class='ocrx_word' id='word_1_200' title='bbox 1220 3940 1650 4037; x_wconf 65' lang='lat' dir='ltr'>Anncunus</span> <span class='ocrx_word' id='word_1_201' title='bbox 1727 3979 1768 4037; x_wconf 94' lang='lat'>1.</span> 
     </span>
    </p>
   </div>
   <div class='ocr_carea' id='block_1_9' title="bbox 1038 4153 1960 4243">
    <p class='ocr_par' dir='ltr' id='par_1_9' title="bbox 1038 4153 1960 4243">
     <span class='ocr_line' id='line_1_42' title="bbox 1038 4153 1960 4243; baseline 0.005 -24"><span class='ocrx_word' id='word_1_202' title='bbox 1038 4153 1216 4231; x_wconf 80' lang='lat' dir='ltr'>Quid</span> <span class='ocrx_word' id='word_1_203' title='bbox 1252 4156 1341 4221; x_wconf 73' lang='lat' dir='ltr'>sil</span> <span class='ocrx_word' id='word_1_204' title='bbox 1371 4157 1655 4222; x_wconf 78' lang='lat' dir='ltr'>materia</span> <span class='ocrx_word' id='word_1_205' title='bbox 1680 4157 1960 4243; x_wconf 83' lang='lat' dir='ltr'>prima?</span> 
     </span>
    </p>
   </div>
   <div class='ocr_carea' id='block_1_10' title="bbox 725 4348 2276 5714">
    <p class='ocr_par' dir='ltr' id='par_1_10' title="bbox 725 4348 2276 5714">
     <span class='ocr_line' id='line_1_43' title="bbox 814 4348 2268 4442; baseline 0.003 -19"><span class='ocrx_word' id='word_1_206' title='bbox 814 4349 1051 4423; x_wconf 87' lang='lat' dir='ltr'>Circa</span> <span class='ocrx_word' id='word_1_207' title='bbox 1106 4348 1487 4441; x_wconf 84' lang='lat' dir='ltr'>primurn,</span> <span class='ocrx_word' id='word_1_208' title='bbox 1554 4350 1818 4442; x_wconf 84' lang='lat' dir='ltr'>primo</span> <span class='ocrx_word' id='word_1_209' title='bbox 1873 4354 1998 4424; x_wconf 90' lang='lat' dir='ltr'>est</span> <span class='ocrx_word' id='word_1_210' title='bbox 2059 4354 2268 4427; x_wconf 83' lang='lat' dir='ltr'>falsa</span> 
     </span>
     <span class='ocr_line' id='line_1_44' title="bbox 725 4464 2265 4560; baseline 0.005 -24"><span class='ocrx_word' id='word_1_211' title='bbox 725 4464 1207 4556; x_wconf 86' lang='lat' dir='ltr'>imaginatio</span> <span class='ocrx_word' id='word_1_212' title='bbox 1311 4465 1701 4549; x_wconf 86' lang='lat' dir='ltr'>tollenda,</span> <span class='ocrx_word' id='word_1_213' title='bbox 1802 4490 1976 4560; x_wconf 81' lang='lat' dir='ltr'>quae</span> <span class='ocrx_word' id='word_1_214' title='bbox 2073 4470 2265 4543; x_wconf 88' lang='lat' dir='ltr'>dicit</span> 
     </span>
     <span class='ocr_line' id='line_1_45' title="bbox 729 4578 2264 4674; baseline 0.005 -24"><span class='ocrx_word' id='word_1_215' title='bbox 729 4578 934 4670; x_wconf 86' lang='lat' dir='ltr'>quod</span> <span class='ocrx_word' id='word_1_216' title='bbox 985 4580 1335 4653; x_wconf 88' lang='lat' dir='ltr'>materia</span> <span class='ocrx_word' id='word_1_217' title='bbox 1376 4583 1498 4652; x_wconf 91' lang='lat' dir='ltr'>est</span> <span class='ocrx_word' id='word_1_218' title='bbox 1552 4582 1916 4674; x_wconf 86' lang='lat' dir='ltr'>potentia</span> <span class='ocrx_word' id='word_1_219' title='bbox 1958 4584 2264 4657; x_wconf 89' lang='lat' dir='ltr'>nullam</span> 
     </span>
     <span class='ocr_line' id='line_1_46' title="bbox 727 4693 2263 4795; baseline 0.005 -29"><span class='ocrx_word' id='word_1_220' title='bbox 727 4693 1029 4769; x_wconf 86' lang='lat' dir='ltr'>habens</span> <span class='ocrx_word' id='word_1_221' title='bbox 1073 4695 1498 4795; x_wconf 80' lang='lat' dir='ltr'>entitatem</span> <span class='ocrx_word' id='word_1_222' title='bbox 1556 4699 1985 4782; x_wconf 87' lang='lat' dir='ltr'>actualem,</span> <span class='ocrx_word' id='word_1_223' title='bbox 2051 4702 2263 4793; x_wconf 85' lang='lat' dir='ltr'>quia,</span> 
     </span>
     <span class='ocr_line' id='line_1_47' title="bbox 727 4814 2271 4910; baseline 0.003 -23"><span class='ocrx_word' id='word_1_224' title='bbox 727 4814 1125 4906; x_wconf 89' lang='lat' dir='ltr'>inquiunt,</span> <span class='ocrx_word' id='word_1_225' title='bbox 1191 4815 1399 4907; x_wconf 88' lang='lat' dir='ltr'>quod</span> <span class='ocrx_word' id='word_1_226' title='bbox 1456 4820 1577 4888; x_wconf 87' lang='lat' dir='ltr'>est</span> <span class='ocrx_word' id='word_1_227' title='bbox 1642 4837 1843 4909; x_wconf 86' lang='lat' dir='ltr'>pura</span> <span class='ocrx_word' id='word_1_228' title='bbox 1904 4819 2271 4910; x_wconf 88' lang='lat' dir='ltr'>potentia</span> 
     </span>
     <span class='ocr_line' id='line_1_48' title="bbox 730 4931 2266 5015; baseline 0.003 -14"><span class='ocrx_word' id='word_1_229' title='bbox 730 4931 1035 5003; x_wconf 89' lang='lat' dir='ltr'>nullam</span> <span class='ocrx_word' id='word_1_230' title='bbox 1096 4932 1657 5005; x_wconf 76' lang='lat' dir='ltr'>actualitatem</span> <span class='ocrx_word' id='word_1_231' title='bbox 1721 4933 1984 5015; x_wconf 86' lang='lat' dir='ltr'>habet,</span> <span class='ocrx_word' id='word_1_232' title='bbox 2049 4934 2266 5014; x_wconf 88' lang='lat' dir='ltr'>talis,</span> 
     </span>
     <span class='ocr_line' id='line_1_49' title="bbox 730 5047 2271 5142; baseline 0.001 -22"><span class='ocrx_word' id='word_1_233' title='bbox 730 5050 816 5120; x_wconf 93' lang='lat' dir='ltr'>ut</span> <span class='ocrx_word' id='word_1_234' title='bbox 867 5047 1162 5130; x_wconf 89' lang='lat' dir='ltr'>dicunt,</span> <span class='ocrx_word' id='word_1_235' title='bbox 1208 5052 1331 5121; x_wconf 93' lang='lat' dir='ltr'>est</span> <span class='ocrx_word' id='word_1_236' title='bbox 1386 5050 1758 5131; x_wconf 88' lang='lat' dir='ltr'>materia,</span> <span class='ocrx_word' id='word_1_237' title='bbox 1818 5050 2005 5142; x_wconf 88' lang='lat' dir='ltr'>quia</span> <span class='ocrx_word' id='word_1_238' title='bbox 2049 5050 2113 5122; x_wconf 91' lang='lat' dir='ltr'>si</span> <span class='ocrx_word' id='word_1_239' title='bbox 2151 5071 2271 5122; x_wconf 86' lang='lat' dir='ltr'>ca·</span> 
     </span>
     <span class='ocr_line' id='line_1_50' title="bbox 733 5163 2269 5246; baseline -0.001 -9"><span class='ocrx_word' id='word_1_240' title='bbox 733 5167 854 5237; x_wconf 90' lang='lat' dir='ltr'>ret</span> <span class='ocrx_word' id='word_1_241' title='bbox 888 5164 1181 5246; x_wconf 85' lang='lat' dir='ltr'>forma,</span> <span class='ocrx_word' id='word_1_242' title='bbox 1230 5163 1512 5237; x_wconf 89' lang='lat' dir='ltr'>statim</span> <span class='ocrx_word' id='word_1_243' title='bbox 1558 5165 1837 5238; x_wconf 79' lang='lat' dir='ltr'>recidit</span> <span class='ocrx_word' id='word_1_244' title='bbox 1886 5167 1963 5238; x_wconf 92' lang='lat' dir='ltr'>in</span> <span class='ocrx_word' id='word_1_245' title='bbox 2005 5166 2205 5239; x_wconf 88' lang='lat' dir='ltr'>nihil</span> <span class='ocrx_word' id='word_1_246' title='bbox 2256 5193 2269 5235; x_wconf 75' lang='grc' dir='ltr'><strong><em>ε</em></strong></span> 
     </span>
     <span class='ocr_line' id='line_1_51' title="bbox 729 5280 2273 5373; baseline 0.001 -20"><span class='ocrx_word' id='word_1_247' title='bbox 729 5301 889 5353; x_wconf 87' lang='grc'>000</span> <span class='ocrx_word' id='word_1_248' title='bbox 938 5281 1204 5352; x_wconf 90' lang='lat' dir='ltr'>solum</span> <span class='ocrx_word' id='word_1_249' title='bbox 1252 5284 1591 5373; x_wconf 87' lang='lat' dir='ltr'>propter</span> <span class='ocrx_word' id='word_1_250' title='bbox 1632 5280 1782 5354; x_wconf 83' lang='lat' dir='ltr'>hoc</span> <span class='ocrx_word' id='word_1_251' title='bbox 1823 5282 2093 5354; x_wconf 91' lang='lat' dir='ltr'>dicunt</span> <span class='ocrx_word' id='word_1_252' title='bbox 2134 5283 2273 5355; x_wconf 87' lang='lat' dir='ltr'>ali-</span> 
     </span>
     <span class='ocr_line' id='line_1_52' title="bbox 731 5395 2273 5491; baseline 0.001 -22"><span class='ocrx_word' id='word_1_253' title='bbox 731 5397 890 5489; x_wconf 89' lang='lat' dir='ltr'>qui,</span> <span class='ocrx_word' id='word_1_254' title='bbox 958 5398 1164 5488; x_wconf 86' lang='lat' dir='ltr'>quod</span> <span class='ocrx_word' id='word_1_255' title='bbox 1226 5395 1396 5468; x_wconf 91' lang='lat' dir='ltr'>sine</span> <span class='ocrx_word' id='word_1_256' title='bbox 1453 5397 1721 5469; x_wconf 85' lang='lat' dir='ltr'>forma</span> <span class='ocrx_word' id='word_1_257' title='bbox 1785 5419 1943 5469; x_wconf 93' lang='lat' dir='ltr'>non</span> <span class='ocrx_word' id='word_1_258' title='bbox 2007 5403 2273 5491; x_wconf 90' lang='lat' dir='ltr'>potest</span> 
     </span>
     <span class='ocr_line' id='line_1_53' title="bbox 729 5514 2276 5606; baseline 0.003 -22"><span class='ocrx_word' id='word_1_259' title='bbox 729 5514 1110 5595; x_wconf 79' lang='lat' dir='ltr'>existere,</span> <span class='ocrx_word' id='word_1_260' title='bbox 1161 5515 1291 5587; x_wconf 89' lang='lat' dir='ltr'>sed</span> <span class='ocrx_word' id='word_1_261' title='bbox 1334 5514 1541 5606; x_wconf 86' lang='lat' dir='ltr'>quod</span> <span class='ocrx_word' id='word_1_262' title='bbox 1592 5515 1898 5588; x_wconf 89' lang='lat' dir='ltr'>nullam</span> <span class='ocrx_word' id='word_1_263' title='bbox 1943 5516 2276 5588; x_wconf 88' lang='lat' dir='ltr'>actuali·</span> 
     </span>
     <span class='ocr_line' id='line_1_54' title="bbox 729 5627 2275 5714; baseline 0.001 -13"><span class='ocrx_word' id='word_1_264' title='bbox 729 5631 985 5702; x_wconf 90' lang='lat' dir='ltr'>tatem</span> <span class='ocrx_word' id='word_1_265' title='bbox 1046 5628 1283 5704; x_wconf 87' lang='lat' dir='ltr'>habet</span> <span class='ocrx_word' id='word_1_266' title='bbox 1336 5627 1493 5703; x_wconf 91' lang='lat' dir='ltr'>nisi</span> <span class='ocrx_word' id='word_1_267' title='bbox 1546 5648 1594 5701; x_wconf 85' lang='lat' dir='ltr'>a</span> <span class='ocrx_word' id='word_1_268' title='bbox 1644 5629 1936 5714; x_wconf 82' lang='lat' dir='ltr'>forma,</span> <span class='ocrx_word' id='word_1_269' title='bbox 1994 5634 2080 5705; x_wconf 89' lang='lat' dir='ltr'>ut</span> <span class='ocrx_word' id='word_1_270' title='bbox 2132 5652 2275 5705; x_wconf 91' lang='lat' dir='ltr'>nec</span> 
     </span>
    </p>
   </div>
   <div class='ocr_carea' id='block_1_11' title="bbox 1903 440 2747 507">
    <p class='ocr_par' dir='ltr' id='par_1_11' title="bbox 1903 440 2747 507">
     <span class='ocr_line' id='line_1_55' title="bbox 1903 440 2747 507; baseline 0 -1"><span class='ocrx_word' id='word_1_271' title='bbox 1903 442 2007 506; x_wconf 84' lang='lat' dir='ltr'>DE</span> <span class='ocrx_word' id='word_1_272' title='bbox 2050 442 2317 507; x_wconf 82' lang='lat' dir='ltr'>RERUM</span> <span class='ocrx_word' id='word_1_273' title='bbox 2359 440 2747 506; x_wconf 79' lang='lat' dir='ltr'><strong>PRINCIPIO</strong></span> 
     </span>
    </p>
   </div>
   <div class='ocr_carea' id='block_1_12' title="bbox 2372 603 3926 3264">
    <p class='ocr_par' dir='ltr' id='par_1_12' title="bbox 2372 603 3926 3264">
     <span class='ocr_line' id='line_1_56' title="bbox 2378 603 3902 697; baseline 0.003 -22"><span class='ocrx_word' id='word_1_274' title='bbox 2378 603 2628 676; x_wconf 85' lang='lat' dir='ltr'>etiam</span> <span class='ocrx_word' id='word_1_275' title='bbox 2688 604 2964 697; x_wconf 89' lang='lat' dir='ltr'>aliquo</span> <span class='ocrx_word' id='word_1_276' title='bbox 3027 607 3260 679; x_wconf 90' lang='lat' dir='ltr'>modo</span> <span class='ocrx_word' id='word_1_277' title='bbox 3303 605 3634 680; x_wconf 87' lang='lat' dir='ltr'>effectus</span> <span class='ocrx_word' id='word_1_278' title='bbox 3676 606 3902 681; x_wconf 90' lang='lat' dir='ltr'>alicu-</span> 
     </span>
     <span class='ocr_line' id='line_1_57' title="bbox 2372 720 3904 818; baseline 0.005 -27"><span class='ocrx_word' id='word_1_279' title='bbox 2372 720 2507 815; x_wconf 89' lang='lat' dir='ltr'>jus</span> <span class='ocrx_word' id='word_1_280' title='bbox 2548 741 2817 794; x_wconf 80' lang='lat' dir='ltr'>causae</span> <span class='ocrx_word' id='word_1_281' title='bbox 2870 724 3131 815; x_wconf 85' lang='lat' dir='ltr'>possit</span> <span class='ocrx_word' id='word_1_282' title='bbox 3188 724 3367 796; x_wconf 90' lang='lat' dir='ltr'>dici.</span> <span class='ocrx_word' id='word_1_283' title='bbox 3433 724 3695 818; x_wconf 89' lang='lat' dir='ltr'>Hujus</span> <span class='ocrx_word' id='word_1_284' title='bbox 3755 726 3904 818; x_wconf 89' lang='lat' dir='ltr'>opi·</span> 
     </span>
     <span class='ocr_line' id='line_1_58' title="bbox 2380 837 3910 932; baseline 0.003 -22"><span class='ocrx_word' id='word_1_285' title='bbox 2380 837 2648 911; x_wconf 92' lang='lat' dir='ltr'>nionis</span> <span class='ocrx_word' id='word_1_286' title='bbox 2682 839 3002 913; x_wconf 88' lang='lat' dir='ltr'>videtur</span> <span class='ocrx_word' id='word_1_287' title='bbox 3036 840 3466 932; x_wconf 88' lang='lat' dir='ltr'>aliquando</span> <span class='ocrx_word' id='word_1_288' title='bbox 3491 841 3741 915; x_wconf 83' lang='lat' dir='ltr'>fuisse</span> <span class='ocrx_word' id='word_1_289' title='bbox 3773 844 3910 915; x_wconf 87' lang='lat' dir='ltr'>Au·</span> 
     </span>
     <span class='ocr_line' id='line_1_59' title="bbox 2380 957 3903 1051; baseline 0.001 -23"><span class='ocrx_word' id='word_1_290' title='bbox 2380 957 2779 1048; x_wconf 82' lang='lat' dir='ltr'>gustinus,</span> <span class='ocrx_word' id='word_1_291' title='bbox 2820 962 2907 1031; x_wconf 91' lang='lat' dir='ltr'>ut</span> <span class='ocrx_word' id='word_1_292' title='bbox 2942 960 3162 1049; x_wconf 89' lang='lat' dir='ltr'>patet</span> <span class='ocrx_word' id='word_1_293' title='bbox 3198 960 3306 1031; x_wconf 75' lang='grc'>12.</span> <span class='ocrx_word' id='word_1_294' title='bbox 3344 958 3705 1032; x_wconf 84' lang='lat' dir='ltr'>Confess.</span> <span class='ocrx_word' id='word_1_295' title='bbox 3741 978 3903 1051; x_wconf 85' lang='lat' dir='ltr'>cap.</span> 
     </span>
     <span class='ocr_line' id='line_1_60' title="bbox 2376 1071 3910 1167; baseline -0.001 -23"><span class='ocrx_word' id='word_1_296' title='bbox 2376 1074 2444 1144; x_wconf 83' lang='lat'>6.</span> <span class='ocrx_word' id='word_1_297' title='bbox 2514 1077 2593 1141; x_wconf 91' lang='lat' dir='ltr'>Si</span> <span class='ocrx_word' id='word_1_298' title='bbox 2651 1075 2884 1142; x_wconf 86' lang='lat' dir='ltr'>vellem</span> <span class='ocrx_word' id='word_1_299' title='bbox 2946 1073 3267 1167; x_wconf 78' lang='lat' dir='ltr'>(inquit)</span> <span class='ocrx_word' id='word_1_300' title='bbox 3319 1098 3598 1164; x_wconf 70' lang='lat' dir='ltr'>prov-sue</span> <span class='ocrx_word' id='word_1_301' title='bbox 3652 1071 3910 1143; x_wconf 72' lang='lat' dir='ltr'>omnin&#39;o</span> 
     </span>
     <span class='ocr_line' id='line_1_61' title="bbox 2377 1193 3912 1281; baseline 0.002 -24"><span class='ocrx_word' id='word_1_302' title='bbox 2377 1193 2677 1277; x_wconf 78' lang='lat' dir='ltr'>informe</span> <span class='ocrx_word' id='word_1_303' title='bbox 2707 1195 3023 1280; x_wconf 74' lang='lat' dir='ltr'>coyitare,</span> <span class='ocrx_word' id='word_1_304' title='bbox 3073 1204 3135 1260; x_wconf 81' lang='lat' dir='ltr'>el</span> <span class='ocrx_word' id='word_1_305' title='bbox 3184 1215 3320 1260; x_wconf 86' lang='lat' dir='ltr'>non</span> <span class='ocrx_word' id='word_1_306' title='bbox 3365 1205 3690 1281; x_wconf 80' lang='lat' dir='ltr'>poteram,</span> <span class='ocrx_word' id='word_1_307' title='bbox 3727 1195 3912 1260; x_wconf 78' lang='lat' dir='ltr'>eitius</span> 
     </span>
     <span class='ocr_line' id='line_1_62' title="bbox 2380 1309 3914 1398; baseline 0 -22"><span class='ocrx_word' id='word_1_308' title='bbox 2380 1311 2560 1376; x_wconf 89' lang='lat' dir='ltr'>enim</span> <span class='ocrx_word' id='word_1_309' title='bbox 2610 1330 2749 1375; x_wconf 87' lang='lat' dir='ltr'>non</span> <span class='ocrx_word' id='word_1_310' title='bbox 2790 1330 2925 1376; x_wconf 79' lang='lat' dir='ltr'>esse</span> <span class='ocrx_word' id='word_1_311' title='bbox 2964 1309 3324 1392; x_wconf 72' lang='lat' dir='ltr'>censebam,</span> <span class='ocrx_word' id='word_1_312' title='bbox 3360 1310 3537 1398; x_wconf 87' lang='lat' dir='ltr'>quod</span> <span class='ocrx_word' id='word_1_313' title='bbox 3563 1312 3749 1377; x_wconf 87' lang='lat' dir='ltr'>omni</span> <span class='ocrx_word' id='word_1_314' title='bbox 3775 1313 3914 1397; x_wconf 78' lang='lat' dir='ltr'>sor-</span> 
     </span>
     <span class='ocr_line' id='line_1_63' title="bbox 2380 1424 3916 1515; baseline -0.002 -19"><span class='ocrx_word' id='word_1_315' title='bbox 2380 1447 2492 1496; x_wconf 87' lang='lat' dir='ltr'>ma</span> <span class='ocrx_word' id='word_1_316' title='bbox 2523 1431 2936 1513; x_wconf 77' lang='lat' dir='ltr'>privaretur,</span> <span class='ocrx_word' id='word_1_317' title='bbox 2974 1447 3172 1515; x_wconf 89' lang='lat' dir='ltr'>quam</span> <span class='ocrx_word' id='word_1_318' title='bbox 3203 1427 3569 1514; x_wconf 75' lang='lat' dir='ltr'>eoqitabam</span> <span class='ocrx_word' id='word_1_319' title='bbox 3602 1424 3916 1514; x_wconf 80' lang='lat' dir='ltr'>quiddam</span> 
     </span>
     <span class='ocr_line' id='line_1_64' title="bbox 2381 1543 3909 1629; baseline 0.001 -21"><span class='ocrx_word' id='word_1_320' title='bbox 2381 1545 2559 1609; x_wconf 74' lang='lat' dir='ltr'>inter</span> <span class='ocrx_word' id='word_1_321' title='bbox 2613 1544 2929 1628; x_wconf 70' lang='lat' dir='ltr'>somnam,</span> <span class='ocrx_word' id='word_1_322' title='bbox 2974 1551 3036 1609; x_wconf 80' lang='lat' dir='ltr'>et</span> <span class='ocrx_word' id='word_1_323' title='bbox 3092 1543 3293 1624; x_wconf 74' lang='lat' dir='ltr'>nihil,</span> <span class='ocrx_word' id='word_1_324' title='bbox 3354 1564 3474 1609; x_wconf 86' lang='lat' dir='ltr'>nec</span> <span class='ocrx_word' id='word_1_325' title='bbox 3527 1545 3909 1629; x_wconf 73' lang='lat' dir='ltr'>formatum,</span> 
     </span>
     <span class='ocr_line' id='line_1_65' title="bbox 2380 1654 3911 1745; baseline -0.005 -16"><span class='ocrx_word' id='word_1_326' title='bbox 2380 1680 2500 1729; x_wconf 83' lang='lat' dir='ltr'>nec</span> <span class='ocrx_word' id='word_1_327' title='bbox 2553 1659 2733 1725; x_wconf 80' lang='lat' dir='ltr'>nihil</span> <span class='ocrx_word' id='word_1_328' title='bbox 2791 1659 3083 1743; x_wconf 78' lang='lat' dir='ltr'>informe</span> <span class='ocrx_word' id='word_1_329' title='bbox 3127 1677 3338 1745; x_wconf 80' lang='lat' dir='ltr'>prope</span> <span class='ocrx_word' id='word_1_330' title='bbox 3384 1659 3584 1725; x_wconf 80' lang='lat' dir='ltr'>nihil.</span> <span class='ocrx_word' id='word_1_331' title='bbox 3635 1654 3858 1729; x_wconf 79' lang='lat' dir='ltr'>Infra</span> <span class='ocrx_word' id='word_1_332' title='bbox 3898 1680 3911 1722; x_wconf 92' lang='lat'><strong>:</strong></span> 
     </span>
     <span class='ocr_line' id='line_1_66' title="bbox 2380 1775 3920 1862; baseline -0.001 -18"><span class='ocrx_word' id='word_1_333' title='bbox 2380 1778 2461 1844; x_wconf 89' lang='lat' dir='ltr'>Si</span> <span class='ocrx_word' id='word_1_334' title='bbox 2515 1776 2656 1843; x_wconf 85' lang='lat' dir='ltr'>dici</span> <span class='ocrx_word' id='word_1_335' title='bbox 2699 1786 2915 1861; x_wconf 77' lang='lat' dir='ltr'>posset</span> <span class='ocrx_word' id='word_1_336' title='bbox 2973 1775 3154 1841; x_wconf 72' lang='lat' dir='ltr'>nihil</span> <span class='ocrx_word' id='word_1_337' title='bbox 3209 1776 3475 1862; x_wconf 86' lang='lat' dir='ltr'>aliquid</span> <span class='ocrx_word' id='word_1_338' title='bbox 3531 1786 3647 1857; x_wconf 73' lang='lat' dir='ltr'>est,</span> <span class='ocrx_word' id='word_1_339' title='bbox 3693 1786 3920 1842; x_wconf 75' lang='lat' dir='ltr'>elnon</span> 
     </span>
     <span class='ocr_line' id='line_1_67' title="bbox 2382 1888 3918 1974; baseline -0.001 -13"><span class='ocrx_word' id='word_1_340' title='bbox 2382 1905 2498 1974; x_wconf 79' lang='lat' dir='ltr'>est,</span> <span class='ocrx_word' id='word_1_341' title='bbox 2544 1895 2664 1959; x_wconf 80' lang='lat' dir='ltr'>hoc</span> <span class='ocrx_word' id='word_1_342' title='bbox 2701 1914 2846 1959; x_wconf 89' lang='lat' dir='ltr'>eam</span> <span class='ocrx_word' id='word_1_343' title='bbox 2876 1892 3187 1959; x_wconf 83' lang='lat' dir='ltr'>dicerem.</span> <span class='ocrx_word' id='word_1_344' title='bbox 3234 1889 3641 1962; x_wconf 83' lang='lat' dir='ltr'>Avicenna</span> <span class='ocrx_word' id='word_1_345' title='bbox 3673 1888 3918 1961; x_wconf 80' lang='lat' dir='ltr'>etiam</span> 
     </span>
     <span class='ocr_line' id='line_1_68' title="bbox 2381 2005 3920 2082; baseline -0.003 0"><span class='ocrx_word' id='word_1_346' title='bbox 2381 2010 2474 2082; x_wconf 90' lang='lat' dir='ltr'>de</span> <span class='ocrx_word' id='word_1_347' title='bbox 2532 2027 2692 2078; x_wconf 93' lang='lat' dir='ltr'>non</span> <span class='ocrx_word' id='word_1_348' title='bbox 2740 2006 3083 2080; x_wconf 86' lang='lat' dir='ltr'>entitate</span> <span class='ocrx_word' id='word_1_349' title='bbox 3142 2005 3510 2078; x_wconf 81' lang='lat' dir='ltr'>materiae</span> <span class='ocrx_word' id='word_1_350' title='bbox 3564 2005 3646 2079; x_wconf 93' lang='lat' dir='ltr'>in</span> <span class='ocrx_word' id='word_1_351' title='bbox 3682 2009 3751 2079; x_wconf 83' lang='lat'>5.</span> <span class='ocrx_word' id='word_1_352' title='bbox 3798 2007 3920 2078; x_wconf 80' lang='lat' dir='ltr'>Me-</span> 
     </span>
     <span class='ocr_line' id='line_1_69' title="bbox 2385 2121 3915 2213; baseline -0.004 -20"><span class='ocrx_word' id='word_1_353' title='bbox 2385 2128 2566 2213; x_wconf 66' lang='lat' dir='ltr'>mpla.</span> <span class='ocrx_word' id='word_1_354' title='bbox 2608 2146 2766 2205; x_wconf 78' lang='lat' dir='ltr'>suoe,</span> <span class='ocrx_word' id='word_1_355' title='bbox 2811 2147 2958 2211; x_wconf 83' lang='lat' dir='ltr'>cap.</span> <span class='ocrx_word' id='word_1_356' title='bbox 3002 2124 3069 2194; x_wconf 90' lang='lat'>5.</span> <span class='ocrx_word' id='word_1_357' title='bbox 3105 2124 3391 2191; x_wconf 80' lang='lat' dir='ltr'>Materia</span> <span class='ocrx_word' id='word_1_358' title='bbox 3430 2135 3524 2190; x_wconf 71' lang='lat' dir='ltr'>est</span> <span class='ocrx_word' id='word_1_359' title='bbox 3561 2121 3915 2210; x_wconf 81' lang='lat' dir='ltr'>quoddam,</span> 
     </span>
     <span class='ocr_line' id='line_1_70' title="bbox 2382 2238 3922 2331; baseline -0.003 -22"><span class='ocrx_word' id='word_1_360' title='bbox 2382 2242 2556 2331; x_wconf 83' lang='lat' dir='ltr'>quod</span> <span class='ocrx_word' id='word_1_361' title='bbox 2585 2264 2723 2309; x_wconf 88' lang='lat' dir='ltr'>non</span> <span class='ocrx_word' id='word_1_362' title='bbox 2750 2242 2942 2308; x_wconf 79' lang='lat' dir='ltr'>habet</span> <span class='ocrx_word' id='word_1_363' title='bbox 2978 2262 3113 2307; x_wconf 73' lang='lat' dir='ltr'>esse</span> <span class='ocrx_word' id='word_1_364' title='bbox 3139 2262 3261 2328; x_wconf 88' lang='lat' dir='ltr'>per</span> <span class='ocrx_word' id='word_1_365' title='bbox 3284 2262 3354 2307; x_wconf 75' lang='lat' dir='ltr'>se</span> <span class='ocrx_word' id='word_1_366' title='bbox 3386 2240 3524 2307; x_wconf 86' lang='lat' dir='ltr'>ullo</span> <span class='ocrx_word' id='word_1_367' title='bbox 3552 2238 3774 2319; x_wconf 89' lang='lat' dir='ltr'>modo,</span> <span class='ocrx_word' id='word_1_368' title='bbox 3808 2260 3922 2306; x_wconf 87' lang='lat' dir='ltr'>nec</span> 
     </span>
     <span class='ocr_line' id='line_1_71' title="bbox 2382 2355 3922 2444; baseline 0.001 -20"><span class='ocrx_word' id='word_1_369' title='bbox 2382 2361 2579 2426; x_wconf 79' lang='lat' dir='ltr'>estin</span> <span class='ocrx_word' id='word_1_370' title='bbox 2618 2360 2878 2444; x_wconf 78' lang='lat' dir='ltr'>effectu,</span> <span class='ocrx_word' id='word_1_371' title='bbox 2923 2359 3062 2423; x_wconf 77' lang='lat' dir='ltr'>nisi</span> <span class='ocrx_word' id='word_1_372' title='bbox 3095 2378 3219 2443; x_wconf 88' lang='lat' dir='ltr'>per</span> <span class='ocrx_word' id='word_1_373' title='bbox 3254 2358 3567 2440; x_wconf 81' lang='lat' dir='ltr'>sormam.</span> <span class='ocrx_word' id='word_1_374' title='bbox 3606 2355 3724 2427; x_wconf 81' lang='lat' dir='ltr'>De</span> <span class='ocrx_word' id='word_1_375' title='bbox 3764 2371 3922 2425; x_wconf 87' lang='lat' dir='ltr'>non</span> 
     </span>
     <span class='ocr_line' id='line_1_72' title="bbox 2381 2470 3920 2553; baseline 0 -10"><span class='ocrx_word' id='word_1_376' title='bbox 2381 2471 2722 2544; x_wconf 90' lang='lat' dir='ltr'>entitate</span> <span class='ocrx_word' id='word_1_377' title='bbox 2794 2470 3187 2553; x_wconf 81' lang='lat' dir='ltr'>materiae,</span> <span class='ocrx_word' id='word_1_378' title='bbox 3262 2471 3377 2543; x_wconf 90' lang='lat' dir='ltr'>ait</span> <span class='ocrx_word' id='word_1_379' title='bbox 3433 2470 3920 2546; x_wconf 85' lang='lat' dir='ltr'>Aristoteles</span> 
     </span>
     <span class='ocr_line' id='line_1_73' title="bbox 2382 2587 3923 2681; baseline -0.002 -19"><span class='ocrx_word' id='word_1_380' title='bbox 2382 2591 2491 2662; x_wconf 74' lang='lat'>14.</span> <span class='ocrx_word' id='word_1_381' title='bbox 2529 2590 2822 2676; x_wconf 81' lang='lat' dir='ltr'>Metaph.</span> <span class='ocrx_word' id='word_1_382' title='bbox 2857 2613 3003 2677; x_wconf 85' lang='lat' dir='ltr'>cap.</span> <span class='ocrx_word' id='word_1_383' title='bbox 3038 2590 3104 2660; x_wconf 83' lang='lat'>6.</span> <span class='ocrx_word' id='word_1_384' title='bbox 3143 2587 3349 2681; x_wconf 87' lang='lat' dir='ltr'>quod</span> <span class='ocrx_word' id='word_1_385' title='bbox 3380 2591 3503 2660; x_wconf 76' lang='lat' dir='ltr'>est</span> <span class='ocrx_word' id='word_1_386' title='bbox 3536 2587 3621 2659; x_wconf 88' lang='lat' dir='ltr'>in</span> <span class='ocrx_word' id='word_1_387' title='bbox 3655 2591 3923 2679; x_wconf 78' lang='lat' dir='ltr'>poten·</span> 
     </span>
     <span class='ocr_line' id='line_1_74' title="bbox 2383 2703 3919 2796; baseline -0.003 -19"><span class='ocrx_word' id='word_1_388' title='bbox 2383 2704 2525 2785; x_wconf 89' lang='lat' dir='ltr'>tia,</span> <span class='ocrx_word' id='word_1_389' title='bbox 2573 2704 2761 2796; x_wconf 89' lang='lat' dir='ltr'>quia</span> <span class='ocrx_word' id='word_1_390' title='bbox 2794 2705 2875 2777; x_wconf 92' lang='lat' dir='ltr'>in</span> <span class='ocrx_word' id='word_1_391' title='bbox 2906 2724 3001 2776; x_wconf 87' lang='lat' dir='ltr'>ea</span> <span class='ocrx_word' id='word_1_392' title='bbox 3033 2704 3234 2776; x_wconf 88' lang='lat' dir='ltr'>nihil</span> <span class='ocrx_word' id='word_1_393' title='bbox 3266 2708 3389 2777; x_wconf 91' lang='lat' dir='ltr'>est</span> <span class='ocrx_word' id='word_1_394' title='bbox 3421 2703 3919 2776; x_wconf 89' lang='lat' dir='ltr'>distinctum.</span> 
     </span>
     <span class='ocr_line' id='line_1_75' title="bbox 2390 2819 3924 2895; baseline -0.002 0"><span class='ocrx_word' id='word_1_395' title='bbox 2390 2821 2620 2895; x_wconf 83' lang='lat' dir='ltr'>Plato</span> <span class='ocrx_word' id='word_1_396' title='bbox 2682 2820 2930 2893; x_wconf 88' lang='lat' dir='ltr'>etiam</span> <span class='ocrx_word' id='word_1_397' title='bbox 2996 2820 3187 2893; x_wconf 90' lang='lat' dir='ltr'>dicit</span> <span class='ocrx_word' id='word_1_398' title='bbox 3245 2819 3326 2892; x_wconf 93' lang='lat' dir='ltr'>in</span> <span class='ocrx_word' id='word_1_399' title='bbox 3388 2821 3737 2893; x_wconf 90' lang='lat' dir='ltr'>secundo</span> <span class='ocrx_word' id='word_1_400' title='bbox 3807 2821 3924 2892; x_wconf 90' lang='lat' dir='ltr'>Ti-</span> 
     </span>
     <span class='ocr_line' id='line_1_76' title="bbox 2388 2936 3926 3030; baseline -0.005 -17"><span class='ocrx_word' id='word_1_401' title='bbox 2388 2937 2594 3018; x_wconf 82' lang='lat' dir='ltr'>maei,</span> <span class='ocrx_word' id='word_1_402' title='bbox 2652 2939 2961 3020; x_wconf 78' lang='lat' dir='ltr'>Materia,</span> <span class='ocrx_word' id='word_1_403' title='bbox 3008 2936 3293 3030; x_wconf 78' lang='lat' dir='ltr'>inquit,</span> <span class='ocrx_word' id='word_1_404' title='bbox 3348 2939 3640 3028; x_wconf 86' lang='lat' dir='ltr'>quadam</span> <span class='ocrx_word' id='word_1_405' title='bbox 3680 2940 3926 3007; x_wconf 85' lang='lat' dir='ltr'>incom-</span> 
     </span>
     <span class='ocr_line' id='line_1_77' title="bbox 2378 3056 3925 3146; baseline 0 -24"><span class='ocrx_word' id='word_1_406' title='bbox 2378 3057 2821 3146; x_wconf 73' lang='lat' dir='ltr'>prehensibili</span> <span class='ocrx_word' id='word_1_407' title='bbox 2855 3058 3121 3122; x_wconf 76' lang='lat' dir='ltr'>ratione</span> <span class='ocrx_word' id='word_1_408' title='bbox 3153 3058 3331 3122; x_wconf 79' lang='lat' dir='ltr'>inter</span> <span class='ocrx_word' id='word_1_409' title='bbox 3360 3056 3645 3136; x_wconf 85' lang='lat' dir='ltr'>nullam,</span> <span class='ocrx_word' id='word_1_410' title='bbox 3692 3068 3754 3123; x_wconf 79' lang='lat' dir='ltr'>et</span> <span class='ocrx_word' id='word_1_411' title='bbox 3792 3057 3925 3122; x_wconf 87' lang='lat' dir='ltr'>ali-</span> 
     </span>
     <span class='ocr_line' id='line_1_78' title="bbox 2383 3172 3620 3264; baseline -0.001 -22"><span class='ocrx_word' id='word_1_412' title='bbox 2383 3195 2580 3264; x_wconf 83' lang='lat' dir='ltr'>quam</span> <span class='ocrx_word' id='word_1_413' title='bbox 2608 3174 3043 3241; x_wconf 74' lang='lat' dir='ltr'>substantiam</span> <span class='ocrx_word' id='word_1_414' title='bbox 3069 3175 3291 3260; x_wconf 79' lang='lat' dir='ltr'>posita</span> <span class='ocrx_word' id='word_1_415' title='bbox 3329 3172 3620 3241; x_wconf 71' lang='lat' dir='ltr'>videtur.</span> 
     </span>
    </p>
   </div>
   <div class='ocr_carea' id='block_1_13' title="bbox 2956 3382 3355 3439">
    <p class='ocr_par' dir='ltr' id='par_1_13' title="bbox 2956 3382 3355 3439">
     <span class='ocr_line' id='line_1_79' title="bbox 2956 3382 3355 3439; baseline 0.003 -1"><span class='ocrx_word' id='word_1_416' title='bbox 2956 3382 3355 3439; x_wconf 83' lang='lat' dir='ltr'><strong>SCHOLIUM.</strong></span> 
     </span>
    </p>
   </div>
   <div class='ocr_carea' id='block_1_14' title="bbox 2377 3560 3940 4126">
    <p class='ocr_par' dir='ltr' id='par_1_14' title="bbox 2377 3560 3940 4126">
     <span class='ocr_line' id='line_1_80' title="bbox 2451 3560 3937 3634; baseline -0.003 -13"><span class='ocrx_word' id='word_1_417' title='bbox 2451 3567 2534 3621; x_wconf 90' lang='lat' dir='ltr'>De</span> <span class='ocrx_word' id='word_1_418' title='bbox 2566 3562 2849 3620; x_wconf 72' lang='lat' dir='ltr'>materiae</span> <span class='ocrx_word' id='word_1_419' title='bbox 2879 3560 3226 3634; x_wconf 76' lang='lat' dir='ltr'>quldditate</span> <span class='ocrx_word' id='word_1_420' title='bbox 3269 3560 3392 3619; x_wconf 84' lang='lat' dir='ltr'>late</span> <span class='ocrx_word' id='word_1_421' title='bbox 3451 3562 3581 3633; x_wconf 83' lang='lat' dir='ltr'>agit</span> <span class='ocrx_word' id='word_1_422' title='bbox 3638 3564 3855 3623; x_wconf 78' lang='lat' dir='ltr'>scotus</span> <span class='ocrx_word' id='word_1_423' title='bbox 3883 3568 3937 3622; x_wconf 89' lang='lat'>9.</span> 
     </span>
     <span class='ocr_line' id='line_1_81' title="bbox 2378 3659 3936 3735; baseline 0.002 -13"><span class='ocrx_word' id='word_1_424' title='bbox 2378 3662 2649 3735; x_wconf 82' lang='lat' dir='ltr'>Metaph.</span> <span class='ocrx_word' id='word_1_425' title='bbox 2683 3666 2899 3734; x_wconf 80' lang='lat' dir='ltr'>quaest.</span> <span class='ocrx_word' id='word_1_426' title='bbox 2937 3662 2988 3717; x_wconf 88' lang='lat'>1.</span> <span class='ocrx_word' id='word_1_427' title='bbox 3020 3665 3080 3717; x_wconf 90' lang='lat' dir='ltr'>et</span> <span class='ocrx_word' id='word_1_428' title='bbox 3109 3659 3402 3717; x_wconf 77' lang='lat' dir='ltr'>diffusius</span> <span class='ocrx_word' id='word_1_429' title='bbox 3434 3661 3499 3718; x_wconf 88' lang='lat' dir='ltr'>in</span> <span class='ocrx_word' id='word_1_430' title='bbox 3543 3665 3598 3718; x_wconf 89' lang='grc'>2.</span> <span class='ocrx_word' id='word_1_431' title='bbox 3648 3660 3798 3723; x_wconf 83' lang='lat' dir='ltr'>dist.</span> <span class='ocrx_word' id='word_1_432' title='bbox 3850 3668 3936 3725; x_wconf 90' lang='grc'>12.</span> 
     </span>
     <span class='ocr_line' id='line_1_82' title="bbox 2378 3754 3934 3833; baseline 0.001 -17"><span class='ocrx_word' id='word_1_433' title='bbox 2378 3763 2595 3833; x_wconf 78' lang='lat' dir='ltr'>quaest.</span> <span class='ocrx_word' id='word_1_434' title='bbox 2632 3758 2682 3813; x_wconf 90' lang='lat'>1.</span> <span class='ocrx_word' id='word_1_435' title='bbox 2715 3760 2777 3813; x_wconf 91' lang='lat' dir='ltr'>et</span> <span class='ocrx_word' id='word_1_436' title='bbox 2805 3759 2861 3813; x_wconf 88' lang='grc'>2.</span> <span class='ocrx_word' id='word_1_437' title='bbox 2889 3754 2993 3811; x_wconf 88' lang='lat' dir='ltr'>ubi</span> <span class='ocrx_word' id='word_1_438' title='bbox 3025 3759 3236 3813; x_wconf 82' lang='lat' dir='ltr'>contra</span> <span class='ocrx_word' id='word_1_439' title='bbox 3258 3756 3587 3815; x_wconf 84' lang='lat' dir='ltr'>Albertum</span> <span class='ocrx_word' id='word_1_440' title='bbox 3611 3759 3934 3830; x_wconf 78' lang='lat' dir='ltr'>Magnum,</span> 
     </span>
     <span class='ocr_line' id='line_1_83' title="bbox 2377 3852 3937 3926; baseline 0.001 -13"><span class='ocrx_word' id='word_1_441' title='bbox 2377 3861 2438 3913; x_wconf 91' lang='lat' dir='ltr'>et</span> <span class='ocrx_word' id='word_1_442' title='bbox 2466 3856 2624 3913; x_wconf 78' lang='lat' dir='ltr'>alios</span> <span class='ocrx_word' id='word_1_443' title='bbox 2654 3852 2872 3926; x_wconf 84' lang='lat' dir='ltr'>probat</span> <span class='ocrx_word' id='word_1_444' title='bbox 2902 3854 2965 3910; x_wconf 90' lang='lat' dir='ltr'>in</span> <span class='ocrx_word' id='word_1_445' title='bbox 3000 3859 3141 3911; x_wconf 86' lang='lat' dir='ltr'>ente</span> <span class='ocrx_word' id='word_1_446' title='bbox 3174 3852 3522 3924; x_wconf 80' lang='lat' dir='ltr'>generabili</span> <span class='ocrx_word' id='word_1_447' title='bbox 3581 3854 3718 3914; x_wconf 83' lang='lat' dir='ltr'>dari</span> <span class='ocrx_word' id='word_1_448' title='bbox 3782 3857 3937 3916; x_wconf 72' lang='lat' dir='ltr'>duas</span> 
     </span>
     <span class='ocr_line' id='line_1_84' title="bbox 2377 3953 3935 4026; baseline 0 -14"><span class='ocrx_word' id='word_1_449' title='bbox 2377 3954 2666 4012; x_wconf 85' lang='lat' dir='ltr'>entitates</span> <span class='ocrx_word' id='word_1_450' title='bbox 2702 3953 3024 4024; x_wconf 58' lang='lat' dir='ltr'>positivae,</span> <span class='ocrx_word' id='word_1_451' title='bbox 3073 3967 3342 4026; x_wconf 85' lang='lat' dir='ltr'>quarum</span> <span class='ocrx_word' id='word_1_452' title='bbox 3370 3968 3489 4010; x_wconf 83' lang='lat' dir='ltr'>una</span> <span class='ocrx_word' id='word_1_453' title='bbox 3511 3960 3604 4012; x_wconf 84' lang='lat' dir='ltr'>est</span> <span class='ocrx_word' id='word_1_454' title='bbox 3627 3956 3935 4022; x_wconf 80' lang='lat' dir='ltr'>materiae,</span> 
     </span>
     <span class='ocr_line' id='line_1_85' title="bbox 2377 4052 3940 4126; baseline 0.001 -16"><span class='ocrx_word' id='word_1_455' title='bbox 2377 4057 2438 4110; x_wconf 90' lang='lat' dir='ltr'>et</span> <span class='ocrx_word' id='word_1_456' title='bbox 2468 4052 2665 4110; x_wconf 85' lang='lat' dir='ltr'>altera</span> <span class='ocrx_word' id='word_1_457' title='bbox 2698 4052 2915 4119; x_wconf 79' lang='lat' dir='ltr'>forma,</span> <span class='ocrx_word' id='word_1_458' title='bbox 2949 4065 3178 4124; x_wconf 85' lang='lat' dir='ltr'>easque</span> <span class='ocrx_word' id='word_1_459' title='bbox 3208 4066 3344 4109; x_wconf 79' lang='grc'><strong>0800</strong></span> <span class='ocrx_word' id='word_1_460' title='bbox 3404 4054 3568 4111; x_wconf 84' lang='grc'><strong>10101·</strong></span> <span class='ocrx_word' id='word_1_461' title='bbox 3606 4066 3672 4110; x_wconf 89' lang='grc'><strong>80</strong></span> <span class='ocrx_word' id='word_1_462' title='bbox 3732 4055 3940 4126; x_wconf 82' lang='lat' dir='ltr'>primo</span> 
     </span>
    </p>
   </div>
   <div class='ocr_carea' id='block_1_15' title="bbox 2377 4150 3939 4315">
    <p class='ocr_par' dir='ltr' id='par_1_15' title="bbox 2377 4150 3939 4315">
     <span class='ocr_line' id='line_1_86' title="bbox 2377 4150 3939 4225; baseline 0.001 -17"><span class='ocrx_word' id='word_1_463' title='bbox 2377 4150 2683 4218; x_wconf 82' lang='lat' dir='ltr'>diversas,</span> <span class='ocrx_word' id='word_1_464' title='bbox 2715 4154 2778 4207; x_wconf 89' lang='lat' dir='ltr'>et</span> <span class='ocrx_word' id='word_1_465' title='bbox 2807 4155 3139 4222; x_wconf 85' lang='lat' dir='ltr'>utramque</span> <span class='ocrx_word' id='word_1_466' title='bbox 3171 4156 3307 4207; x_wconf 86' lang='lat' dir='ltr'>actu</span> <span class='ocrx_word' id='word_1_467' title='bbox 3340 4151 3634 4219; x_wconf 83' lang='lat' dir='ltr'>existere,</span> <span class='ocrx_word' id='word_1_468' title='bbox 3666 4166 3939 4225; x_wconf 86' lang='lat' dir='ltr'>suosque</span> 
     </span>
     <span class='ocr_line' id='line_1_87' title="bbox 2379 4241 3939 4315; baseline 0.003 -16"><span class='ocrx_word' id='word_1_469' title='bbox 2379 4249 2553 4302; x_wconf 79' lang='grc'><strong>00108</strong></span> <span class='ocrx_word' id='word_1_470' title='bbox 2612 4241 2842 4298; x_wconf 85' lang='lat' dir='ltr'>habere</span> <span class='ocrx_word' id='word_1_471' title='bbox 2901 4241 3253 4313; x_wconf 85' lang='lat' dir='ltr'>distinctos;</span> <span class='ocrx_word' id='word_1_472' title='bbox 3315 4248 3502 4315; x_wconf 84' lang='lat' dir='ltr'>atque</span> <span class='ocrx_word' id='word_1_473' title='bbox 3560 4242 3710 4301; x_wconf 84' lang='lat' dir='ltr'>hine</span> <span class='ocrx_word' id='word_1_474' title='bbox 3770 4249 3939 4303; x_wconf 84' lang='lat' dir='ltr'>recte</span> 
     </span>
    </p>
   </div>
   <div class='ocr_carea' id='block_1_16' title="bbox 2378 4339 3941 4516">
    <p class='ocr_par' dir='ltr' id='par_1_16' title="bbox 2378 4339 3941 4516">
     <span class='ocr_line' id='line_1_88' title="bbox 2378 4339 3941 4410; baseline 0.002 -12"><span class='ocrx_word' id='word_1_475' title='bbox 2378 4339 2692 4398; x_wconf 81' lang='lat' dir='ltr'>subinfert</span> <span class='ocrx_word' id='word_1_476' title='bbox 2723 4340 3050 4396; x_wconf 83' lang='lat' dir='ltr'>materiam</span> <span class='ocrx_word' id='word_1_477' title='bbox 3084 4355 3204 4397; x_wconf 91' lang='lat' dir='ltr'>non</span> <span class='ocrx_word' id='word_1_478' title='bbox 3240 4340 3469 4398; x_wconf 87' lang='lat' dir='ltr'>habere</span> <span class='ocrx_word' id='word_1_479' title='bbox 3500 4357 3536 4398; x_wconf 86' lang='lat' dir='ltr'>a</span> <span class='ocrx_word' id='word_1_480' title='bbox 3597 4342 3822 4410; x_wconf 79' lang='lat' dir='ltr'>forma,</span> <span class='ocrx_word' id='word_1_481' title='bbox 3875 4349 3941 4401; x_wconf 90' lang='lat' dir='ltr'>ut</span> 
     </span>
     <span class='ocr_line' id='line_1_89' title="bbox 2379 4436 3941 4516; baseline 0.002 -19"><span class='ocrx_word' id='word_1_482' title='bbox 2379 4444 2518 4497; x_wconf 82' lang='lat' dir='ltr'>actu</span> <span class='ocrx_word' id='word_1_483' title='bbox 2551 4439 2650 4506; x_wconf 89' lang='lat' dir='ltr'>sit,</span> <span class='ocrx_word' id='word_1_484' title='bbox 2675 4436 2781 4494; x_wconf 85' lang='lat' dir='ltr'>sed</span> <span class='ocrx_word' id='word_1_485' title='bbox 2813 4454 2846 4495; x_wconf 89' lang='lat' dir='ltr'>a</span> <span class='ocrx_word' id='word_1_486' title='bbox 2878 4438 3210 4507; x_wconf 84' lang='lat' dir='ltr'>creatione,</span> <span class='ocrx_word' id='word_1_487' title='bbox 3252 4444 3312 4496; x_wconf 89' lang='lat' dir='ltr'>et</span> <span class='ocrx_word' id='word_1_488' title='bbox 3340 4447 3669 4513; x_wconf 66' lang='lat' dir='ltr'>proptera</span> <span class='ocrx_word' id='word_1_489' title='bbox 3701 4456 3820 4516; x_wconf 82' lang='lat' dir='ltr'>per</span> <span class='ocrx_word' id='word_1_490' title='bbox 3842 4442 3941 4501; x_wconf 90' lang='lat' dir='ltr'>di-</span> 
     </span>
    </p>
   </div>
   <div class='ocr_carea' id='block_1_17' title="bbox 2378 4537 3936 4690">
    <p class='ocr_par' dir='ltr' id='par_1_17' title="bbox 2378 4537 3936 4690">
     <span class='ocr_line' id='line_1_90' title="bbox 2378 4537 3936 4610; baseline 0.005 -21"><span class='ocrx_word' id='word_1_491' title='bbox 2378 4537 2593 4592; x_wconf 81' lang='lat' dir='ltr'>vinam</span> <span class='ocrx_word' id='word_1_492' title='bbox 2624 4538 2962 4608; x_wconf 83' lang='lat' dir='ltr'>potentiam</span> <span class='ocrx_word' id='word_1_493' title='bbox 2995 4552 3173 4610; x_wconf 81' lang='lat' dir='ltr'>posse</span> <span class='ocrx_word' id='word_1_494' title='bbox 3239 4538 3509 4596; x_wconf 86' lang='lat' dir='ltr'>existere</span> <span class='ocrx_word' id='word_1_495' title='bbox 3566 4541 3708 4599; x_wconf 81' lang='lat' dir='ltr'>sine</span> <span class='ocrx_word' id='word_1_496' title='bbox 3765 4543 3936 4599; x_wconf 89' lang='lat' dir='ltr'>omni</span> 
     </span>
     <span class='ocr_line' id='line_1_91' title="bbox 2380 4633 2600 4690; baseline 0.005 -1"><span class='ocrx_word' id='word_1_497' title='bbox 2380 4633 2600 4690; x_wconf 77' lang='lat' dir='ltr'>forma.</span> 
     </span>
    </p>
   </div>
   <div class='ocr_carea' id='block_1_18' title="bbox 2383 4812 3941 5725">
    <p class='ocr_par' dir='ltr' id='par_1_18' title="bbox 2383 4812 3941 5725">
     <span class='ocr_line' id='line_1_92' title="bbox 2473 4812 3935 4891; baseline 0.004 -8"><span class='ocrx_word' id='word_1_498' title='bbox 2473 4812 2613 4883; x_wconf 79' lang='lat' dir='ltr'>11ae</span> <span class='ocrx_word' id='word_1_499' title='bbox 2669 4816 2938 4884; x_wconf 87' lang='lat' dir='ltr'>autem</span> <span class='ocrx_word' id='word_1_500' title='bbox 3001 4813 3542 4887; x_wconf 84' lang='lat' dir='ltr'>auctoritates</span> <span class='ocrx_word' id='word_1_501' title='bbox 3604 4838 3767 4889; x_wconf 91' lang='lat' dir='ltr'>non</span> <span class='ocrx_word' id='word_1_502' title='bbox 3830 4816 3935 4891; x_wconf 89' lang='lat' dir='ltr'>di-</span> 
     </span>
     <span class='ocr_line' id='line_1_93' title="bbox 2383 4929 3937 5027; baseline 0.005 -27"><span class='ocrx_word' id='word_1_503' title='bbox 2383 4929 2573 5000; x_wconf 88' lang='lat' dir='ltr'>cunt</span> <span class='ocrx_word' id='word_1_504' title='bbox 2620 4929 3051 5000; x_wconf 82' lang='lat' dir='ltr'>materiam</span> <span class='ocrx_word' id='word_1_505' title='bbox 3089 4930 3417 5002; x_wconf 89' lang='lat' dir='ltr'>omnino</span> <span class='ocrx_word' id='word_1_506' title='bbox 3466 4953 3754 5025; x_wconf 87' lang='lat' dir='ltr'>puram</span> <span class='ocrx_word' id='word_1_507' title='bbox 3803 4956 3937 5027; x_wconf 89' lang='lat' dir='ltr'>po-</span> 
     </span>
     <span class='ocr_line' id='line_1_94' title="bbox 2383 5044 3938 5136; baseline 0.005 -20"><span class='ocrx_word' id='word_1_508' title='bbox 2383 5044 2725 5117; x_wconf 85' lang='lat' dir='ltr'>tentiam</span> <span class='ocrx_word' id='word_1_509' title='bbox 2768 5044 3066 5136; x_wconf 87' lang='lat' dir='ltr'>absque</span> <span class='ocrx_word' id='word_1_510' title='bbox 3113 5046 3329 5118; x_wconf 91' lang='lat' dir='ltr'>omni</span> <span class='ocrx_word' id='word_1_511' title='bbox 3377 5051 3587 5130; x_wconf 85' lang='lat' dir='ltr'>actu,</span> <span class='ocrx_word' id='word_1_512' title='bbox 3636 5052 3771 5122; x_wconf 89' lang='lat' dir='ltr'>sed</span> <span class='ocrx_word' id='word_1_513' title='bbox 3819 5051 3938 5123; x_wconf 89' lang='lat' dir='ltr'>in-</span> 
     </span>
     <span class='ocr_line' id='line_1_95' title="bbox 2385 5161 3935 5252; baseline 0.005 -20"><span class='ocrx_word' id='word_1_514' title='bbox 2385 5162 2716 5233; x_wconf 85' lang='lat' dir='ltr'>tendunt</span> <span class='ocrx_word' id='word_1_515' title='bbox 2795 5163 2998 5252; x_wconf 83' lang='lat' dir='ltr'>quod</span> <span class='ocrx_word' id='word_1_516' title='bbox 3080 5161 3293 5235; x_wconf 87' lang='lat' dir='ltr'>inter</span> <span class='ocrx_word' id='word_1_517' title='bbox 3366 5165 3636 5237; x_wconf 88' lang='lat' dir='ltr'>omnia</span> <span class='ocrx_word' id='word_1_518' title='bbox 3705 5167 3935 5239; x_wconf 85' lang='lat' dir='ltr'>entia</span> 
     </span>
     <span class='ocr_line' id='line_1_96' title="bbox 2388 5278 3935 5369; baseline 0.003 -17"><span class='ocrx_word' id='word_1_519' title='bbox 2388 5281 2466 5352; x_wconf 93' lang='lat' dir='ltr'>in</span> <span class='ocrx_word' id='word_1_520' title='bbox 2511 5298 2804 5369; x_wconf 78' lang='lat' dir='ltr'>genere</span> <span class='ocrx_word' id='word_1_521' title='bbox 2858 5278 3333 5351; x_wconf 79' lang='lat' dir='ltr'>substantiae</span> <span class='ocrx_word' id='word_1_522' title='bbox 3380 5280 3644 5353; x_wconf 90' lang='lat' dir='ltr'>minus</span> <span class='ocrx_word' id='word_1_523' title='bbox 3689 5282 3935 5356; x_wconf 88' lang='lat' dir='ltr'>habet</span> 
     </span>
     <span class='ocr_line' id='line_1_97' title="bbox 2385 5393 3941 5487; baseline 0.003 -21"><span class='ocrx_word' id='word_1_524' title='bbox 2385 5396 2475 5467; x_wconf 84' lang='lat' dir='ltr'>de.</span> <span class='ocrx_word' id='word_1_525' title='bbox 2518 5393 3018 5474; x_wconf 83' lang='lat' dir='ltr'>actualitate,</span> <span class='ocrx_word' id='word_1_526' title='bbox 3058 5399 3134 5467; x_wconf 85' lang='lat' dir='ltr'>et</span> <span class='ocrx_word' id='word_1_527' title='bbox 3173 5397 3376 5487; x_wconf 87' lang='lat' dir='ltr'>quod</span> <span class='ocrx_word' id='word_1_528' title='bbox 3421 5416 3566 5467; x_wconf 88' lang='lat' dir='ltr'>sua</span> <span class='ocrx_word' id='word_1_529' title='bbox 3600 5398 3941 5471; x_wconf 83' lang='lat' dir='ltr'>actuali-</span> 
     </span>
     <span class='ocr_line' id='line_1_98' title="bbox 2387 5511 3938 5588; baseline 0.002 -4"><span class='ocrx_word' id='word_1_530' title='bbox 2387 5516 2514 5584; x_wconf 88' lang='lat' dir='ltr'>tas</span> <span class='ocrx_word' id='word_1_531' title='bbox 2567 5511 2663 5583; x_wconf 91' lang='lat' dir='ltr'>ab</span> <span class='ocrx_word' id='word_1_532' title='bbox 2714 5511 3192 5583; x_wconf 86' lang='lat' dir='ltr'>actualitate</span> <span class='ocrx_word' id='word_1_533' title='bbox 3264 5513 3549 5585; x_wconf 81' lang='lat' dir='ltr'>formae</span> <span class='ocrx_word' id='word_1_534' title='bbox 3613 5515 3938 5588; x_wconf 87' lang='lat' dir='ltr'>ratione</span> 
     </span>
     <span class='ocr_line' id='line_1_99' title="bbox 2389 5628 3938 5725; baseline 0.002 -23"><span class='ocrx_word' id='word_1_535' title='bbox 2389 5628 2807 5702; x_wconf 86' lang='lat' dir='ltr'>contraria</span> <span class='ocrx_word' id='word_1_536' title='bbox 2851 5633 2973 5702; x_wconf 89' lang='lat' dir='ltr'>est</span> <span class='ocrx_word' id='word_1_537' title='bbox 3016 5629 3421 5703; x_wconf 87' lang='lat' dir='ltr'>distincta.</span> <span class='ocrx_word' id='word_1_538' title='bbox 3466 5630 3683 5705; x_wconf 90' lang='lat' dir='ltr'>Unde</span> <span class='ocrx_word' id='word_1_539' title='bbox 3723 5633 3938 5725; x_wconf 90' lang='lat' dir='ltr'>quod</span> 
     </span>
    </p>
   </div>
  </div>
 </body>
</html>
