4252 6393
475 2251 557 2302 2⁴.

739 438 860 505 246
1886 424 2028 495 ΜΒ.
2079 430 2178 493 lV.
2225 426 2768 494 METEORORUM

723 602 848 675 vel
884 620 1077 697 pars
1118 599 1320 693 ejus,
1357 597 1486 670 vel
1537 594 2035 669 informatur
2078 595 2264 685 post

721 718 1284 810 digestionem,
1344 720 1424 789 et
1485 714 1602 789 ita
1658 717 1783 787 est
1842 710 2258 783 nobilior:

719 856 907 911 nam
986 834 1281 916 anima,
1345 832 1471 905 vel
1552 830 1822 905 forma
1898 827 2265 901 substan-

716 953 965 1035 tialiS,
1032 972 1205 1044 quae
1276 972 1438 1024 non
1506 950 1658 1022 fuit
1717 946 2014 1029 anima,
2091 945 2262 1018 ideo

715 1069 1076 1145 finaliter
1162 1067 1383 1140 vadit
1461 1066 1556 1140 ad
1632 1062 2257 1158 perfectionem,

718 1189 799 1260 et
854 1186 1269 1258 diceretur
1328 1182 1723 1277 perfectio
1780 1201 1877 1253 ex
1946 1179 2101 1251 fine
2145 1198 2261 1249 re-

721 1308 944 1380 mota
1005 1301 1500 1393 aliqualiter.
1576 1299 1720 1373 Sed
1790 1297 1858 1369 si
1918 1316 2078 1368 non
2136 1314 2262 1368 co-

721 1420 1182 1493 mederetur
1222 1417 1542 1509 aliquod
1573 1416 1847 1489 vivum
1879 1411 2255 1493 nobilius,

719 1536 1024 1611 sortior
1053 1541 1178 1611 est
1220 1536 1512 1617 forma,
1564 1537 1645 1607 et
1676 1533 2260 1624 corrumpetur

716 1652 1309 1745 imperfectior.
1348 1656 1451 1726 Et
1487 1651 1658 1724 ideo
1691 1648 1838 1724 tali
1872 1668 2065 1721 casu
2101 1646 2257 1720 suf—

712 1773 999 1845 ficeret
1032 1769 1239 1862 quod
1279 1769 1585 1842 dictum
1626 1770 1775 1850 est,
1815 1766 2020 1859 quod
2050 1764 2256 1838 dica-

710 1892 850 1962 tur
889 1886 1276 1981 perfecta,
1325 1884 1513 1978 quia
1546 1905 1691 1978 per
1720 1881 2255 1975 digestionem

710 2004 1176 2096 disponitur
1253 2001 1542 2076 melius
1603 2001 1699 2073 ad
1783 2023 1918 2070 esse
1998 1998 2255 2072 nutri-

713 2120 990 2194 menti.

803 2238 948 2312 Sed
991 2237 1243 2311 adhuc
1305 2237 1551 2310 aliter
1604 2234 2001 2327 probatur
2060 2231 2255 2304 illud

712 2353 1216 2434 antecedenS,
1273 2351 1462 2443 quia
1520 2349 1867 2441 digestio
1911 2347 2254 2441 juvatur

713 2490 759 2541 a
791 2469 1107 2560 frigore
1136 2468 1434 2550 alieno,
1471 2471 1551 2541 et
1573 2467 2064 2549 extrinsecO,
2093 2469 2246 2539 etc.

709 2588 1082 2677 Negatur
1168 2587 1779 2677 consequentia,
1861 2588 1942 2657 et
2031 2581 2249 2657 ratio

706 2706 855 2784 est,
904 2702 1092 2794 quia
1125 2721 1282 2773 non
1308 2701 1651 2794 juvatur
1677 2722 1722 2772 a
1755 2700 2070 2792 frigore
2101 2700 2248 2773 illo

705 2820 1201 2900 extrinseco,
1248 2817 1407 2890 nisi
1442 2820 1785 2911 propter
1826 2815 2001 2900 hoc,
2041 2817 2249 2910 quod

700 2936 933 3010 calor
995 2934 1402 3008 naturalis
1475 2955 1659 3007 cum
1729 2932 2080 3016 humido,
2167 2934 2247 3008 in

701 3075 858 3147 quo
895 3056 1444 3125 conservatur
1477 3052 1740 3143 frigus
1767 3050 2085 3142 fugiens
2118 3073 2248 3123 ex-

700 3171 1184 3252 trinsecum,
1227 3170 1515 3244 unitur
1557 3168 1929 3251 interius,
1967 3171 2047 3243 et
2080 3169 2244 3243 ani-

706 3288 858 3361 mis
905 3286 1205 3362 fortius
1264 3285 1672 3377 digeritur
1723 3285 1976 3367 cibus,
2039 3287 2246 3378 quod

701 3407 979 3479 tamen
1041 3407 1170 3477 est
1213 3402 1750 3476 intrinsecum
1802 3403 2080 3475 calore
2114 3424 2247 3476 na-

695 3520 973 3600 turali,
998 3524 1076 3593 et
1119 3520 1235 3592 sic
1259 3519 1624 3612 juvatur,
1652 3523 1731 3592 et
1762 3539 1921 3591 non
1957 3519 2240 3603 aliter3

697 3640 958 3730 igitur
1018 3657 1177 3710 non
1225 3637 1598 3729 sequitur
1651 3624 1858 3728 quod
1928 3636 2244 3730 frigore

693 3755 1103 3828 efficiatur
1135 3753 1507 3845 digestio,
1538 3757 1928 3844 tanquam
1953 3758 2243 3844 agente

695 3870 1184 3953 immediate,
1213 3874 1292 3943 et
1316 3871 1733 3961 digerente
1761 3870 2238 3954 intrinsecO‚

697 3988 785 4059 ut
829 3989 1077 4079 patet.

786 4103 899 4176 Ad
965 4100 1536 4195 probationem
1605 4102 2235 4192 consequentiae,

697 4221 1116 4289 contrarium
1166 4217 1449 4308 impedit
1487 4221 1925 4299 contrarium,
1990 4230 2050 4285 et
2104 4241 2242 4287 non

684 4341 905 4427 juvat,
939 4353 1227 4406 verum
1260 4337 1385 4406 est
1419 4334 1487 4406 si
1541 4338 1842 4407 caetera
1883 4334 2049 4408 sint
2107 4355 2238 4427 pa-

705 4451 871 4532 ria;
913 4450 1044 4522 sed
1071 4450 1542 4542 quandoque
1576 4445 2090 4524 contrarium
2115 4451 2238 4545 ju-

694 4571 835 4640 vat
875 4566 1414 4648 contrarium,
1460 4572 1539 4640 et
1583 4568 2054 4659 quandoque
2097 4568 2237 4641 im-

699 4684 936 4776 pedit,
973 4687 1054 4756 et
1088 4683 1558 4775 quandoque
1592 4685 1926 4777 impedit
1960 4686 2230 4768 simul,

693 4804 772 4873 et
798 4800 1036 4893 juva-t
1078 4799 1157 4870 in
1189 4801 1808 4893 comparatione
1851 4802 1944 4873 ad
1976 4801 2233 4873 diver·

693 4935 783 4988 sa
817 4921 1218 5009 tempora,
1260 4936 1447 4988 nam
1482 4917 1817 5009 impedit
1852 4918 1932 4990 in
1973 4922 2234 4991 extre-

691 5033 978 5107 mitate
1039 5032 1455 5106 actionum
1515 5032 2042 5105 calefaciendi
2122 5034 2232 5126 ip-

687 5172 864 5222 sum
902 5149 1315 5241 frigidum,
1344 5154 1426 5224 et
1451 5150 1687 5240 juvat
1720 5169 1806 5221 ea
1824 5173 1895 5222 m
1936 5151 2014 5222 in
2049 5171 2230 5243 pro-

687 5266 953 5349 fundo,
993 5271 1072 5339 ct
1107 5266 1259 5338 hoc
1299 5270 1730 5359 postquam
1772 5267 2078 5358 depulit
2120 5269 2229 5359 ip-

687 5402 859 5454 sam
896 5382 994 5452 ab
1026 5384 1423 5463 extremo,
1468 5386 1549 5455 et
1586 5382 1756 5454 ideo
1794 5403 1987 5454 raro
2035 5386 2229 5457 tem-

689 5517 909 5591 pore,
947 5502 1028 5571 ct
1059 5496 1210 5569 hoc
1243 5497 1495 5571 etiam
1530 5518 1689 5570 non
1721 5501 1844 5570 est
1879 5500 2228 5573 intentio

685 5613 1005 5707 agentis
1040 5612 1342 5707 frigidi,
1379 5615 1755 5688 videlicet
1779 5614 2070 5707 juvare
2106 5635 2230 5688 ca·

2378 589 2667 672 lorem,
2717 588 2850 662 sed
2894 588 3241 663 intentio
3291 586 3418 659 est
3467 583 3915 664 destruere,-

2377 712 2458 782 et
2491 710 2709 782 aliud
2734 707 3052 800 fugiens
3083 702 3728 780 destructionem
3752 703 3916 774 uni·

2378 828 2518 898 tur
2580 824 2852 908 alteri,
2925 827 3006 899 et
3047 823 3165 897 sic
3224 820 3422 915 agit,
3486 837 3649 893 non
3716 810 3918 912 quod

2376 941 2644 1033 frigus
2702 941 2902 1017 velit
2967 941 3234 1034 ipsum
3298 936 3739 1019 intendere,
3791 937 3917 1009 vel

2376 1056 2745 1139 intendit,
2784 1058 2917 1130 sed
2951 1056 3140 1149 quia
3179 1053 3522 1130 intendit
3553 1071 3919 1126 corrum-

2377 1193 2594 1265 pere,
2631 1178 2712 1247 et
2754 1175 2869 1248 sic
2902 1193 3000 1245 ex
3033 1172 3227 1264 fuga
3252 1171 3617 1265 juvatur,
3654 1171 3735 1243 et
3767 1167 3917 1243 hoc

2374 1293 2499 1362 est
2563 1310 2707 1383 per
2757 1290 3051 1382 ipsum,
3097 1288 3292 1364 licet
3337 1288 3660 1363 occasio
3702 1287 3814 1360 sit
3871 1305 3918 1358 a

2374 1404 2735 1499 frigore;
2808 1412 2887 1483 et
2931 1409 3048 1481 sic
3112 1406 3505 1481 similiter
3587 1405 3915 1478 concedi

2374 1526 2645 1616 potest
2680 1525 2885 1618 quod
2917 1524 3180 1617 frigus
3212 1544 3373 1598 non
3400 1523 3742 1598 intendit
3777 1523 3919 1595 ali-

2372 1660 2528 1732 quo
2574 1642 2806 1714 modo
2867 1642 3251 1724 calorem,
3323 1662 3467 1714 nec
3518 1640 3754 1732 juvat
3812 1639 3920 1712 di-

2373 1758 2881 1851 gestionem:
2945 1760 3078 1832 sed
3136 1760 3365 1834 calor
3406 1758 3725 1851 fugiens
3782 1756 3922 1830 fri-

2372 1894 2545 1967 gus,
2590 1879 2669 1948 et
2714 1897 2798 1950 se
2820 1877 3102 1951 uniens
3136 1876 3475 1950 intendit
3526 1875 3915 1956 calorem,

2369 1995 2447 2065 et
2501 1993 2738 2085 juvat
2797 1993 3363 2086 digestionem,
3406 1993 3485 2065 et
3541 1992 3697 2065 iste
3755 2010 3919 2065 non

2367 2112 2493 2182 est
2529 2108 2823 2203 frigus,
2863 2110 2997 2183 sed
3029 2111 3282 2183 calor.

2458 2228 2557 2300 Et
2591 2249 2690 2299 ex
2745 2227 2932 2301 istis
2974 2228 3546 2320 intelligantur
3597 2226 3918 2301 conclu·

2368 2341 2641 2416 siones
2723 2344 3152 2437 praedictae,
3235 2345 3547 2438 quando
3608 2344 3918 2418 dictum

2364 2460 2487 2531 est
2522 2461 2729 2551 quod
2762 2460 3026 2553 frigus
3066 2461 3619 2535 extrinsecum
3645 2460 3914 2555 juvat,

2365 2578 2787 2646 conclusione
2823 2580 3082 2667 quinta,
3120 2580 3197 2651 et
3246 2598 3409 2650 non
3455 2578 3763 2653 directe
3789 2577 3917 2670 ju-

2361 2692 2524 2772 vat,
2571 2693 2703 2764 sed
2738 2696 2824 2768 ut
2855 2692 3157 2767 dictum
3189 2696 3338 2766 est.

2450 2808 2563 2880 Ad
2604 2809 3058 2895 secundam,
3115 2813 3411 2902 Diqescio
3466 2814 3616 2898 fita
3653 2814 3912 2882 calidi-

2362 2935 2493 2993 lale
2525 2927 2753 2995 aliena
2782 2929 2973 2995 nulla
3021 2930 3345 2998 existente
3395 2931 3683 3019 propria
3741 2933 3911 2999 eali·

2359 3045 2593 3113 dicate.
2639 3043 2966 3117 Dicitur
3014 3044 3110 3118 ad
3159 3046 3637 3120 antecedens
3701 3051 3915 3140 quod

2359 3158 2708 3251 digestio
2741 3160 2829 3233 fit
2864 3180 2910 3234 a
2962 3159 3301 3255 propria
3341 3162 3762 3238 caliditate
3812 3165 3918 3239 di·

2361 3275 2792 3366 gestibilis,
2868 3277 3053 3349 licet
3126 3277 3466 3372 propria
3533 3280 3916 3355 caliditas

2362 3392 2850 3484 digestibilis
2912 3393 3149 3486 juvat
3234 3396 3735 3488 quandoque,
3834 3402 3915 3470 et

2362 3509 2834 3602 quandoque
2912 3510 3252 3604 propria
3309 3511 3729 3587 caliditate
3804 3515 3916 3587 di-

2361 3626 2767 3716 gestibilis
2802 3648 2948 3720 per
2997 3629 3712 3722 consumptionem
3771 3631 3914 3705 fri-

2361 3743 2615 3833 goris,
2655 3746 2732 3815 et
2771 3765 2915 3838 per
2947 3743 3523 3819 abundantiam
3557 3746 3914 3821 humidi-

2355 3859 2580 3942 tatiS,
2634 3862 2712 3932 et
2765 3860 3164 3934 siccitatis
3222 3861 3311 3936 fit
3368 3862 3613 3936 citius
3646 3864 3911 3958 diges-

2355 3975 2499 4057 tio,
2539 3976 2673 4048 sed
2704 3998 2989 4050 verum
3023 3977 3455 4071 aliquando
3490 3979 3702 4055 sicut
3737 3983 3912 4076 qui-

2354 4093 2536 4163 dam
2570 4094 3020 4187 expositor,
3058 4099 3145 4168 ut
3181 4115 3457 4189 supra.

2444 4211 2779 4292 Quidam
2811 4212 3238 4305 expositor
3272 4214 3677 4287 Henricus
3706 4216 3909 4290 dicit

2355 4326 2561 4418 quod
2599 4327 2890 4419 duplex
2934 4332 3056 4401 est
3109 4329 3483 4420 digestio,
3532 4333 3909 4422 quaedam

2353 4463 2400 4515 a
2440 4444 2713 4516 calore
2746 4445 3172 4529 exteriori,
3229 4448 3588 4538 quaedam
3641 4449 3745 4521 ab
3792 4450 3906 4522 in-

2350 4561 2675 4634 teriori.
2731 4564 2831 4635 Et
2878 4562 3250 4636 caliditas
3307 4563 3574 4657 primo
3629 4568 3901 4649 modo,

2350 4680 2501 4750 etc.
2547 4676 2975 4768 contingit,
3009 4678 3199 4771 quia
3233 4680 3355 4752 vel
3407 4680 3636 4754 calor
3665 4686 3905 4756 natu-

2352 4795 2553 4868 ralis
2592 4799 2717 4869 est
2768 4798 2846 4868 et
2914 4797 3307 4880 exterior,
3374 4797 3583 4871 sicut
3628 4799 3770 4871 Sol
3821 4801 3905 4873 in

2351 4913 2910 4986 maturatione
2961 4914 3408 4997 fructuum;
3461 4915 3585 4987 vel
3639 4917 3904 4991 artifi-

2347 5027 2579 5100 cialis
2613 5027 2820 5101 sicut
2860 5029 2938 5101 in
2970 5029 3433 5111 assatione;
3473 5031 3605 5103 sed
3637 5030 3903 5124 diges-

2344 5143 2462 5217 tio
2506 5166 2551 5217 a
2584 5146 2857 5218 calore
2889 5145 3250 5218 naturali
3288 5145 3740 5221 intrinseco
3775 5154 3902 5223 est

2345 5263 2436 5334 de
2477 5262 2751 5333 calore
2799 5262 3248 5335 intrinseco
3299 5263 3901 5354 digestibilium

2345 5377 2734 5458 effective,
2782 5381 2859 5450 et
2920 5379 3006 5450 fit
3076 5378 3541 5452 extrinseco
3611 5383 3899 5455 calore

2345 5496 3005 5588 circumscripto,
3044 5499 3120 5568 et
3156 5497 3246 5567 de
3271 5495 3422 5569 tali
3452 5497 3643 5571 dicit
3669 5498 3897 5573 Aris·

2345 5612 2680 5684 totelem
2715 5612 3288 5710 principaliter
3331 5613 3774 5698 intendere,
3814 5622 3893 5692 et

4039 2812 4113 2866 25.

4001 2877 4081 2928 Ad
4127 2876 4163 2924 2.
