4252 6393
1729 461 2098 539 Quasi-10
2147 461 2252 524 xv
2283 484 2291 491 ·
3489 458 3570 525 75

780 839 1251 923 QUAESTIO
1324 806 1498 913 xv.

372 1047 588 1106 Utrum
609 1059 834 1106 omnes
862 1046 1314 1122 impressiones
1339 1045 1557 1123 iynitae
1591 1040 1716 1101 sint
1753 1037 1919 1115 eju:-

683 1156 831 1215 dem
855 1155 1097 1233 speciei
1109 1154 1626 1233 specemacissemae?

163 1330 205 1381 ι.
371 1313 778 1403 Arguitur
817 1313 1024 1406 quod
1052 1334 1238 1395 non,
1278 1315 1467 1406 quia
1509 1314 1670 1388 ista
1730 1318 1917 1389 sunt

64 1396 168 1459 ³⁹
166 1411 344 1508 mr..
368 1431 886 1503 diversarum
965 1429 1424 1523 specierum
1506 1430 1916 1524 specialis-

370 1550 775 1622 simarum
878 1569 1054 1641 quae
1139 1547 1437 1623 habent
1511 1549 1914 1643 operatio-

365 1685 534 1744 nes,
616 1669 699 1739 et
767 1664 1414 1755 significationes
1495 1665 1912 1749 diversas;

368 1782 605 1853 modo
676 1781 793 1854 sic
863 1787 988 1856 est
1061 1782 1156 1855 de
1236 1782 1916 1877 impressionibus

369 1897 697 1987 ignitis:
765 1896 1046 1988 igitur,
1117 1902 1272 1972 etc.
1339 1899 1611 1991 Major
1662 1904 1910 1993 patet,

367 2015 561 2106 quia
640 2013 1075 2088 diversitas
1150 2016 1719 2110 operationum
1791 2041 1915 2092 ar-

365 2133 549 2223 guit
581 2132 1145 2206 diversitatem
1179 2133 1663 2217 formarum,
1727 2156 1915 2209 nam

362 2249 744 2344 operatio
787 2250 1063 2341 arguit
1115 2250 1509 2324 formam:
1578 2255 1811 2327 modo
1848 2256 1917 2328 si

360 2370 472 2442 sit
509 2369 618 2441 ibi
639 2368 1076 2443 diversitas
1099 2368 1411 2451 formae,
1439 2391 1623 2443 cum
1648 2371 1917 2446 forma

358 2485 471 2557 sit
503 2490 833 2567 natura,
872 2486 1246 2578 sequitur
1280 2487 1487 2579 quod
1523 2487 1629 2560 ibi
1672 2488 1779 2562 sit
1809 2488 1915 2561 di·

357 2603 728 2676 versitas
761 2608 1103 2685 naturae,
1133 2608 1213 2678 et
1241 2626 1387 2697 per
1409 2626 1914 2697 consequens

357 2718 809 2792 diversitas
858 2719 1259 2812 specifica.
1300 2723 1399 2795 Et
1458 2722 1727 2793 minor
1785 2743 1916 2815 ap-

359 2840 632 2928 paret,
701 2856 889 2908 nam
952 2837 1192 2912 stella
1257 2843 1584 2912 comata
1646 2839 1918 2931 signat

356 2957 722 3025 mortem
748 2952 1244 3046 Principum,
1271 2960 1353 3029 et
1376 2955 1597 3027 aliae
1581 2974 1916 3103 impres·

354 3072 639 3144 siones
682 3070 959 3162 ignitae
991 3091 1176 3143 non.

449 3188 848 3270 Secundo,
887 3187 1027 3261 illa
1061 3211 1237 3281 quae
1278 3188 1572 3264 habent
1606 3191 1822 3282 figur
1827 3213 1916 3265 as

355 3306 794 3380 naturales
843 3305 1211 3379 diversas
1257 3327 1417 3379 non
1465 3312 1652 3382 sunt
1709 3310 1916 3402 ejus·

352 3427 546 3497 dem
570 3423 911 3516 speciei;
950 3423 1085 3496 sed
1119 3423 1724 3518 impressiones,
1760 3431 1913 3502 etc.

360 3542 649 3634 Major
729 3546 1076 3635 apparet
1142 3540 1579 3615 inducendo
1632 3542 1712 3615 in
1755 3562 1916 3615 om·

355 3660 630 3741 nibus,
677 3679 867 3732 nam
912 3658 1053 3731 illa
1122 3677 1295 3752 quae
1330 3665 1519 3734 sunt
1557 3659 1916 3751 ejusdem

355 3774 672 3870 speciei
716 3775 1266 3858 determinant
1327 3775 1479 3848 sibi
1538 3778 1915 3851 consimi-

354 3895 523 3968 lem
558 3893 938 3984 flguram,
966 3891 1181 3966 sicut
1205 3913 1484 3966 omnes
1506 3894 1910 3979 homines;

350 4017 433 4086 et
489 4011 664 4084 alia
714 4031 888 4102 quae
934 4012 1122 4082 sunt
1170 4008 1686 4083 diversarum
1746 4032 1915 4105 spe·

350 4130 679 4201 cierum
728 4127 1278 4201 determinant
1340 4127 1491 4200 sibi
1549 4127 1914 4201 diversas

350 4249 702 4335 figuras,
751 4249 839 4319 ut
881 4264 1299 4337 nunquam
1345 4244 1572 4316 canis
1626 4243 1915 4318 habeat

352 4366 717 4455 figuram
750 4362 1128 4445 hominiS,
1163 4383 1307 4435 nec
1333 4383 1611 4455 equus.
1642 4366 1739 4435 Et
1774 4364 1914 4436 mi-

352 4502 516 4555 nor
548 4483 921 4573 apparet,
948 4498 1137 4551 nam
1163 4479 1524 4571 quaedam
1553 4484 1740 4553 sunt
1775 4479 1912 4552 im-

360 4595 838 4692 pressiones
871 4596 1150 4688 ignitae
1201 4596 1594 4688 oblongae,
1640 4601 1727 4669 ut
1753 4597 1913 4669 (lali

80 4759 108 4816 ἢ
130 4759 301 4809 ,mm
352 4729 428 4796 τ,
467 4720 555 4789 et
586 4734 801 4805 aeges
831 4725 920 4795 †;
958 4717 1038 4788 et
1080 4713 1446 4806 quaedam
1481 4711 1907 4805 sphaerica,

76 4821 298 4883 ΝΜ·
359 4838 447 4906 ut
481 4830 749 4904 stellae
786 4833 1156 4911 comatae,
1193 4833 1274 4903 et
1314 4827 1801 4921 hujusmodi.

467 4947 778 5029 Tertio,
826 4946 1015 5039 quia
1072 4946 1658 5040 impressiones
1714 4946 1911 5037 igni-

358 5074 463 5141 tae
508 5065 777 5138 solum
820 5063 1207 5136 differunt
1267 5063 1906 5146 accidentaliter,

352 5186 485 5257 vel
531 5181 1131 5263 essentialiter;
1185 5181 1253 5255 si
1296 5183 1913 5258 accidentalite1

353 5299 657 5379 solum,
687 5297 1277 5391 tuncxsequitur
1300 5300 1507 5391 quod
1528 5300 1620 5372 de
1648 5301 1765 5372 eis
1789 5301 1909 5373 dc·

350 5419 549 5489 bent
580 5413 758 5487 fleri
789 5414 1130 5487 diversae
1158 5416 1857 5493 'considerationes
1891 5443 1906 5499 ;

346 5531 1046 5612 rsi‘essentialitem
1074 5537 1265 5607 tunc
1300 5534 1617 5627 sequitu
1632 5556 1671 5607 r
1702 5538 1909 5628 quod

349 5641 748 5724 differunt
789 5639 1186 5733 specifice.

76 3220 331 3271 secandam

92 4990 303 5048 Tertium,

2137 622 2478 701 Quarto,
2552 618 2742 711 quia
2803 619 2984 713 plus
3042 618 3424 692 differunt
3478 616 3922 723 ab-Quarfqm·

2031 734 2376 808 invicem
2413 736 2654 809 stella
2684 741 3033 820 comata,
3077 740 3159 809 et
3210 755 3407 807 area
3440 734 3576 809 sti·
3917 732 3923 740 “

2030 852 2240 945 pulae
2270 851 2655 941 ardentis,
2678 874 2917 947 quam
2943 855 3116 926 duae
3166 852 3423 926 stellae
3452 874 3584 927 co·

2033 973 2318 1052 matae;
2367 970 2500 1043 sed
2537 972 2711 1045 duae
2764 971 3022 1045 stellae
3054 975 3401 1045 comatae
3440 970 3579 1043 dif-

2029 1085 2307 1161 ferunt
2339 1092 2802 1170 nnmero‚et
2858 1108 3004 1181 per
3070 1107 3577 1180 consequens

2027 1201 2718 1298 differuntspecie.

2155 1319 2477 1402 Quinto,
2529 1327 3013 1414 sequeretur
3075 1321 3286 1415 quod
3329 1322 3576 1395 omni·
3618 1326 3892 1381 Quintum.

2032 1454 2166 1506 um
2201 1435 2838 1530 impressionum
2881 1440 3324 1531 ignitarum
3358 1446 3577 1517 esset

2035 1549 2239 1625 idem
2287 1560 2582 1630 motus.
2637 1561 3155 1650 Consequens
3213 1563 3337 1632 est
3392 1580 3572 1632 con·

2028 1677 2165 1748 tra
2187 1673 2777 1765 experentiam,
2805 1694 2992 1745 nam
3012 1674 3373 1765 quaedam
3412 1695 3572 1747 mo-

2029 1794 2328 1873 ventur
2367 1790 2923 1875 circulariter,
2981 1790 3341 1882 quaedam
3394 1812 3574 1863 sur·-

2031 1926 2209 1977 sum
2234 1910 2313 1979 et
2339 1907 2702 1998 quaedam
2729 1906 3136 1978 deorsum.
3166 1905 3575 1981 Probatur

2025 2023 2627 2115 consequentia,
2648 2024 3031 2116 quiacum
3056 2024 3413 2097 omnium
3437 2024 3577 2097 im·

2030 2139 3574 2232 pressionumignitarumeademsitna-

2029 2260 2244 2336 tura,
2288 2259 2369 2330 et
2405 2260 2704 2331 natura
2729 2256 2838 2330 sit
2887 2256 3376 2350 principium
3412 2277 3576 2328 mo-

2030 2376 2188 2452 tus,
2242 2376 2726 2463 sequeretur
2768 2374 2973 2465 quod
3007 2373 3367 2445 omnium
3430 2373 3575 2445 im-

2032 2486 2545 2579 pressionum
2589 2494 2814 2571 ‘esset
2849 2487 3051 2561 idem
3097 2493 3392 2563 motus.

2120 2607 2396 2687 Sexto
2435 2604 2624 2696 quia
2676 2605 2814 2678 illa
2858 2627 3031 2698 quae
3091 2610 3279 2680 sunt
3324 2626 3372 2677 a
3415 2625 3574 2678 ma-
3643 2595 3892 2680 ⁸⁶·‘“‘”‚¹·

2032 2720 2265 2794 teriis
2297 2721 2669 2802 diversis,
2722 2727 2803 2796 et
2837 2722 2936 2794 ab
2983 2722 3411 2813 agentibus
3469 2721 3576 2794 di-

2027 2838 2293 2911 versis
2336 2838 2770 2910 secundum
2814 2839 3163 2931 speciem
3196 2838 3579 2912 differunt

2032 2955 2449 3048 specifice;
2497 2955 2631 3027 sed
2675 2956 3259 3049 impressiones
3295 2956 3575 3046 ignitae

2032 3072 2754 3165 sunthujusmodh
2796 3073 3077 3165 igitur,
3113 3078 3267 3147 etc.
3307 3072 3579 3165 Major

2032 3195 2282 3285 patet,
2329 3211 2517 3263 nam
2561 3193 2737 3260 idem
2766 3196 3163 3282 inquantum
3201 3193 3380 3262 idem
3405 3215 3575 3261 sem-

2024 3333 2150 3398 per
2170 3323 2403 3378 natum
2431 3322 2522 3377 esc
2559 3313 2785 3396 [acere
2824 3312 3025 3392 idem,
3077 3315 3158 3384 et
3208 3331 3353 3403 per
3391 3331 3573 3383 con-

2031 3444 2377 3517 sequens
2434 3425 2846 3498 diversum
2918 3447 3241 3518 semper
3290 3432 3571 3502 natum

2030 3547 2156 3614 est
2187 3541 2461 3615 facere
2509 3541 2945 3614 diversum.
3013 3542 3411 3616 Similiter
3446 3534 3616 3639 pa?

2031 3661 2149 3732 tet
2194 3658 2463 3751 maj0r
2501 3678 2650 3750 per
2683 3661 3430 3733 commentatorem
3461 3664 3569 3733 12.

2028 3777 2463 3863 Metaphysic.
2521 3772 2652 3845 ubi
2702 3774 2879 3848 vult
2931 3774 3136 3866 quod
3198 3775 3267 3847 si
3324 3795 3574 3867 agens

2029 3889 2280 3964 fuerit
2316 3909 2586 3971 unum,
2623 3893 2703 3963 et
2746 3889 3097 3963 materia
3140 3911 3322 3972 una,
3370 3893 3576 3984 quod

2032 4006 2337 4079 sactum
2396 4009 2522 4079 est
2577 4005 2742 4080 erit
2813 4026 3111 4088 unum;
3184 4007 3439 4098 igitur
3506 4009 3575 4081 si

2029 4143 2280 4214 agens
2300 4121 2563 4204 ‚fuerit
2603 4123 3039 4206 diversum,
3094 4129 3175 4198 et
3225 4125 3576 4199 materia

2027 4240 2375 4321 diversa,
2435 4238 2769 4314 effectus
2841 4244 2966 4314 est
3024 4239 3420 4313 diversus.
3476 4245 3575 4316 Et

2031 4357 2301 4429 minor
2333 4360 2582 4450 patet,
2629 4378 2816 4429 nam
2869 4357 3163 4450 aliquae
3227 4358 3573 4433 istarum

2028 4473 2662 4567 impressionum
2713 4479 2978 4548 sunta
3040 4474 3335 4566 frigido
3397 4497 3577 4569 pro-

2029 4593 2403 4686 pellente,
2448 4598 2530 4667 et
2559 4593 2849 4684 aliquae
2883 4614 2931 4665 a
2972 4594 3232 4667 calido
3277 4595 3580 4671 inflam-

2029 4715 2325 4783 mante.
2403 4709 2802 4782 Similiter
2878 4711 3169 4802 aliquae
3260 4712 3463 4785 fiunt
3535 4734 3583 4784 a

2028 4826 2380 4912 materia
2403 4845 2721 4917 grossa,
2759 4832 2840 4901 et
2875 4833 3298 4910 unctuosa,
3335 4833 3415 4902 et
3440 4829 3582 4902 ali-

2026 4964 2201 5036 quae
2241 4944 2445 5019 fiunt
2476 4963 2523 5014 a
2563 4944 2910 5018 materia
2940 4945 3205 5028 debili,
3267 4950 3347 5020 et
3406 4947 3582 5020 sub-

2025 5060 2176 5135 tili.

2116 5177 2594 5270 Oppositum
2628 5179 3013 5270 arguitur
3064 5202 3206 5273 per
3265 5181 3578 5257 Aristo·
3636 5248 3677 5296 Ο
3727 5181 3847 5300 ²353

2028 5297 2271 5374 ‚telem
2318 5295 2399 5366 in
2442 5295 2599 5370 isto
2636 5295 2927 5388 primo,
2969 5297 3100 5370 ubi
3146 5299 3323 5372 vult
3368 5299 3575 5391 quod
3674 5262 3776 5312 ⁹²³⁰
3852 5286 3866 5300 ’

2028 5415 2302 5487 omnia
2348 5413 2507 5486 ista
2568 5413 2772 5485 idem
2827 5420 3037 5496 sunt,
3101 5421 3182 5489 et
3232 5421 3575 5509 propter

2023 5531 2387 5603 eamdem
2409 5549 2742 5602 causam
2772 5531 2998 5612 fiunt,
3038 5533 3170 5604 sed
3192 5533 3574 5608 differunt

2028 5667 2172 5740 per
2206 5645 2469 5736 magis
2502 5649 2583 5719 et
2619 5645 2909 5717 minus.
