4252 6393
141 4143 204 4195 Η.

1654 440 1935 518 QUAEST
1946 442 2025 506 10
2072 443 2181 504 XX

353 625 666 698 semper
697 604 804 678 sit
835 625 1019 678 cum
1053 607 1304 687 motu,
1331 605 1652 678 videtur
1684 607 1889 698 quod

352 723 555 796 sicut
594 726 675 796 et
718 728 988 796 motus
1043 723 1660 816 multiplicetur.

438 841 618 913 Ideo
689 844 815 913 est
869 840 1322 913 communis
1386 841 1658 933 opinio
1716 841 1888 934 phi-

352 954 979 1048 losophantium,
1052 957 1552 1040 Aristotelis,
1615 963 1695 1032 et
1764 960 1888 1032 sui

350 1073 1072 1157 CommentatoriS,
1163 1078 1244 1147 et
1340 1076 1889 1150 communiter

350 1191 731 1272 omnium,
779 1192 985 1283 quod
1066 1197 1386 1284 tempus
1445 1198 1570 1266 est
1640 1213 1886 1265 unum

346 1328 682 1379 numero
764 1308 1159 1391 omnium,
1250 1331 1425 1401 quae
1516 1315 1887 1401 tempore

347 1429 926 1498 mensurantur
977 1452 990 1493 ε
1040 1429 1119 1497 et
1164 1426 1348 1517 quia
1401 1429 1722 1518 tempus
1764 1429 1888 1496 est

345 1541 743 1621 accidens,
815 1539 1183 1612 accidens
1253 1545 1523 1615 autem
1594 1542 1885 1616 saltem

300 1736 311 1750 ‚
348 1677 489 1749 per·
526 1658 919 1738 accidens,
968 1661 1054 1730 ut
1097 1679 1345 1751 supra
1375 1666 1395 1684 ¹
1426 1660 1611 1741 dixi,
1652 1660 1885 1732 habet

255 1797 266 1810 ·
346 1774 741 1846 unitatem
784 1795 831 1846 a
874 1773 1260 1865 subjecto

433 1890 681 1971 Item,
760 1889 1056 1971 dicunt,
1150 1890 1357 1981 quod
1434 1891 1886 1984 subjectum

343 2008 740 2101 temporis
775 2011 897 2081 est
934 2013 1203 2081 motus
1250 2008 1492 2101 primi
1533 2009 1881 2090 mobilis,

340 2124 512 2197 sive
560 2126 917 2218 primum
971 2125 1263 2197 mobile
1307 2126 1704 2201 mediante
1738 2150 1884 2201 suo

340 2247 564 2315 motu
636 2268 652 2312 :
717 2243 919 2314 unde
977 2243 1249 2317 dicunt
1309 2244 1513 2335 quod
1561 2248 1882 2339 tempus

335 2358 581 2432 aliter
648 2367 1185 2452 comparatur
1252 2362 1345 2433 ad
1409 2362 1651 2435 istum
1722 2386 1885 2438 mo-

337 2482 532 2558 tum,
592 2476 839 2550 aliter
888 2482 1161 2551 autem
1203 2479 1297 2549 ad
1340 2478 1548 2551 alios
1585 2487 1878 2554 motus.

336 2593 442 2663 Asl
516 2594 829 2664 motum
900 2598 1173 2665 autem
1244 2594 1489 2686 primi
1559 2598 1881 2671 mobilis

335 2713 890 2801 comparatur,
930 2729 1087 2780 non
1124 2712 1389 2782 solum
1433 2717 1520 2785 ut
1571 2734 1881 2786 mensu-

337 2845 428 2897 ra
451 2827 548 2899 ad
584 2831 1171 2909 mensuratum,
1212 2829 1880 2920 quemadmodum

337 2945 605 3016 solum
641 2950 1180 3038 comparatur
1211 2947 1305 3018 ad
1330 2946 1534 3018 alios
1571 2954 1867 3031 motuS,

336 3064 466 3134 sed
501 3062 753 3136 etiam
788 3067 874 3135 ut
908 3062 1276 3136 accidens
1310 3064 1404 3135 ad
1440 3086 1670 3135 suum
1707 3068 1879 3137 sub-

325 3178 661 3282 jectum,
709 3179 914 3270 quod
984 3178 1317 3271 ponitur
1359 3179 1439 3252 in
1481 3181 1655 3273 ejus
1696 3182 1879 3254 defi-

330 3297 642 3371 nitione
682 3316 865 3369 cum
899 3296 1200 3371 dicitur
1243 3325 1255 3366 ε
1313 3301 1587 3387 Tempus
1628 3315 1719 3368 est
1758 3325 1878 3368 nu—

327 3435 549 3482 merns
605 3427 838 3495 τηοιιιε,
893 3415 1252 3481 secundnm
1291 3419 1503 3502 prin-5,
1560 3431 1617 3482 ec
1668 3431 1922 3504 postea,

328 3533 493 3610 rins,
571 3533 842 3602 motus
911 3529 1124 3601 enim
1191 3529 1324 3600 ille
1387 3531 1882 3623 intelligitur

323 3646 414 3716 de
461 3650 687 3721 motu
756 3645 999 3738 primi
1052 3646 1373 3718 mobilis
1428 3675 1440 3716 :
1510 3651 1879 3739 quamvis

333 3764 551 3836 enim
591 3769 907 3855 tempus
943 3772 1360 3839 mensuret
1398 3788 1672 3838 omnes
1719 3790 1881 3839 mo·

328 3885 488 3961 tus,
526 3879 680 3952 hoc
721 3900 883 3952 non
918 3879 1113 3952 facit
1152 3885 1413 3973 primo
1458 3887 1537 3955 et
1580 3903 1725 3974 per
1767 3907 1876 3968 se,

329 3997 463 4068 sed
510 4016 659 4088 per
700 4000 1013 4069 motum
1060 3998 1301 4089 primi
1349 3998 1696 4071 mobilis.

416 4111 648 4184 Hanc
724 4117 996 4185 autem
1048 4113 1540 4204 positionem
1629 4114 1882 4205 aliqui

326 4227 747 4301 declarant
802 4228 968 4300 sic:
1020 4229 1221 4301 Illud
1273 4235 1619 4304 vocatur
1664 4252 1882 4302 men-

328 4363 529 4415 sura
571 4343 947 4436 alicujus,
989 4364 1133 4436 per
1166 4345 1373 4435 quod
1416 4345 1689 4416 anima
1750 4366 1881 4436 po-

326 4460 489 4529 test
524 4458 973 4531 certificari
1030 4461 1120 4531 dc
1164 4460 1621 4550 quantitate
1683 4461 1883 4532 altc-

328 4553 519 4646 rius⁸
578 4575 753 4647 rei:
828 4576 1027 4647 unde
1113 4595 1452 4647 cannam
1495 4597 1882 4648 vocamus

328 4691 1090 4781 pannimensuram,
1122 4694 1311 4784 quia
1343 4693 1614 4764 anima.
1648 4694 1881 4767 certi-

323 4810 628 4883 ficatur
667 4810 759 4882 de
819 4809 1276 4900 quantitate
1332 4810 1597 4901 panni,
1670 4831 1880 4880 com-

328 4927 694 5019 parando
749 4927 1012 5018 ipsum
1083 4925 1177 4996 ad
1212 4946 1581 5007 cannam,
1638 4926 1882 4999 certi-

326 5044 522 5115 tudo
574 5048 844 5116 autem
880 5041 1231 5118 habetur
1261 5043 1351 5112 ‹le
1390 5063 1475 5113 re
1521 5063 1662 5134 per
1695 5062 1881 5113 can-

323 5180 544 5232 nam.
583 5159 827 5232 Ratio
862 5177 1061 5247 ergo
1109 5178 1510 5230 mensurae
1564 5178 1882 5249 respec-

323 5279 412 5346 tu
480 5273 934 5345 mensurati
988 5273 1389 5364 importat
1447 5272 1879 5344 causalita-

322 5394 522 5464 tem.
569 5393 831 5464 Causa
898 5393 1172 5462 autem
1243 5388 1701 5480 simplicior
1757 5392 1882 5462 est

323 5511 695 5590 causatO,
779 5509 967 5600 quia
1045 5508 1411 5580 videmus
1482 5507 1688 5599 quod
1758 5527 1875 5588 ea,

324 5641 512 5714 quae
552 5622 946 5696 uniuntur
1017 5620 1097 5693 in
1165 5641 1435 5702 causa,
1493 5620 1879 5713 multipli-

3446 454 3565 517 659

2000 610 2296 681 cantur
2384 607 2462 679 in
2546 611 2906 683 causatis
2970 639 2984 682 :
3058 630 3258 704 ergo
3332 617 3547 690 ratio

2002 745 2404 795 mensurae
2476 731 2848 818 respectu
2903 732 3357 805 mensurati
3407 734 3550 806 im·

2001 844 2280 931 portat
2393 842 2792 935 majorem
2907 846 3545 939 simplicitatem.

2000 956 2515 1032 Difformitas
2574 966 2844 1034 autem
2917 971 3317 1056 repugnat
3359 966 3552 1040 sim-

2001 1074 2378 1166 plicitati,
2465 1076 2991 1152 uniformitas
3033 1101 3229 1153 vero
3273 1103 3551 1155 conso-

1999 1196 2139 1265 nat
2172 1213 2354 1265 cum
2389 1194 2919 1286 simplicitate
2957 1220 2971 1263 :
3007 1203 3087 1270 et
3119 1197 3293 1270 ideo
3333 1200 3549 1273 ratio

2001 1329 2402 1381 mensurae
2445 1311 2847 1403 importat
2896 1314 3551 1389 uniformitatem

2000 1431 2378 1516 respectu
2423 1430 2901 1512 mensurati,
2952 1451 3127 1522 quae
3185 1437 3310 1505 est
3381 1454 3549 1505 ma-

1998 1540 2216 1613 xime
2273 1542 2351 1613 in
2415 1550 2638 1616 motu
2711 1546 2954 1638 primi
3003 1548 3324 1620 mobilis
3390 1570 3549 1621 res-

2001 1663 2238 1750 pectu
2276 1661 2635 1732 omnium
2684 1668 3077 1737 motuum.

2096 1778 2322 1857 Item,
2397 1797 2578 1848 cum
2631 1798 2789 1849 una
2849 1798 3231 1852 mensura.
3287 1784 3548 1874 possit

1999 1892 2440 1964 certificari
2483 1894 2756 1966 anima
2796 1896 2886 1967 de
2922 1896 3286 1988 pluribus
3330 1919 3548 1971 men-

2001 2008 2244 2089 suriS,
2317 2008 2527 2082 sicut
2598 2030 2743 2102 per
2819 2033 3061 2085 unam
3122 2014 3398 2087 ulnam
3457 2016 3548 2086 (le

2000 2124 2459 2214 quantitate
2534 2127 2980 2199 multorum
3052 2149 3544 2222 pannorum,

2000 2244 2328 2331 oportet
2372 2242 2574 2332 quod
2612 2242 2788 2335 ipsa
2823 2265 3204 2317 mensura
3241 2267 3548 2338 respec-

1999 2360 2084 2427 tu
2122 2360 2574 2431 mensurati
2609 2359 2901 2434 habeat
2936 2362 3341 2436 rationem
3375 2365 3549 2437 uni-

1994 2474 2509 2548 versalioriS.

2088 2593 2318 2673 Item,
2359 2613 2503 2684 per
2537 2614 3005 2667 mensuram
3039 2598 3547 2671 certificatur

1996 2706 2271 2778 anima
2350 2709 2441 2779 de
2522 2717 3041 2794 mensurato;
3121 2714 3189 2785 id
3271 2718 3543 2788 autem

1997 2844 2153 2914 quo
2212 2825 2486 2896 anima
2551 2828 3065 2903 certificatur
3124 2831 3215 2901 (lc
3240 2831 3540 2923 aliquo,

1994 2938 2223 3011 debet
2268 2940 2416 3012 sibi
2451 2962 2629 3013 essc
2690 2944 3022 3026 certius,
3059 2947 3260 3017 unde
3305 2967 3546 3039 opor-

1994 3056 2112 3127 tet
2155 3057 2358 3146 quod
2394 3078 2776 3128 mensura
2822 3065 3194 3151 respectu
3235 3083 3546 3133 mensu-

1996 3171 2160 3243 rati
2195 3171 2484 3244 habeat
2533 3174 2938 3247 rationem
2982 3177 3394 3260 certioris,
3465 3181 3543 3251 et

1994 3289 2736 3377 cognoscibilioris

2103 3405 2231 3477 Sic
2333 3405 2590 3495 igitur
2677 3429 3061 3480 mensura
3167 3415 3540 3503 respectu

1996 3523 2450 3595 mensurati
2520 3522 2757 3596 habet
2803 3525 3206 3597 rationem
3266 3547 3545 3600 causa-

1996 3638 2281 3719 litatis,
2360 3640 2700 3730 majoris
2738 3641 3320 3734 simplicitatis,
3390 3667 3549 3718 ma-

1986 3755 2204 3846 joris
2229 3756 2846 3839 uniformitatis,
2875 3761 3216 3851 majoris
3242 3763 3555 3834 univer-

1997 3873 2380 3954 salitatis,
2419 3878 2496 3945 et
2581 3875 2923 3966 majoris
2984 3879 3548 3968 cognoscibili-

1997 3990 2440 4063 tatis.Culn
2476 4011 2675 4081 ergo
2713 3996 3033 4085 tempus
3071 3995 3542 4087 imponatur

1996 4106 2089 4176 ad
2134 4106 2752 4196 significandum
2796 4130 3090 4181 nomen
3139 4130 3543 4187 mensurae

1999 4228 2372 4315 respectu
2453 4228 2847 4308 motuum,
2909 4232 3229 4319 tempus
3275 4234 3545 4302 autem

1994 4358 2154 4408 non
2209 4339 2314 4412 sit
2347 4339 2584 4420 aliud,
2629 4361 2867 4431 quam
2902 4342 3335 4414 continuus
3383 4364 3547 4416 mo-

1996 4459 2151 4534 tus,
2178 4457 2402 4547 patet
2427 4457 2632 4547 quod
2658 4456 2800 4528 illa
2826 4457 3002 4528 sola
3034 4456 3542 4533 continuatio

3690 3450 3768 3500 ¹2.

3647 4386 3758 4461 Mol
3768 4401 3828 4436 us

3569 4465 3739 4513 pram:
3782 4464 3890 4498 mo-

3602 4512 3725 4562 belis
3751 4520 3828 4560 est

1996 4574 2264 4643 motus
2326 4570 2563 4644 habet
2635 4573 3047 4644 rationem
3111 4575 3535 4668 temporiS,
3593 4581 3867 4636 eam-affe

3600 4651 3860 4685 ”len-§lira

1998 4706 2171 4776 qum
2215 4691 2585 4778 respectu
2629 4688 2985 4758 aliorum
3013 4691 3538 4763 motuumlia·
3603 4699 3843 4748 aum-nm

1995 4801 2124 4874 bet
2164 4803 2568 4875 rationem
2628 4804 3169 4887 causalita.tiS‚
3240 4807 3544 4900 simpli-

1995 4918 2298 4999 citatis,
2329 4919 2950 5006 uniformitatiS,
2979 4921 3549 4998 universalita-

1997 5036 2128 5116 tis,
2153 5040 2233 5108 et
2258 5036 2643 5109 certioris
2677 5037 3436 5126 cognoscibilitatis,
3467 5048 3548 5115 et

1997 5150 2166 5222 haec
2199 5156 2323 5224 est
2357 5152 2580 5223 solus
2616 5155 2886 5223 motus
2922 5153 3165 5245 primi
3194 5156 3542 5239 mobilis,

1998 5268 2385 5339 ille'cnim
2426 5273 2694 5341 motus
2729 5268 3002 5360 aliquo
3039 5272 3271 5342 modo
3308 5274 3545 5348 habet

2000 5385 2405 5459 rationem
2437 5403 2702 5456 causae
2746 5390 3120 5476 respectu
3190 5387 3544 5462 aliorum

1997 5506 2391 5580 motuum,
2449 5500 2738 5573 saltem
2809 5504 3182 5593 respectu
3243 5505 3545 5579 altera-

1994 5617 2243 5691 tionis
2287 5617 2366 5689 in
2411 5620 2632 5689 motu
2670 5616 3224 5708 generationis
3256 5626 3335 5695 et
3368 5645 3544 5700 cor-

3603 4770 3747 4812 mom
3756 4775 3861 4810 mn.
