4252 6393
161 3136 287 3248 ³3³3}-
312 3120 509 3191 totel
526 3119 593 3190 is
645 3120 669 3144 *

161 3262 245 3312 .3i
309 3248 686 3327 teti-ayone,
756 3253 816 3308 et
875 3254 1292 3333 tetraqonum
1340 3251 1417 3316 in
1459 3263 1857 3339 penlaqorw,

1607 387 1966 464 QUAESTIO
2012 386 2089 449 xi

308 557 474 645 pler,
518 577 599 621 ac
639 577 912 643 corpore
954 575 1194 621 vacans
1256 555 1647 637 substantia,
1702 578 1842 622 cor-

309 694 651 761 poreo-rum
689 674 1029 739 oculorum
1066 694 1328 739 sensum
1379 688 1611 762 suapte
1641 689 1839 744 nalu-

312 812 377 856 ra
448 792 751 876 fuyiens,
802 792 1226 872 immortalis,
1282 795 1575 861 rationis
1631 806 1693 861 et
1737 798 1841 862 in-

311 907 690 992 telliyeneiae
734 908 1096 994 particeps,
1150 910 1390 996 βψω-(ι’
1428 932 1692 998 expers,
1737 935 1842 979 or·

307 1022 535 1105 ‚qanico
592 1042 868 1108 corpore
924 1015 1138 1103 utens,
1200 1024 1390 1111 eique
1445 1027 1678 1106 vitam,
1744 1029 1845 1093 in-

310 1151 721 1221 crementum,
764 1162 1027 1208 sensum
1085 1154 1145 1209 et
1180 1147 1511 1234 yiqnendi
1555 1152 1688 1217 vim
1721 1153 1849 1218 tri-

310 1257 521 1323 buens.
570 1257 774 1329 Ecce
808 1259 1014 1348 quod
1046 1259 1382 1352 loquens
1415 1265 1507 1336 de
1546 1268 1844 1352 anima,

311 1392 459 1444 non
512 1373 895 1448 attribuit
956 1377 1343 1468 praedicta
1411 1382 1702 1455 animae
1764 1389 1851 1460 ut

314 1487 704 1570 liumanae,
745 1494 830 1562 ut
876 1512 1021 1583 per
1059 1495 1415 1569 animam
1454 1497 1850 1592 intelliga-

316 1627 485 1678 mus
528 1608 1078 1699 compositum
1119 1633 1217 1683 ex
1270 1615 1639 1704 partibus
1692 1617 1851 1689 for-

316 1721 704 1804 malibus;
778 1724 941 1796 imo
995 1727 1132 1799 uni
1168 1729 1384 1820 parti
1428 1730 1852 1807 intellecti-

311 1858 421 1910 vae
502 1840 883 1916 attribuit
942 1843 1058 1916 uti
1122 1864 1456 1937 organo,
1522 1867 1854 1939 genera-

314 1975 417 2038 re,
455 1963 998 2047 augmentare
1030 1965 1110 2035 et
1137 1962 1465 2036 similia.

397 2074 573 2147 IIoe
674 2075 998 2151 videtur
1064 2080 1499 2171 Augustini
1578 2089 1693 2157 lib.
1773 2089 1856 2156 de

313 2193 575 2279 Spiritu
605 2207 666 2260 et
697 2198 965 2277 Anima,
1016 2219 1162 2286 cap.
1205 2201 1272 2269 8.
1307 2203 1683 2271 Humanum
1716 2203 1855 2293 (in-

314 2305 515 2395 quit)
567 2331 853 2398 namque
918 2336 1181 2403 corpus,
1245 2339 1362 2384 nec
1411 2321 1657 2400 vivere,
1739 2343 1860 2390 nec

312 2427 521 2505 nasci,
555 2429 705 2495 sine
743 2431 1071 2497 rationali
1108 2435 1341 2500 anima
1373 2447 1610 2521 potest.
1650 2438 1860 2510 Ecce

315 2540 522 2629 quod
554 2561 715 2614 non
755 2545 1136 2620 attribuit
1196 2549 1474 2622 vivere
1534 2553 1854 2639 animae,

314 2661 398 2731 ut
456 2664 587 2732 est
646 2663 1111 2755 composita
1150 2686 1248 2737 ex
1289 2667 1555 2741 tribus
1609 2673 1860 2761 parti·

312 2765 481 2848 bus,
538 2769 671 2839 sed
746 2769 1039 2844 animae
1101 2772 1498 2860 humanam
1563 2783 1651 2852 ut
1735 2788 1861 2859 est

315 2882 750 2956 rationalis
816 2888 898 2959 et
984 2887 1588 2965 intellectualis.
1671 2898 1860 2971 Haec

308 3004 588 3073 autem
621 3002 942 3076 videtur
998 3028 1175 3080 esse
1207 3013 1611 3085 sententia
1640 3016 1862 3088 Aris-

717 3126 985 3205 :Sicue,
1050 3124 1338 3218 inquit,
1384 3132 1723 3220 triqonum
1788 3137 1864 3203 in

305 3355 401 3420 sic
439 3358 890 3444 veqelativum
947 3362 1022 3427 in
1076 3365 1416 3444 sensitiva,
1482 3378 1544 3432 el
1597 3371 1864 3434 sensiti-

308 3493 463 3538 vam
495 3476 573 3540 in
608 3475 1038 3545 intellectiva.
1064 3480 1400 3550 Certum
1434 3485 1558 3555 est
1587 3486 1863 3555 autem

307 3590 519 3677 quod
631 3592 1157 3682 tetragonum
1257 3617 1419 3668 non
1501 3599 1866 3674 continet

306 3706 764 3796 trigonum,
825 3728 969 3782 nec
1006 3715 1580 3803 pentagonum,
1619 3720 1865 3788 tetra·

303 3838 645 3908 gonum,
738 3826 970 3914 quasi
1050 3826 1211 3900 sint
1297 3828 1469 3899 duae
1549 3829 1861 3916 formae,

302 3957 561 4011 unum
631 3942 1185 4033 tetragonum,
1266 3946 1392 4017 vel
1480 3952 1866 4040 pentago-

302 4074 499 4126 num
608 4057 1147 4149 integrantes.
1250 4064 1332 4136 Si
1421 4064 1634 4136 enim
1726 4087 1868 4158 per

301 4172 561 4244 aliam
633 4173 989 4248 formam
1049 4183 1257 4252 esset
1312 4183 1862 4271 tetragonum,

301 4292 378 4360 et
486 4312 643 4383 per
730 4291 979 4365 aliam
1074 4300 1650 4387 pentagonum,
1746 4319 1866 4369 su-

309 4408 726 4496 perfluum
833 4415 1049 4484 esset
1118 4416 1669 4504 tetragonum,
1734 4415 1869 4506 qui

305 4519 383 4592 in
432 4527 910 4615 pentagono
956 4527 1457 4609 continetur;
1506 4548 1706 4619 ergo
1760 4530 1870 4601 vi-

303 4636 557 4711 detur
604 4639 811 4730 quod
856 4641 970 4714 ita
1005 4642 1229 4715 sitin
1269 4642 1545 4715 anima
1597 4644 1871 4716 huma-

302 4774 436 4838 na,
494 4762 587 4831 et
656 4778 819 4829 non
850 4763 975 4832 est
1007 4780 1151 4852 per
1182 4760 1428 4833 aliam
1491 4760 1869 4844 formam,

303 4871 482 4946 sive
553 4877 881 4967 partem
965 4875 1400 4948 formalem
1488 4879 1876 4968 vegetati-

302 5010 433 5072 va,
515 4991 920 5064 sensitiva
991 4997 1071 5066 et
1126 4992 1678 5076 intellectiva,
1744 4994 1877 5065 sed

304 5108 836 5182 intellectiva
901 5108 1168 5183 virtus
1229 5112 1591 5186 continet
1649 5132 1877 5203 vege·

307 5227 685 5300 tativum
726 5231 808 5300 et
851 5226 1361 5301 sensitivum.

392 5344 801 5417 Videmus
850 5344 1099 5417 etiam
1158 5343 1364 5418 hanc
1432 5348 1878 5420 auctorita-

307 5460 481 5534 tem
533 5462 627 5534 in
696 5460 1015 5534 ratione
1065 5460 1437 5533 fundari:
1502 5462 1881 5552 generale

307 5580 540 5652 enim
588 5577 1094 5670 principium
1151 5581 1299 5660 est,
1375 5579 1580 5670 quod
1622 5577 1691 5651 si
1742 5578 1881 5651 ali-

475 5714 766 5770 'rom-IV.

3405 380 3525 446 465

1964 550 2148 642 quid
2227 553 2495 641 potest
2562 568 2786 640 aeque
2856 549 3053 619 bene
3111 546 3290 618 fieri
3361 565 3506 638 per

1965 666 2381 761 pauciora,
2456 666 2665 739 sicut
2730 686 2874 758 per
2950 664 3211 756 plura,
3283 662 3508 734 nullo

1965 786 2198 857 modo
2244 783 2435 857 talis
2507 782 2941 876 pluralitas
2999 781 3227 854 debet
3285 781 3502 873 poni.

1966 902 2318 991 Propter
2359 899 2563 991 quod
2593 898 2893 971 dicitur
2923 900 2987 969 1.
3033 899 3308 984 physic.
3347 910 3508 965 teme.

1963 1041 2196 1085 comm.
2243 1019 2354 1088 41.
2402 1016 2606 1107 quod
2667 1013 2956 1087 melius
3025 1016 3150 1087 est
3211 1032 3512 1106 ponere

1964 1134 2195 1207 finita
2258 1131 2659 1225 principia
2718 1151 2960 1223 quam
3032 1130 3386 1211 infinita,
3432 1134 3513 1202 et

1971 1250 2084 1323 ita
2114 1250 2311 1322 bene
2380 1249 2807 1322 salvantur
2841 1247 3138 1330 omnia,
3215 1266 3510 1339 ponen-

1966 1367 2062 1439 do
2112 1364 2367 1447 finita,
2450 1364 2662 1438 sieut
2733 1361 3097 1454 ponendo
3167 1361 3506 1434 infinita.

1971 1482 2054 1554 Si
2115 1482 2373 1574 igitur
2431 1480 2705 1553 anima
2771 1478 3127 1551 humana
3211 1477 3511 1568 absque

1969 1598 2566 1691 compositione
2654 1595 3131 1688 multiplicis
3247 1593 3511 1688 partis

1971 1717 2351 1789 formalis
2461 1735 2606 1808 per
2703 1714 2962 1786 solam
3076 1712 3512 1786 intellecti-

1970 1862 2156 1914 vam
2233 1841 2588 1913 formam
2660 1843 2928 1933 potest
2987 1839 3258 1912 facere
3300 1838 3515 1929 quid-

1974 1959 2159 2052 quid
2266 1962 2534 2050 potest
2637 1977 2822 2030 euin
2933 1955 3075 2029 illa
3204 1955 3518 2048 triplici

1973 2074 2505 2155 formalitate‚
2552 2074 2773 2146 nullo
2846 2075 3077 2146 modo
3136 2074 3363 2147 debet
3405 2078 3518 2148 ta-

1973 2193 2075 2264 lis
2141 2191 2443 2284 triplex
2483 2190 2948 2264 formalitas
2994 2191 3076 2263 in
3142 2212 3236 2265 ea
3298 2189 3515 2284 poni.

1976 2311 2199 2394 Quod
2231 2315 2502 2386 autem
2535 2308 2687 2384 hoc
2721 2310 3006 2404 possit,
3045 2314 3314 2403 potest
3346 2331 3523 2383 sua-

1976 2428 2173 2501 deri.
2226 2428 2607 2500 Videmus
2678 2427 2919 2510 enim,
3004 2427 3211 2519 quod
3277 2447 3523 2519 agere

1979 2545 2352 2637 sequitur
2432 2548 2772 2637 gradum
2858 2544 3368 2620 actualitatis
3444 2550 3525 2619 et

1979 2662 2541 2736 formalitatis
2621 2666 2710 2736 In
2779 2663 3206 2754 agentibus
3250 2666 3523 2737 autem

1979 2781 2335 2872 ejusdem
2408 2782 2758 2870 generis,
2839 2802 3188 2874 quorum
3279 2802 3525 2854 unum

1980 2897 2501 2972 substantiali
2632 2898 2953 2970 ordine
3063 2897 3533 2971 continetur

1982 3015 2129 3086 sub
2161 3014 2348 3096 alio,
2388 3015 2594 3106 quod
2673 3019 2944 3108 potest
2993 3013 3359 3096 inferius,
3396 3034 3528 3107 po·

1983 3134 2144 3205 test
2205 3131 2608 3224 superius,
2682 3153 2842 3206 non
2924 3152 3066 3226 per
3124 3131 3524 3225 duplicem

1980 3246 2602 3329 formalitatem,
2652 3248 2784 3319 sed
2847 3268 2992 3340 per
3042 3247 3521 3339 simplicem,

1985 3386 2159 3458 quae
2245 3368 2369 3437 est
2463 3363 2866 3456 superius.
2958 3365 3527 3456 Quodcumque

1984 3482 2200 3554 enim
2247 3483 2516 3573 potest
2567 3481 2919 3553 calidum
2980 3481 3059 3554 in
3114 3480 3380 3574 primo
3449 3485 3530 3555 et

1987 3598 2333 3670 secundo
2380 3597 2661 3687 gradu,
2703 3599 2968 3689 potest
3003 3597 3081 3668 in
3124 3596 3399 3678 tertio,
3449 3597 3529 3669 in

1987 3734 2145 3804 quo
2184 3712 2635 3785 causalitas
2677 3716 2803 3785 est
2856 3712 3119 3803 magis
3156 3713 3524 3804 simplex.

1987 3831 2154 3901 Nec
2197 3829 2560 3902 continet
2595 3827 2935 3919 gradum
2983 3828 3527 3910 causalitatis,

1998 3946 2433 4018 secundum
2531 3945 2737 4037 quod
2831 3945 3268 4019 constituit
3375 3945 3532 4038 pri-

1991 4083 2211 4134 mum
2305 4063 2430 4135 vel
2519 4063 2987 4145 secundum,
3087 4063 3220 4135 sed
3298 4063 3533 4135 modo

1989 4177 2273 4252 altiori
2312 4183 2393 4252 et
2431 4178 2930 4271 perfectiori.
2987 4178 3211 4252 Sicut
3262 4183 3536 4272 autem

1990 4295 2153 4366 dixi
2237 4300 2608 4387 respectu
2691 4300 2922 4369 actus
3018 4295 3369 4377 secundi,
3418 4295 3533 4368 sic

1992 4408 2169 4481 dico
2207 4413 2582 4501 respectu
2647 4413 2878 4482 actus
2932 4409 3178 4501 primi
3221 4438 3236 4481 ε
3272 4429 3537 4501 quem-

1993 4546 2337 4616 cumque
2370 4525 2583 4597 enim
2631 4530 2903 4598 actum
2972 4526 3107 4597 dat
3146 4526 3540 4606 materiae,

1992 4643 2118 4715 vel
2188 4644 2676 4735 composito,
2735 4642 3083 4715 calidum
3142 4643 3220 4714 in
3276 4644 3544 4735 primo

1994 4765 2075 4834 et
2108 4758 2453 4831 secundo
2489 4759 2769 4849 gradu,
2835 4763 3102 4851 potest
3169 4759 3363 4831 dare
3415 4780 3549 4832 ca—

1998 4876 2245 4948 lidum
2306 4876 2387 4946 in
2467 4875 2717 4948 tertio
2799 4877 3049 4965 gradu
3110 4880 3190 4949 et
3252 4876 3557 4969 perfee-

1998 4992 2192 5065 tius.
2241 4995 2441 5065 Cum
2499 4991 2755 5080 igitur
2805 4991 2910 5064 sit
2967 4991 3250 5063 vivum
3321 4992 3560 5083 quod·

1998 5108 2180 5180 dam
2251 5128 2529 5199 genus,
2605 5108 2809 5198 quod
2877 5108 3305 5200 triplicem
3382 5126 3568 5213 gra·

1995 5232 2182 5303 dum
2269 5225 2658 5305 eontinet,
2751 5224 3062 5298 scilicet
3149 5230 3565 5316 vegetati.

1998 5365 2215 5423 vum,
2255 5339 2734 5413 sensitivum
2795 5344 2875 5413 et
2928 5339 3514 5416 intellectivum
3547 5396 3563 5422 ,

2002 5479 2322 5533 ornnem
2392 5459 2664 5529 actum
2720 5455 3204 5529 sensitivum
3273 5464 3352 5532 et
3429 5482 3571 5532 ve-

2005 5577 2459 5672 getativum
2544 5577 2810 5665 potest
2851 5573 3043 5645 dare
3079 5574 3158 5646 in
3191 5574 3555 5651 intellec-

3353 5709 3418 5763 30
