4252 6393
1741 376 2100 452 QUAEsno
2157 379 2200 457 y
3497 379 3575 440 25

888 773 1311 830 ARTICULUS
1344 775 1430 831 111.

403 949 491 1014 De
529 971 729 1015 causa
788 951 1128 1035 efficiente
1158 953 1229 1019 in
1265 954 1675 1040 particulari
1703 957 1929 1023 varia-

834 1067 1041 1132 tioni-s·
1073 1070 1469 1155 opinionum

219 1273 260 1320 ⁵.
482 1258 593 1328 De
635 1258 887 1331 tertio
921 1259 1127 1341 dico,
1176 1263 1380 1353 quod
1432 1283 1702 1335 causae
1749 1284 1926 1357 par·

112 1338 377 1398 Compar·

129 1397 346 1445 uenam
405 1374 787 1448 ticulares
850 1383 1193 1470 possunt
1255 1381 1526 1454 reduci
1569 1382 1663 1454 ad
1703 1383 1924 1465 duas,

103 1467 374 1569 ffl'ff'
404 1511 740 1581 quarum
792 1515 952 1566 una
992 1502 1117 1570 est
1152 1497 1550 1590 paucitas,
1595 1501 1722 1571 vel
1764 1501 1930 1572 des-

109 1585 227 1631 Μ’·
400 1609 699 1682 tructio
769 1611 1214 1695 hominum,
1279 1615 1441 1687 alia
1511 1617 1931 1691 inclinatio

401 1726 786 1819 ipsorum.
850 1733 950 1803 Et
1013 1732 1200 1823 quia
1244 1734 1616 1825 paucitas
1677 1735 1929 1809 homi-

395 1862 579 1913 num
644 1848 917 1937 potest
984 1845 1166 1919 fieri
1224 1849 1572 1921 diversis
1639 1851 1923 1933 modis,

397 1959 562 2031 ideo
652 1962 990 2053 quilibet
1068 1964 1422 2039 istorum
1503 1967 1927 2038 modorum

393 2082 659 2169 potest
679 2078 838 2151 dici
862 2101 1110 2152 causa
1130 2081 1687 2174 particularis.
1705 2083 1928 2155 Unus

391 2198 511 2268 est
599 2196 883 2268 modus
954 2216 1103 2289 per
1198 2198 1777 2289 pestilentiam,
1849 2205 1930 2275 et

393 2312 1013 2398 mortalitatem,
1030 2314 1121 2386 de
1145 2336 1302 2407 quo
1325 2316 1632 2408 loquitu
1650 2339 1689 2390 r
1711 2318 1928 2391 Aris-

393 2430 688 2502 toteles
733 2431 812 2504 in
853 2431 1067 2505 libro
1112 2454 1260 2506 suo
1292 2435 1384 2505 de
1419 2435 1741 2517 Mundo,
1797 2436 1930 2507 ubi

388 2545 821 2639 dicitquod
864 2569 1008 2641 per
1058 2548 1520 2644 hujusmodi
1565 2552 1928 2626 mortali-

389 2668 600 2738 tates
643 2671 1152 2742 evacuantur
1185 2688 1460 2760 regna.
1492 2669 1725 2743 Alter
1768 2690 1928 2742 mo-

386 2784 530 2853 dus
572 2788 699 2858 est
751 2804 898 2877 per
935 2783 1328 2857 diluvium
1390 2786 1627 2876 igniS‚
1701 2790 1781 2859 et
1838 2786 1928 2858 de

385 2897 535 2971 hoc
578 2899 949 2991 loquitur
981 2901 1470 2975 Aristoteles
1533 2902 1610 2973 in
1650 2903 1927 2974 eodem

388 3015 626 3088 libro.
681 3016 1007 3092 Tertius
1056 3018 1337 3090 modus
1364 3023 1488 3091 est
1541 3039 1687 3111 per
1733 3019 1927 3091 dilu-

382 3133 607 3207 vium
642 3154 898 3226 aquae,
945 3138 1024 3208 et
1059 3133 1211 3208 hoc
1265 3137 1740 3229 quandoque
1783 3158 1930 3231 per

382 3251 782 3325 diluvium
895 3251 1387 3332 universale,
1491 3255 1926 3326 secundum

385 3371 597 3464 quod
655 3369 853 3442 dicit
895 3371 1198 3442 Seneca
1230 3374 1306 3438 in
1334 3383 1520 3440 sexto
1542 3374 1625 3439 de
1652 3385 1929 3442 natura-

385 3490 558 3557 libus
640 3489 1134 3577 quoescionibus.
1213 3489 1574 3569 Quartus
1646 3489 1928 3561 modus

384 3626 534 3698 per
604 3622 953 3695 guerras
1003 3606 1085 3676 et
1148 3603 1383 3687 bella,
1431 3624 1577 3697 per
1626 3605 1929 3678 deordi-

383 3721 768 3796 nationes
826 3719 1256 3794 civitatum
1296 3723 1379 3793 et
1422 3720 1924 3813 politiarum‚

384 3837 579 3930 quia
632 3842 827 3910 tunc
860 3835 1230 3908 homines
1266 3835 1533 3907 minus
1587 3843 1929 3928 possunt

382 3975 688 4027 vacare
720 3952 1031 4027 studiis.

474 4074 743 4145 Causa
777 4071 1124 4144 secunda
1164 4076 1289 4146 est
1333 4075 1675 4163 propter
1708 4070 1929 4143 incli-

383 4189 765 4261 nationes
799 4187 1245 4260 hominum.
1311 4189 1412 4260 Et
1466 4186 1615 4260 hoc
1660 4192 1930 4281 potest

384 4327 565 4378 esse
602 4305 730 4376 vel
761 4325 904 4398 per
948 4304 1522 4378 inclinationes
1559 4304 1930 4397 ipsorum

383 4424 476 4494 ad
502 4423 919 4504 desidiam,
974 4426 1055 4496 et
1095 4427 1287 4497 tunc
1317 4421 1739 4513 opiniones
1768 4443 1928 4494 mu-

382 4542 673 4613 tantur
716 4539 796 4611 in
866 4539 1447 4630 ignorantiam,
1500 4542 1628 4612 vel
1693 4559 1929 4632 prop-

381 4662 512 4730 ter
575 4655 1151 4730 inclinationes
1182 4654 1605 4729 hominum
1648 4657 1744 4728 ad
1792 4678 1927 4728 no-

378 4776 754 4855 vitatem,
829 4774 1043 4847 sicut
1129 4775 1602 4867 quandoque
1691 4773 1926 4847 Athe-

380 4890 708 4962 nienses
750 4889 847 4961 ad
880 4888 995 4961 nil
1037 4889 1251 4962 aliud
1294 4890 1720 4971 vacabant,
1759 4889 1925 4961 nisi

376 5007 471 5078 ad
510 5005 1033 5078 inveniendas
1063 5025 1321 5078 novas
1349 5006 1797 5099 opiniones.
1826 5011 1925 5080 Et

376 5122 936 5195 consimiliter
966 5121 1056 5193 de
1089 5123 1482 5212 Aug-licis.

446 5238 757 5318 Tertio,
796 5238 1219 5311 inclinatio
1241 5238 1380 5310 illa
1407 5241 1712 5332 poterit
1738 5262 1925 5333 pro·

376 5357 661 5429 venire
700 5375 802 5427 ex
874 5353 1509 5426 inhonoratione
1569 5355 1922 5429 Clerico-

381 5494 592 5555 rum,
632 5470 828 5564 quia
878 5474 1067 5544 tunc
1113 5471 1374 5561 magis
1432 5471 1834 5547 desistunt
1876 5493 1923 5546 a

380 5590 677 5672 studiO,
716 5587 907 5682 quia
955 5587 1428 5666 inhonorati
1475 5615 1487 5658 ε
1543 5594 1622 5662 et
1681 5610 1921 5692 quan-

2040 537 2298 628 doque
2331 558 2430 609 ex
2462 538 2715 610 nimia
2760 538 3296 631 occupatione
3329 536 3581 609 homi—

2041 674 2235 726 num
2263 653 2341 725 in
2365 654 2576 737 aliis„
2608 655 3313 747 sicutquandoque
3345 655 3580 729 multi

2043 775 2233 843 sunt
2277 770 2390 844 ita
2422 771 2663 844 dediti
2703 770 3092 865 practicis
3172 772 3378 865 quod
3420 793 3582 845 non

2044 892 2391 981 possunt
2425 888 2806 964 insistere
2857 891 2953 963 ad
3022 889 3581 982 inquirendam

2042 1004 2507 1078 veritatem.
2547 1008 2647 1080 Et
2679 1004 2832 1079 hoc
2864 1006 2957 1079 de
2988 1006 3265 1080 tertio.

2548 1336 2964 1394 ARTICULUS
2997 1337 3087 1392 lv,

2046 1516 2143 1580 De
2207 1538 2405 1581 cansa
2447 1517 2649 1600 finali
2687 1516 3089 1582 variationis
3162 1518 3577 1604 opinionum.

2133 1714 2247 1787 Dc
2273 1717 2567 1805 quarto
2608 1712 2812 1794 dico,
2856 1712 3062 1805 quod
3105 1711 3408 1804 triplex
3452 1733 3583 1805 po-
3757 1747 3808 1798 6,

2046 1833 2206 1905 test
2229 1850 2406 1904 esse
2447 1850 2696 1903 causa
2717 1828 3581 1923 hujusmodivariatio-

2042 1947 2169 2021 nis
2194 1948 2691 2041 opinionum.
2715 1950 2990 2021 Prima
3021 1951 3170 2030 est,
3207 1946 3301 2019 ad
3327 1948 3579 2040 repri-
3613 1922 3932 2044 ffliz‘i'ssnila‘

2046 2066 2414 2138 mendam
2458 2067 2860 2140 malitiam
2891 2066 3337 2140 hominum.
3368 2067 3576 2138 Nam
3602 2045 3930 2143 ‘iffliv‘z‘iz'fum'

2046 2182 2467 2257 multoties
2547 2204 2795 2256 error
2886 2185 2964 2256 in
3051 2182 3578 2275 speculativis

2046 2298 2396 2373 multum
2437 2298 2655 2373 valet
2698 2300 2792 2371 ad
2814 2300 3413 2393 reprimendam
3448 2300 3581 2374 ho-

2048 2415 2356 2487 minum
2407 2414 2837 2489 malitiam.
2864 2416 3110 2488 Verbi
3136 2417 3435 2507 gratia,
3458 2418 3583 2489 da-

2044 2534 2130 2605 to
2166 2534 2397 2625 quod,
2437 2554 2582 2626 per
2614 2533 3435 2626 impossibile‚nullus
3468 2556 3583 2606 es-

2046 2656 2170 2725 set
2216 2649 2605 2732 infernuS,
2657 2650 2786 2724 vel
2818 2652 3271 2744 paradisus
3331 2651 3584 2725 adhuc

2043 2768 2343 2840 bonum
2372 2774 2589 2843 esset
2613 2768 2921 2860 fingere
2949 2768 3353 2841 infernum
3378 2791 3580 2847 esse,

2046 2892 2134 2962 ut
2155 2892 2500 2981 propter
2526 2887 2910 2961 timorem
2935 2885 3307 2958 homines
3341 2888 3584 2960 desis-

2044 3010 2313 3081 terent
2334 3027 2381 3078 a
2405 3006 2668 3087 malis,
2689 3004 3081 3079 etbonum
3108 3009 3323 3078 esset
3345 3005 3583 3097 finge-

2047 3148 2135 3201 re
2176 3125 2644 3219 paradisum
2721 3145 2923 3208 esse,
2997 3129 3086 3200 ut
3139 3143 3282 3218 per
3359 3145 3583 3218 spem

2044 3245 2624 3320 continuarent
2661 3246 2738 3318 in
2782 3246 3040 3317 bonis.

2135 3363 2496 3436 Secunda
2529 3382 2777 3435 causa
2817 3362 3109 3445 finaliS,
3155 3367 3281 3437 est
3343 3382 3577 3455 prop·
3635 3379 3907 3432 secunda.

2045 3484 2175 3553 ter
2250 3479 2736 3552 exercitium
2814 3478 3147 3551 humani
3236 3479 3578 3570 ingenii,

2043 3616 2230 3668 nam
2295 3595 2482 3687 quia
2515 3595 2910 3677 homines,
2952 3599 3039 3669 ut
3083 3595 3162 3668 in
3189 3596 3581 3689 pluribus,

2043 3713 2559 3785 delectantur
2618 3713 2698 3785 in
2779 3712 3313 3795 novitatibuS‚
3409 3713 3584 3784 ideo

2042 3831 2343 3904 bonum
2403 3836 2529 3906 est
2590 3837 2678 3906 ut
2735 3832 3160 3925 opiniones
3219 3852 3583 3905 corrum-

2045 3953 2370 4042 pantur,
2398 3953 2478 4023 et
2518 3950 2699 4023 aliae
2749 3971 2893 4044 per
2923 3950 3409 4025 exercitium
3470 3971 3584 4023 re-

2044 4071 2477 4141 noventur.

2135 4184 2412 4257 Tertia
2473 4204 2723 4258 causa
2771 4191 2898 4261 est
2965 4191 3308 4281 propter
3359 4188 3583 4261 deco·
3672 4208 3870 4259 Tereia.

2048 4319 2218 4371 rem
2282 4301 2669 4375 universi.
2716 4305 2922 4376 Nam
2958 4305 3427 4397 quandoque
3487 4306 3586 4377 ab

2044 4415 2317 4507 aliquo
2361 4419 2585 4512 turpi
2630 4423 2806 4492 tota
2838 4424 3380 4512 congregatio
3416 4427 3581 4497 red-

2043 4536 2266 4607 ditur
2307 4536 2776 4627 pulchrior;
2834 4538 2949 4611 ita
2984 4540 3373 4615 similiter
3412 4543 3580 4614 uni-

2041 4672 2375 4725 versum
2406 4653 2769 4728 redditur
2813 4655 3262 4748 pulchriuS,
3297 4664 3378 4733 et
3423 4680 3582 4731 ma-

2042 4769 2168 4860 gis
2214 4770 2825 4853 ordinatum‚ex
2866 4773 3046 4858 hoc,
3084 4779 3290 4868 quod
3339 4798 3579 4870 quan-

2038 4886 2297 4977 doque
2342 4887 2952 4964 interseruntur
2993 4913 3353 4966 errores,

2133 5001 2455 5075 Perhoc
2489 5005 2582 5076 ad
2618 5005 3005 5081 rationes.
3050 5009 3166 5081 Ad
3198 5011 3575 5102 primam,
3609 5031 3696 5106 Aa
3725 5031 3923 5105 nau-9.

2036 5120 2336 5205 sequitur
2381 5121 2555 5208 quod
2591 5127 2943 5206 sentencia,
2990 5130 3143 5198 etc.
3209 5094 3923 5220 Negaturprmmpate.

2040 5236 2647 5326 consequentia,
2716 5239 2972 5330 igitur
3034 5244 3379 5318 scientia
3453 5251 3579 5321 est

2037 5355 2372 5432 aeterna,
2438 5356 2625 5443 quia
2681 5365 2869 5432 ante
2939 5361 3344 5453 quodlibet
3385 5367 3578 5436 tem-

2040 5494 2191 5567 pus
2259 5478 2440 5548 erat
2483 5475 2855 5560 scientia,
2902 5482 2984 5551 et
3026 5483 3211 5571 post
3280 5481 3580 5569 quodli-

2036 5591 2168 5672 bet
2235 5597 2591 5684 tempus;
2667 5595 3052 5687 possibile
3121 5600 3392 5677 tamen
3456 5604 3579 5676 est

3704 1845 3924 1909 Triplex
