4252 6393
513 5281 564 5331 5.

705 381 822 451 336
1866 378 1967 440 DE
2012 374 2284 441 RERUM
2328 371 2712 439 PRlNClPlO

704 547 968 619 dinem
1010 544 1441 618 effectuum
1483 546 1607 615 est
1670 541 1864 613 ordo
1915 540 1997 610 in
2063 558 2247 610 cau-

704 663 842 744 sis,
902 667 984 736 et
1033 684 1076 734 e
1135 659 1603 739 contrario;
1677 677 1876 746 ergo
1930 653 2246 748 primus

702 781 1065 859 effectuS,
1123 778 1416 870 quiest
1474 800 1631 856 esse,
1678 778 1803 847 est
1862 794 1907 844 a
1980 769 2247 863 prima

702 917 951 969 causa
996 895 1528 988 simpliciter;
1571 894 1702 964 sed
1735 891 1947 963 sicut
1997 907 2247 960 causa

702 1013 1050 1086 secunda
1110 1009 1671 1104 praesupponit
1704 1007 2082 1099 primam,
2133 1004 2246 1074 sic

698 1131 873 1223 ejus
939 1127 1336 1221 operatio,
1404 1127 1570 1198 sive
1639 1125 1976 1197 effectus
2049 1143 2246 1214 pree-

699 1246 1087 1339 supponit
1156 1246 1532 1317 effectum
1586 1242 1870 1335 primae
1917 1266 1930 1309 ε
1982 1239 2247 1311 omnis

697 1383 901 1453 ergo
975 1362 1351 1455 opera-tio
1415 1362 1820 1432 creaturae
1896 1377 2247 1449 prfrsup-

701 1480 953 1575 ponit,
998 1484 1079 1553 ct
1120 1478 1317 1551 facit
1377 1477 1565 1557 tale,
1610 1475 1737 1546 vel
1773 1474 1933 1547 tale.
1966 1494 2106 1544 ens
2168 1472 2247 1542 in

704 1597 995 1690 specie,
1043 1598 1175 1668 sed
1207 1616 1496 1669 creans
1538 1592 1737 1664 nihil
1775 1611 2248 1684 przesuppo-

702 1713 864 1795 nit;
911 1732 1112 1804 ergo
1164 1709 1671 1815 impossibile⁴
1717 1711 1841 1780 est
1894 1712 1981 1779 ut
2030 1726 2248 1777 crea-

704 1834 896 1902 tura
927 1832 1175 1901 creet.

794 1950 913 2017 Ex
948 1946 1293 2018 secunda
1323 1942 1805 2022 differentia,
1854 1940 2061 2032 quod
2095 1936 2249 2009 sci-

705 2063 896 2137 licet
953 2066 1344 2136 creatura
1386 2060 1624 2131 habet
1674 2078 1853 2129 esso
1912 2053 2247 2148 partici-

706 2185 1011 2273 patum,
1058 2184 1136 2253 et
1197 2179 1274 2251 in
1353 2176 1517 2248 alio
1589 2176 2033 2266 receptum.
2078 2170 2249 2244 Dif-

701 2297 1054 2371 ferentia
1092 2296 1305 2368 enim
1374 2297 1500 2366 est
1551 2293 1766 2365 inter
1821 2288 2248 2383 perfectio·

703 2437 848 2490 nos
886 2435 1165 2508 puras
1220 2417 1299 2485 et
1336 2411 1414 2482 in
1460 2410 1623 2482 alio
1677 2412 2073 2499 receptas,
2119 2404 2244 2475 vel

703 2532 1280 2627 participatas,
1360 2527 1549 2619 quia
1626 2524 2021 2619 perfectio
2092 2521 2248 2614 pri-

703 2670 836 2721 ma
905 2670 1042 2721 seu
1092 2647 1502 2739 separata,
1576 2647 1878 2735 quanto
1937 2640 2249 2711 univcr-

704 2767 986 2847 salior,
1033 2767 1265 2838 tanto
1344 2760 1790 2854 perfectior
1848 2763 1927 2832 ct
1977 2760 2247 2829 actua-

704 2884 920 2956 lior:
962 2883 1094 2954 sed
1155 2867 1554 2972 perfectio
1612 2874 2111 2969 participata
2169 2876 2248 2946 et

708 3001 788 3073 in
872 2997 1222 3071 materia
1300 2998 1654 3086 recepta,
1703 2995 2005 3084 quanto
2076 2988 2250 3059 uni-

710 3114 1147 3194 versalior,
1195 3116 1426 3186 tanto
1497 3107 2096 3203 imperfectior,
2164 3108 2251 3177 ut

715 3232 985 3305 forma
1063 3227 1439 3321 corporis
1538 3246 1776 3318 quam
1841 3222 2246 3303 animaliS,

708 3353 789 3423 et
830 3347 1208 3421 animalis
1279 3364 1516 3438 quam
1559 3342 1938 3415 hominis.
1987 3340 2065 3413 Si
2117 3361 2252 3411 au-

707 3472 873 3540 tem
916 3466 1093 3539 istae
1137 3460 1677 3556 perfectiones
1722 3457 2253 3530 universalio-

708 3605 841 3656 res
949 3584 1351 3674 separatae
1429 3577 1901 3656 existerent,
1981 3576 2253 3646 essent

707 3698 1245 3794 perfectiores
1341 3700 1422 3767 et
1534 3691 2059 3770 actualiores,
2164 3695 2251 3763 ut

702 3816 981 3888 vivore
1085 3813 1302 3885 esset
1418 3807 1886 3902 perfectius,
2010 3827 2251 3899 quam

707 3931 1036 4013 animal,
1111 3928 1300 4021 quia
1359 3926 1521 4001 talc
1569 3925 1847 3996 vivere
1916 3923 2251 3997 haberet

711 4068 1028 4122 omnem
1119 4046 1526 4119 rationem
1605 4043 1794 4116 vitae
1890 4047 1969 4115 et
2055 4042 2246 4114 vivi.

711 4163 1111 4238 Similiter
1180 4159 1245 4231 si
1311 4157 1527 4230 ratio
1596 4157 1806 4231 entis
1867 4159 2252 4250 separata

711 4280 1143 4358 existeret,
1271 4273 1732 4347 contineret
1841 4273 2252 4346 rationem

711 4397 922 4471 entis
956 4414 1118 4466 non
1171 4390 1583 4465 contracti
1636 4417 1650 4459 ε
1726 4395 1807 4464 et
1877 4390 2066 4482 quia
2108 4390 2253 4460 sub

711 4513 1034 4587 ratione
1076 4507 1287 4583 entis
1320 4507 1846 4581 continentur
1889 4507 2253 4580 rationes

719 4627 1113 4708 omnium,
1196 4625 1370 4696 ideo
1458 4623 1917 4697 contineret
2003 4623 2254 4696 ratio-

710 4767 896 4819 nem
965 4741 1226 4816 omnis
1274 4740 1668 4822 entitatiS,
1729 4745 1810 4813 et
1886 4740 2049 4812 tale
2116 4760 2258 4811 ens

712 4861 1013 4937 dicitur
1060 4879 1239 4931 esse
1279 4859 1519 4930 Deus.
1565 4855 1783 4927 Unde
1818 4855 1977 4929 isto
2024 4856 2257 4927 modo

713 4996 855 5048 ens
888 4975 1225 5069 ponitur
1254 4993 1416 5045 non
1447 4975 1965 5046 contractum
2008 4971 2259 5046 etiam

714 5099 961 5178 vivere,
1006 5112 1167 5164 non
1206 5095 1480 5165 tamen
1530 5089 1744 5161 aliud
1788 5089 1884 5159 ab
1920 5089 2059 5160 illo
2101 5113 2256 5157 esse.

809 5213 929 5282 Ex
968 5208 1094 5281 his
1137 5210 1386 5300 patet,
1424 5205 1629 5298 quod
1663 5204 1878 5278 ratio
1921 5205 2131 5278 entis
2176 5211 2265 5281 ut

718 5331 845 5400 est
897 5329 1223 5417 recepta
1274 5322 1589 5415 quidem
1644 5321 1723 5393 in
1766 5321 1984 5393 omni
2042 5342 2265 5393 crea-

724 5449 939 5524 tura,
1002 5441 1243 5514 habet
1292 5439 1557 5510 minus
1607 5440 1698 5510 de
1749 5437 2257 5520 actualitate,

722 5567 803 5636 et
845 5561 1023 5655 plus
1073 5559 1165 5631 de
1234 5555 1863 5650 potentialitate,
1911 5577 2095 5628 cum
2159 5555 2265 5627 sit

2363 534 2625 625 magis
2663 532 3179 605 universalis.
3219 534 3419 607 Cum
3455 531 3709 624 igitur
3768 556 3894 609 res

2360 676 2520 727 non
2563 659 2780 746 agat,
2827 660 2916 730 ut
2956 660 3080 729 est
3148 655 3229 727 in
3307 656 3699 748 potentia,
3761 679 3893 729 seu

2361 794 2502 844 ens
2549 772 3144 865 imperfectum,
3211 774 3343 845 sed
3388 776 3475 846 ut
3531 778 3657 847 est
3715 779 3897 847 actu

2360 894 2440 962 et
2475 890 2968 981 perfectum;
3013 909 3211 979 crgo
3256 890 3480 961 nulla
3519 896 3901 963 creatura

2363 1007 2560 1095 agit,
2601 1012 2686 1079 ut
2718 1012 2842 1081 est
2884 1027 3051 1089 enS,
3097 1006 3250 1081 hoc
3284 1011 3434 1089 est,
3482 1028 3627 1100 per
3661 1008 3902 1081 ratio-

2361 1146 2544 1196 nem
2579 1125 2815 1206 entis,
2892 1126 3024 1195 sed
3087 1147 3235 1218 per
3297 1126 3703 1200 rationem
3766 1126 3904 1199 mi-

2362 1262 2512 1313 nus
2549 1243 3119 1325 universalem,
3188 1244 3623 1315 secundum
3667 1264 3902 1335 quam

2366 1358 2626 1447 magis
2696 1362 2820 1431 est
2894 1358 2972 1430 in
3042 1363 3257 1442 actu,
3331 1359 3559 1433 verbi
3602 1358 3895 1451 gratia,

2363 1473 2845 1565 inquantum
2891 1476 3126 1567 ignis,
3191 1480 3317 1549 vel
3360 1478 3657 1559 homo;
3704 1496 3899 1568 ergo

2360 1612 2772 1683 nunquam
2836 1597 3228 1666 creatura
3268 1598 3392 1667 est
3454 1612 3704 1665 causa
3755 1593 3895 1672 rei,

2362 1712 2449 1780 ut
2510 1712 2634 1781 est
2701 1729 2867 1784 ens,
2953 1710 3086 1781 sed
3127 1714 3214 1784 ut
3275 1714 3401 1784 est
3468 1711 3632 1783 tale
3703 1730 3894 1791 ens;

2360 1844 2560 1913 ergo
2607 1826 3166 1919 praesupponit
3203 1828 3610 1900 rationem
3661 1826 3896 1899 entis

2452 1945 2567 2013 Ex
2631 1943 2881 2017 tertia
2948 1944 3430 2028 differentia,
3503 1964 3661 2037 qua
3719 1943 3902 2017 dici-

2363 2062 2524 2140 tur,
2565 2060 2768 2150 quod
2803 2062 3015 2133 Deus
3058 2082 3220 2133 non
3254 2061 3493 2135 habet
3534 2082 3714 2132 esse
3758 2059 3901 2131 ali-

2363 2198 2518 2268 quo
2584 2178 2816 2249 modo
2851 2183 3397 2261 contractum,
3445 2198 3705 2269 arguo
3743 2179 3895 2252 sic:

2362 2294 2750 2385 Quidquid
2791 2295 3185 2388 competit
3217 2296 3659 2386 triangulO,
3696 2317 3904 2369 com-

2364 2410 2613 2504 pectit
2649 2412 2867 2485 omni
2927 2413 3383 2505 triangulo:
3447 2433 3647 2505 ergo
3691 2435 3738 2486 a
3799 2414 3902 2487 si-

2365 2528 2562 2611 mili,
2631 2529 2822 2601 illud
2887 2530 3093 2621 quod
3162 2533 3286 2603 est
3354 2552 3601 2603 causa
3659 2531 3896 2613 entis,

2363 2648 2487 2717 est
2521 2666 2772 2718 causa
2818 2647 3080 2718 omnis
3115 2648 3325 2721 entis
3376 2672 3389 2716 ε
3437 2646 3587 2721 hoc
3630 2654 3900 2722 autem

2363 2766 2769 2835 creaturae
2838 2767 3305 2856 competere
3379 2785 3538 2835 non
3607 2768 3899 2856 potest,

2365 2877 2553 2969 quia
2595 2883 2785 2951 tunc
2819 2883 3034 2953 esset
3069 2900 3318 2952 causa
3352 2881 3770 2974 suiipsius.

2453 2995 2533 3069 Si
2602 2996 2844 3077 dicas,
2926 2998 3134 3088 quod
3207 2997 3406 3069 idom
3473 2998 3904 3079 concludit,

2366 3113 2572 3204 quod
2641 3115 2858 3185 Deus
2920 3134 3081 3185 non
3157 3115 3263 3189 sit
3349 3135 3598 3188 causa
3667 3116 3901 3196 entis,

2367 3229 2843 3322 inquantum
2880 3236 3004 3305 est
3036 3253 3203 3314 ens,
3245 3233 3433 3325 quia
3468 3238 3660 3308 tunc
3694 3239 3906 3308 esset

2366 3366 2612 3417 causa
2660 3347 2923 3419 omnis
2993 3348 3230 3431 entiS,
3277 3353 3357 3422 et
3429 3371 3574 3442 per
3642 3371 3908 3422 conse-

2368 3482 2616 3553 quens
2665 3463 3078 3555 suiipsiuS,
3124 3485 3287 3537 non
3337 3466 3558 3541 valet
3601 3466 3909 3540 instan-

2363 3578 2518 3659 tia;
2561 3580 2749 3671 quia
2790 3601 2974 3653 cum
3006 3581 3330 3664 dicitur,
3371 3585 3575 3674 quod
3610 3584 3911 3676 aliquid

2365 3701 2490 3770 est
2568 3719 2816 3770 causa
2904 3701 3114 3773 entis
3194 3701 3676 3794 inquantum
3746 3725 3910 3785 ens,

2366 3818 2488 3887 est
2522 3834 2770 3886 causa
2807 3817 3068 3888 omnis
3102 3816 3314 3891 entis
3342 3818 3627 3899 creati,
3655 3823 3738 3893 et
3773 3840 3914 3913 per

2364 3951 2867 4024 consequens
2931 3931 3053 4002 sui
3092 3959 3105 4001 :
3151 3934 3367 4005 Deus
3412 3939 3687 4009 autem
3750 3956 3906 4007 non

2364 4051 2488 4120 est
2519 4052 2874 4131 creatuS,
2925 4050 3097 4121 idco
3123 4071 3285 4122 non
3310 4052 3684 4143 sequitur
3710 4051 3914 4145 quod

2367 4162 2433 4233 si
2470 4162 2575 4235 sit
2609 4183 2855 4235 causa
2921 4165 3181 4236 omnis
3222 4166 3459 4248 ontiS‚
3537 4169 3750 4258 quod
3810 4167 3913 4241 sit

2365 4298 2611 4350 causa
2653 4280 2803 4351 sui.

2458 4395 2574 4464 Ex
2677 4394 3086 4485 praedictis
3188 4399 3557 4471 omnibus
3659 4403 3905 4494 patet,

2370 4508 2574 4598 quod
2618 4508 2684 4578 si
2730 4510 2992 4581 omnis
3035 4516 3421 4585 creatura
3465 4514 3544 4584 in
3604 4516 3909 4606 agendo

2371 4626 2931 4716 praesupponit
3031 4615 3435 4700 rationem
3533 4632 3773 4714 entis,
3834 4634 3909 4703 et

2373 4740 2636 4812 solum
2671 4740 2868 4815 facit
2926 4743 3090 4814 tale
3150 4764 3317 4825 cns,
3365 4766 3547 4817 cum
3620 4766 3908 4820 creans

2371 4855 2573 4928 nihil
2635 4863 3239 4949 prfesupponat,
3320 4861 3545 4934 nulla
3593 4865 3914 4935 creatu-

2376 4993 2468 5043 ra
2503 4976 2772 5063 potest
2806 4993 3116 5045 creare.

2465 5091 2583 5160 Ex
2653 5093 2886 5180 parte
2947 5092 3462 5167 causalitatis
3531 5096 3914 5186 arguitur

2377 5206 2540 5278 sic:
2613 5209 2827 5280 Deus
2922 5214 3047 5283 est
3115 5230 3362 5283 causa
3423 5232 3701 5285 rerum
3775 5232 3913 5306 per

2377 5324 2698 5394 modum
2734 5325 3109 5410 artificiS,
3154 5328 3517 5402 rationes
3554 5331 3909 5403 omnium

2378 5441 3045 5533 productivorum
3138 5445 3654 5529 continentis,
3755 5466 3909 5520 non

2378 5556 2642 5629 solum
2680 5557 2757 5629 in
2819 5557 3289 5642 universali,
3327 5561 3458 5633 sed
3524 5563 3772 5637 etiam
3832 5562 3910 5634 in
