4252 6393
355 4771 611 4858 obsti-cio.

685 426 798 519 '1'78

1893 428 2033 517 mu.
2081 453 2176 516 111.
2227 428 2765 515 ilss‘rssououuil

681 621 1109 711 postquam
1152 616 2211 710 estperpendicularis,qua
2324 616 2760 689 diversitas
2843 615 3296 713 mediorum
3372 615 3448 687 in
3530 616 3875 691 raritate

682 735 997 808 ratione
1057 734 1584 823 frangeretur
1624 734 1718 804 ad
1771 752 2046 812 unum,
2089 751 2214 801 ea-

673 852 848 923 dem
912 851 1231 923 ratione
1292 851 1386 921 ad
1442 850 1735 929 alium;
1806 848 2062 938 igitur
2121 846 2216 918 ad

2333 733 2600 824 major
2660 737 2808 814 est,
2875 720 3104 805 tanto
3179 734 3446 823 major
3489 738 3615 807 est
3674 733 3875 807 frac-

2331 848 2497 921 tio:
2536 852 2615 920 et
2660 853 2959 938 quanto
3007 849 3300 929 minor,
3340 853 3571 921 tanto
3616 849 3882 921 minor

673 968 1011 1040 nullum.
1096 967 1481 1047 Secundo,
1574 965 1760 1057 quia
1836 964 2217 1036 denarius
2328 968 2454 1038 est
2487 964 3440 1057 fractio.Consequentia
3478 966 3661 1047 ista,
3698 967 3883 1058 quia

674 1084 899 1155 visus
946 1083 1025 1156 in
1058 1084 1299 1155 fundo
1343 1102 1570 1174 aquae
1615 1078 2217 1175 perpemlicula-

679 1200 911 1282 riter,
954 1200 1276 1275 videtur
1328 1200 1408 1272 in
1446 1200 1629 1271 loco
1676 1197 1808 1269 ubi
1849 1200 1997 1276 est,
2047 1196 2218 1268 ideo

683 1318 955 1390 radius
1030 1315 1727 1410 perpendicularis
1777 1335 1936 1386 non
2008 1313 2220 1385 fran-

681 1436 930 1527 gitur.
992 1436 1235 1508 Tenet
1292 1432 1893 1525 consequentia,
1950 1429 2223 1522 quiasi

682 1552 1231 1642 frangeretur,
1270 1551 1443 1643 jam
1497 1551 1935 1642 appareret
2003 1545 2219 1618 alibi.

685 1675 785 1746 Et
847 1672 1321 1747 antecedens
1399 1674 1742 1765 apparet
1825 1670 1918 1741 ad
1994 1692 2225 1764 expe-

686 1788 1092 1870 rientiam,
1184 1792 1263 1861 et
1339 1787 1588 1861 etiam
1667 1806 1813 1878 per
1892 1804 2224 1857 causam

684 1904 871 1996 quia
909 1908 1095 1977 tunc
1137 1904 1411 1975 eadem
1461 1907 1586 1976 est
1636 1902 1848 1974 linea
1914 1902 2226 1974 directa

682 2016 1047 2089 incessus
1106 2037 1153 2088 a
1211 2016 1418 2097 visu,
1482 2021 1562 2090 et
1621 2015 2225 2109 perpendicula·

684 2134 798 2207 ris
869 2135 1153 2207 educta
1219 2154 1266 2204 a
1328 2152 1413 2204 re
1478 2132 1656 2204 visa
1732 2132 1826 2203 ad
1895 2130 2225 2223 superfi-

680 2253 887 2324 ciem
949 2252 1103 2323 duo
1161 2249 1419 2322 media
1493 2248 2001 2321 dividentem.

767 2366 1071 2448 Tertio,
1120 2365 1308 2456 quia
1359 2364 1569 2436 linea
1625 2361 2224 2455 perpendicula-

685 2483 801 2556 ris
881 2482 1125 2556 aliter
1194 2479 1647 2553 reflectitur
1724 2481 1818 2551 ad
1890 2477 2225 2571 superfi-

682 2601 887 2674 ciem
936 2596 1267 2692 speculi,
1315 2617 1556 2689 quam
1607 2596 1818 2669 linea
1867 2596 2223 2668 incidens

686 2719 1045 2810 oblique;
1094 2714 1350 2805 igitur
1410 2734 1456 2786 a
1534 2712 1943 2785 consimili
2010 2712 2225 2784 linea

684 2830 1378 2926 perpendicularis
1420 2829 1741 2901 habebit
1809 2828 2060 2900 alium
2115 2828 2225 2899 in·

678 2971 1023 3033 cessum,
1082 2949 1392 3042 quando
1436 2948 1737 3021 transit
1781 2968 1924 3038 per
1967 2945 2227 3018 media

673 3067 1184 3140 diversarum
1215 3063 1934 3157 diaphaneitatum,
1983 3082 2223 3153 quam

676 3186 890 3260 linea
978 3186 1267 3261 cadens
1362 3183 1681 3276 oblique
1769 3211 1782 3254 z
1868 3187 1949 3258 et
2037 3182 2226 3276 quia

677 3305 1002 3396 obliqua
1066 3303 1508 3393 frangitur,
1575 3301 1948 3392 sequitur
2018 3301 2225 3391 quod

676 3418 1374 3513 perpendicularis
1411 3417 1798 3491 transibit
1845 3416 2225 3488 irresrac-

677 3537 784 3607 ta.
827 3536 927 3607 Et
981 3535 1456 3607 antecedens
1499 3538 1868 3626 apparet,
1898 3533 2085 3624 quia
2144 3531 2224 3602 in

679 3647 1117 3721 reflexione
1211 3647 1424 3720 linea
1530 3646 2223 3740 perpendicularis

681 3764 1133 3838 reflectitur
1220 3766 1312 3835 ad
1383 3765 1770 3856 seipsam,
1855 3768 1934 3835 et
2011 3762 2225 3834 linea

680 3881 1003 3972 obliqua
1070 3903 1254 3953 non.
1320 3886 1655 3963 (marte,
1741 3884 1963 3973 patet
2042 3900 2225 3952 con-

677 3997 934 4069 clusio
1004 4000 1100 4070 ad
1176 3997 1728 4089 experientias
1796 3997 2021 4089 prius
2098 4017 2224 4087 po-

676 4113 903 4194 sitaS,
970 4113 1157 4204 quia
1230 4134 1371 4206 per
1432 4114 1613 4185 illas
1673 4113 2223 4205 experientias

671 4231 1145 4322 experimur
1228 4232 1434 4323 quod
1525 4231 1797 4303 radius
1893 4250 2223 4323 perpen-

670 4349 1059 4420 dicularis
1142 4349 1446 4422 transit
1527 4348 2052 4430 irrefractus,
2146 4353 2225 4422 ct

671 4467 932 4538 omnis
975 4466 1185 4539 alius
1228 4488 1274 4539 a
1323 4466 1970 4559 perpendiculari
2012 4467 2225 4539 sran-

665 4583 914 4674 gitur.

768 4701 914 4774 Sed
954 4707 1246 4774 contra
1316 4702 1474 4772 ista.
1548 4700 1961 4790 objicitur,
2037 4700 2226 4790 quia

677 4819 741 4891 si
789 4819 900 4893 ita
967 4825 1208 4901 esset,
1284 4823 1769 4911 sequeretur
1833 4820 2038 4909 quod
2101 4837 2224 4888 ra·

668 4936 843 5007 dius
898 4936 1224 5017 fortior,
1288 4939 1368 5008 et
1410 4935 1755 5006 debilior
1813 4936 1906 5005 ad
1963 4954 2224 5024 sequa·

669 5052 782 5124 les
849 5052 1192 5143 angulos
1261 5051 1867 5140 frangerentur.
1936 5055 2225 5126 Conse-

667 5190 919 5261 quens
963 5169 1285 5249 falsum,
1350 5168 1538 5259 quia
1582 5168 1858 5238 eadem
1907 5167 2223 5240 ratione

664 5287 820 5357 duo
921 5286 1123 5358 radii
1225 5285 1581 5376 {equales
1674 5284 2226 5360 consimiliter

2331 1081 2605 1152 eadem
2674 1086 2798 1153 est
2877 1081 3304 1173 proportio
3350 1081 3555 1154 radii
3641 1081 3882 1155 fortis

2334 1198 2429 1268 ad
2480 1196 2844 1277 debilem,
2908 1196 3120 1270 sicut
3163 1196 3668 1272 diversitatis
3731 1219 3881 1271 me-

2334 1314 2439 1386 dii
2500 1315 2839 1405 majoris
2903 1315 2980 1386 in
3052 1316 3423 1397 raritate,
3479 1317 3573 1387 ad
3636 1316 3883 1389 mino-

2339 1453 2510 1504 rem
2569 1432 3155 1506 diversitatem.
3232 1437 3330 1509 Et
3396 1453 3882 1526 consequen-

2338 1549 2453 1620 tia
2498 1547 2974 1640 principalis
3020 1549 3440 1641 probatur,
3496 1548 3882 1641 capiendo

2337 1664 2534 1737 duos
2633 1665 2950 1747 radiOS,
3027 1686 3375 1757 quorum
3473 1686 3677 1737 unus
3778 1666 3884 1739 sit

2343 1781 2626 1861 Lunae,
2719 1785 2799 1853 ct
2886 1780 3101 1854 alter
3191 1780 3439 1862 Solis,
3540 1784 3884 1872 uterque

2338 1897 2766 1988 {equaliter
2806 1898 3052 1971 distet
3111 1919 3327 1970 asuo
3366 1898 3886 1991 perpendicu-

2339 2015 2523 2101 lari,
2552 2020 2739 2089 tunc
2778 2038 2921 2109 per
2951 2016 3484 2109 praecedentia
3518 2016 3885 2110 probabi-

2339 2136 2476 2205 tur
2535 2134 2741 2224 quod
2810 2132 2967 2207 ista
3007 2134 3161 2204 duo
3207 2133 3889 2224 refrangerentur

2339 2250 2432 2321 ad
2474 2251 2823 2341 {equales
2857 2249 3228 2341 angulos.

2429 2368 2542 2439 Ad
2603 2366 2811 2440 istud
2871 2366 3074 2448 dice,
3150 2366 3354 2457 quod
3402 2366 3674 2439 radius
3719 2366 3881 2439 for·
3952 2386 4104 2438 solun·

2341 2483 2531 2564 tior,
2578 2489 2657 2558 et
2698 2485 3062 2565 debilior,
3099 2485 3284 2557 dum
3317 2488 3591 2558 tamen
3620 2504 3884 2577 aequa-

2341 2599 2531 2672 liter
2570 2601 2869 2674 distent
2912 2622 2955 2673 a
3009 2623 3154 2674 suo
3200 2601 3882 2695 perpendie·1lari,

2338 2718 2765 2807 aequaliter
2821 2719 3321 2809 franguntur
3376 2720 3469 2791 ad
3538 2720 3887 2810 angulos

2336 2836 2713 2926 aequalos,
2774 2838 2841 2910 si
2888 2837 3246 2911 incidunt
3291 2838 3368 2910 in
3416 2840 3672 2911 media
3718 2838 3889 2912 uni-

2340 2951 2723 3026 formiter
2796 2955 3255 3029 differentia
3351 2956 3428 3028 in
3502 2958 3882 3040 raritate,

2337 3073 2418 3141 et
2459 3069 2884 3143 densitate.

2429 3187 2649 3268 Quod
2738 3187 3135 3280 probatur
3220 3210 3365 3282 per
3456 3187 3888 3282 experien-

2340 3302 2565 3382 tiam,
2632 3303 2817 3393 quia
2868 3305 3245 3395 capiatur
3303 3304 3629 3396 aliquod
3699 3325 3889 3378 con-

2340 3418 2682 3499 tinuum,
2729 3420 2960 3511 cujus
3013 3442 3169 3492 una
3216 3441 3407 3513 pars
3465 3421 3570 3495 sit
3620 3424 3889 3513 magis

2340 3536 2627 3617 lucida,
2691 3542 2770 3610 et
2823 3537 2983 3609 alia
3040 3538 3328 3619 minus,
3393 3544 3473 3614 et
3529 3545 3892 3631 ponatur

2344 3655 2418 3726 in
2480 3653 2721 3725 fundo
2782 3675 3034 3746 aquai,
3102 3660 3290 3728 tunc
3371 3655 3563 3727 illud
3624 3655 3889 3729 adhuc

2337 3776 2679 3864 apparet
2722 3772 3222 3854 continuum,
3278 3773 3484 3864 quod
3545 3793 3707 3844 non
3772 3778 3893 3847 ta-

2342 3909 2518 3960 men
2571 3887 3110 3978 contingeret,
3152 3888 3218 3959 si
3266 3888 3535 3959 radius
3578 3889 3895 3963 fortior

2338 4008 2417 4076 et
2475 4003 2819 4075 debilior
2880 4003 3406 4091 frangeretur
3464 4004 3558 4075 ad
3635 4025 3891 4095 angu-

2342 4121 2460 4191 los
2544 4118 3005 4211 inaequales.
3080 4121 3285 4191 Nam
3345 4120 3644 4201 radius,
3712 4121 3892 4193 sive

2341 4234 2649 4327 species
2721 4234 2984 4327 partis
3054 4235 3475 4307 lucidioris
3540 4240 3665 4308 est
3725 4236 3894 4308 for-

2341 4351 2529 4432 tior,
2602 4351 2774 4423 ideo
2845 4352 2935 4422 de
3014 4355 3244 4424 tanto
3304 4356 3651 4444 apparet
3732 4352 3895 4425 dis-

2339 4466 2875 4547 continuitas,
2962 4471 3352 4558 quantum
3432 4467 3710 4556 anguli
3772 4489 3895 4539 es·

2342 4586 2520 4655 sent
2609 4581 3089 4674 inaequales,
3181 4584 3277 4655 ad
3364 4604 3563 4674 quos
3650 4583 3894 4658 fieret

2344 4699 2764 4781 refractio,
2848 4705 2926 4773 et
2971 4701 3404 4772 secundum
3466 4699 3651 4780 hoc,
3730 4701 3893 4772 sol-

2339 4819 2590 4888 vendo
2638 4816 3039 4889 rationem
3090 4817 3264 4889 dico
3309 4819 3514 4909 quod
3558 4817 3896 4892 fortitu-

2338 4933 2462 5012 do,
2512 4932 2638 5003 vel
2696 4932 3067 5005 debilitas
3114 4933 3316 5004 radii
3372 4953 3529 5003 non
3578 4934 3896 5008 sufficit

2340 5049 2432 5119 ad
2486 5047 3148 5136 magnitudinem,
3204 5048 3329 5120 vel
3383 5049 3895 5141 parvitatem

2342 5164 2897 5246 refractionis,
2971 5166 3104 5237 sed
3149 5186 3292 5256 per
3352 5187 3436 5236 se
3505 5165 3889 5246 directio,

2336 5280 2461 5351 vel
2499 5280 2935 5372 obliquitas
2975 5281 3201 5360 radii,
3248 5280 3373 5353 vel
3427 5280 3676 5353 etiam
3722 5301 3894 5353 ma-

667 5398 1255 5490 frangerentur
1297 5400 1389 5470 ad
1465 5399 1721 5470 media
1763 5398 2223 5472 differentia
2328 5396 2493 5487 jor,
2566 5401 2646 5470 et
2698 5397 2969 5468 minor
3036 5397 3670 5489 diaplianeitatis
3726 5417 3895 5468 me-

665 5518 747 5590 in
781 5518 1153 5597 raritate,
1210 5519 1289 5587 et
1347 5515 1778 5596 densitate,
1847 5516 2052 5605 quod
2097 5521 2223 5590 cst

659 5636 951 5707 contra
1008 5629 1604 5724 experientiam
1648 5629 1859 5721 quia,
1912 5635 2219 5721 quanto

2334 5512 2652 5583 diorum
2697 5512 3159 5585 diversitas.
3210 5513 3378 5585 Hoc
3422 5512 3890 5605 praemisso,

2333 5630 2455 5704 dic
2488 5632 2583 5703 ad
2637 5631 3066 5716 rationem,
3122 5632 3470 5705 concedo
3523 5631 3895 5725 primum
