4252 6393
1776 405 2144 486 QUAES'HO
2194 408 2273 473 lx

425 570 698 653 menti,
734 570 1099 643 videmus
1140 589 1321 642 eam
1392 570 1696 661 quanto
1753 566 1967 640 nobi-

420 687 579 759 lior
608 690 759 769 est,
798 688 1029 760 tanto
1092 685 1172 758 in
1234 683 1405 756 suis
1477 682 1967 776 operationi-

415 807 559 878 bus
602 824 650 877 a
703 803 1058 876 materia
1096 800 1512 881 denudari,
1578 805 1657 873 et
1719 820 1969 892 supra

418 920 855 995 materiam
890 917 1269 999 exaltari,
1345 920 1433 989 ut
1502 916 1618 989 sic
1654 915 1827 1009 jam
1863 916 1971 990 sit

416 1036 915 1131 principium
947 1034 1136 1107 novi
1207 1037 1504 1116 motus,
1552 1033 1759 1105 sicut
1808 1052 1968 1104 ma-

411 1156 537 1248 gis
577 1155 1014 1245 elongatur
1052 1173 1097 1224 a
1134 1151 1507 1233 materia,
1565 1155 1650 1224 ut
1701 1149 1970 1222 hcrbae

408 1276 493 1345 et
559 1270 865 1363 lapides
896 1268 1413 1357 restringunt
1462 1266 1969 1357 sanguinem,

418 1385 1068 1458 rheubarbarum
1148 1385 1445 1475 purgat
1524 1380 1965 1465 choleram,

412 1509 493 1579 ct
527 1502 794 1597 jaspis
835 1499 1273 1591 restringit
1324 1498 1829 1590 sanguinem,
1891 1503 1972 1572 et

415 1621 532 1694 sic
563 1621 657 1692 dc
700 1617 1162 1691 similibus:
1228 1637 1403 1709 quae
1464 1614 1780 1707 quidem
1850 1636 1974 1688 ac-

416 1739 683 1812 tiones
758 1734 913 1810 etsi
1005 1733 1165 1806 sint
1235 1730 1695 1824 compositi,
1786 1736 1974 1805 sunt

419 1860 692 1928 tamen
731 1873 777 1923 a
829 1852 1101 1923 forma
1132 1853 1213 1922 et
1257 1869 1402 1941 per
1471 1847 1851 1929 formam,
1891 1853 1972 1922 et

417 1969 820 2061 elongatae
911 1987 958 2039 a
1019 1963 1369 2037 materia
1438 1967 1669 2038 tanto
1725 1962 1971 2036 altius

420 2103 663 2176 super
694 2081 1048 2155 formam
1074 2079 1698 2161 elementorum,
1729 2099 1971 2171 quan-

422 2206 505 2276 to
590 2201 861 2274 forma
940 2197 1176 2271 mixti
1245 2196 1601 2269 nobilior
1665 2201 1816 2279 cst,
1890 2202 1967 2270 et

425 2317 859 2392 actualiter
976 2314 1243 2387 forma
1346 2314 1965 2387 elementorum.

431 2437 720 2508 Forma
776 2437 1048 2505 autem
1081 2452 1328 2523 super
1357 2431 1707 2503 formam
1771 2433 1968 2504 mix-

434 2553 515 2635 ti,
587 2556 712 2626 est
751 2551 1019 2623 forma
1050 2548 1741 2640 vegetativorum,
1792 2571 1965 2642 quae

437 2670 738 2741 tantum
808 2665 1414 2758 appropinquat
1501 2664 1596 2736 ad
1663 2668 1960 2749 actum,

434 2785 506 2855 et
575 2783 945 2855 elevatur
1002 2799 1251 2872 supra
1329 2780 1785 2865 materiam,
1881 2785 1965 2854 ut

436 2898 539 2986 (si
604 2897 846 2971 liceat
876 2897 1143 2970 dicere
1181 2899 1204 2984 )
1238 2895 1412 2989 jam
1448 2897 1653 2987 quod
1700 2918 1967 2989 quem-

435 3016 602 3088 dam
644 3015 988 3107 gradum
1022 3011 1357 3105 incipiat
1399 3011 1694 3085 habore
1738 3015 1968 3106 quasi

436 3131 831 3207 libertatis
892 3130 1442 3205 interminatae
1494 3133 1574 3203 et
1617 3130 1968 3203 domina-

435 3251 637 3332 tivae,
707 3269 941 3322 suam
1022 3246 1456 3319 materiam
1530 3247 1965 3330 dilatando,

439 3365 815 3457 auge-nde,
917 3364 1376 3437 nutriendo.
1463 3362 1806 3436 Videsne
1888 3364 1969 3435 in

439 3478 576 3553 hoc
608 3479 858 3571 gradu
895 3478 1206 3551 entium
1233 3477 1406 3570 jam
1449 3476 1678 3568 quasi
1737 3476 1969 3548 liber-

440 3596 622 3670 tatis
665 3596 1082 3687 surgentis
1116 3592 1541 3666 exordium
1573 3599 1608 3664 ‘2
1666 3595 1813 3667 Sed
1848 3616 1970 3666 su-

442 3734 575 3805 pra
606 3714 849 3787 istam
881 3711 1136 3783 adhue
1176 3714 1301 3784 est
1343 3708 1734 3782 sensitiva
1776 3711 1972 3783 mul-

442 3829 518 3899 to
559 3828 842 3919 magis,
880 3830 958 3900 et
1009 3845 1155 3919 per
1197 3825 1499 3916 gradus
1562 3823 1971 3896 immedia-

448 3948 645 4015 tosa
718 3942 1068 4016 materia
1138 3962 1220 4011 se
1295 3941 1713 4030 elongans,
1797 3961 1970 4032 quae

445 4056 594 4147 jam
616 4058 1093 4153 ampliorem
1119 4058 1458 4149 gradum
1489 4055 1789 4128 sortita
1845 4076 1972 4128 cu·

454 4171 741 4263 jusdam
820 4171 1257 4252 libertatis,
1316 4170 1578 4260 magis
1618 4168 1972 4241 domina·

461 4288 601 4362 tive
690 4294 982 4364 movet.
1046 4291 1145 4362 Et
1241 4288 1356 4362 ita
1455 4307 1615 4358 non
1710 4287 1972 4359 solum

469 4406 743 4479 motum
778 4404 856 4477 in
895 4402 1321 4482 exteriori,
1388 4402 1519 4474 sed
1590 4401 1972 4474 interiori

469 4519 545 4589 ad
582 4540 884 4595 omnem
914 4519 1457 4594 differentiam
1510 4518 1967 4611 positionis,

471 4637 538 4704 ut
568 4638 774 4728 ponit
808 4637 1357 4729 Philosophus
1386 4639 1452 4707 8.
1496 4639 1767 4725 Phyxia
1804 4647 1965 4703 tare.

467 4748 557 4819 29.
585 4752 865 4835 dicens,
940 4752 1147 4845 quod
1187 4751 1589 4824 elementa
1643 4750 1737 4822 ad
1806 4770 1973 4822 cer-

470 4865 609 4937 tam
684 4868 1223 4943 differentiam
1305 4866 1741 4959 positionis
1813 4884 1971 4937 mo-

469 4988 761 5066 ventum
840 4981 1155 5055 moveri
1226 4984 1500 5053 autem
1577 5002 1674 5053 ex
1735 5001 1819 5052 se
1879 4981 1974 5052 ad

471 5113 748 5171 omnem
808 5096 1351 5170 differentiam
1399 5096 1858 5189 positionis,
1896 5101 1974 5169 et

470 5229 670 5301 posse
734 5219 957 5287 stare
1020 5214 1234 5286 eitra
1293 5211 1734 5286 terminum
1812 5210 1976 5282 ani-

470 5338 696 5423 malis,
767 5346 848 5415 et
924 5340 1505 5419 animatorum,
1585 5341 1710 5410 est
1798 5356 1977 5429 pro·

463 5462 704 5556 prium
765 5465 1336 5539 indubitanter.
1404 5463 1805 5537 Similiter
1859 5484 1980 5535 su-

3530 401 3641 468 421

2083 568 2436 641 materia
2484 568 3004 660 elongantur,
3059 589 3154 641 eo
3223 565 3623 661 pauciori-

2079 683 2226 756 bus
2280 685 2533 758 modis
2591 707 2770 758 esse
2835 684 3380 766 denominant,
3443 703 3626 757 cum

2079 808 2352 876 tamen
2438 804 2814 896 quaelibet
2891 804 2998 878 sit
3071 802 3366 886 forma,
3437 802 3626 894 quia

2079 924 2396 993 certum
2462 926 2613 1003 est,
2679 921 2884 1012 quod
2988 919 3364 1013 quaelibet
3435 940 3624 1012 pars

2082 1037 2294 1128 ignis
2380 1040 2502 1110 est
2582 1037 2817 1129 ignis,
2888 1041 2969 1111 et
3036 1035 3438 1118 calefacit,
3543 1040 3623 1110 et

2083 1152 2458 1244 quaelibet
2586 1173 2778 1246 pars
2865 1152 3248 1228 animalis
3345 1152 3619 1233 sentit,

2081 1288 2244 1341 non
2322 1274 2593 1343 tamen
2687 1275 2812 1344 est
2898 1270 3241 1351 animal;
3339 1274 3420 1344 ct
3512 1270 3628 1342 sic

2081 1388 2174 1458 de
2234 1386 2602 1459 omnibus
2649 1386 2963 1470 formis,
3027 1390 3194 1460 tam
3245 1385 3632 1479 perfectis

2086 1523 2329 1596 quam
2425 1503 2952 1597 imperfectiS,
3045 1524 3284 1597 quam
3359 1524 3633 1596 supre-

2087 1621 2269 1703 mis,
2344 1641 2585 1713 quam
2645 1621 2971 1701 infimis,
3049 1641 3290 1712 quam
3344 1620 3633 1694 medio-

2085 1735 2399 1816 cribus;
2476 1735 2872 1816 omnibus,
2962 1735 3166 1816 dico,
3256 1734 3632 1809 convenit

2087 1854 2305 1926 ratio
2347 1852 2660 1925 sormae.
2741 1852 2959 1924 Unde
3031 1854 3334 1943 quanto
3407 1874 3632 1945 supe-
3700 1932 3710 1941 ,

2087 1969 2382 2053 riores,
2436 1974 2516 2043 et
2575 1969 3022 2042 nobiliores
3065 1972 3254 2043 sunt
3313 1968 3626 2052 sor-mm,

2084 2090 2315 2162 tanto
2397 2086 2657 2177 magis
2711 2107 2758 2159 a
2854 2085 3203 2157 materia
3298 2085 3380 2158 in
3458 2087 3627 2160 suis

2086 2203 2698 2296 operationibus
2732 2201 3194 2291 elongatur,
3232 2206 3311 2276 et
3358 2202 3623 2276 minus

2076 2319 2598 2393 denominant
2653 2340 2858 2393 eam.

2171 2439 2290 2507 Ex
2341 2436 2501 2509 isto
2533 2457 2732 2527 ergo
2767 2437 3078 2530 patenti
3153 2437 3429 2510 ordine
3469 2436 3624 2509 eol-

2078 2553 2394 2644 ligitur,
2459 2554 2664 2644 quod
2729 2556 2871 2626 tua
2926 2553 3140 2626 ratio
3199 2553 3622 2626 concludat

2083 2671 2575 2763 oppositum,
2657 2673 2737 2745 et
2831 2691 2991 2742 non
3072 2670 3617 2763 propositum,

2081 2787 2291 2861 sicut
2398 2791 2620 2880 patet
2713 2788 2810 2860 ad
2905 2788 3310 2860 oculum:
3435 2787 3624 2880 quia

2078 2903 2453 2977 videlicet
2562 2905 2750 2979 dato
2872 2904 3078 2996 quod
3193 2903 3628 2980 intellecti-

2076 3041 2181 3091 va
2259 3020 2365 3093 sit
2425 3019 2691 3091 forma
2786 3024 2865 3094 et
2957 3020 3376 3102 sensitiva,
3466 3040 3628 3092 non

2082 3137 2478 3229 sequitur,
2561 3136 2630 3209 si
2698 3157 2999 3230 corpus
3068 3135 3344 3219 sentit,
3420 3137 3627 3229 quod

2080 3276 2384 3347 corpus
2474 3254 2904 3345 intelligat,
2997 3253 3129 3325 sed
3196 3275 3238 3325 e
3301 3257 3629 3327 contra-

2086 3373 2235 3456 rio,
2310 3370 2648 3453 seilicet,
2731 3369 2938 3462 quod
3026 3369 3167 3441 illa
3235 3369 3628 3442 sensitiva

2082 3488 2476 3562 informa-t
2535 3492 2659 3562 tot
2737 3486 3017 3567 modis,
3110 3491 3190 3561 et
3258 3507 3626 3559 commu-

2082 3607 2303 3679 nicat
2378 3609 2651 3678 actum
2756 3623 2993 3675 suum
3064 3603 3453 3686 materiae,
3548 3607 3630 3677 et

2085 3721 2292 3812 quod
2372 3720 2871 3794 intellectiva
2945 3739 3105 3791 non
3175 3724 3297 3794 tot
3375 3719 3630 3792 modis

2085 3859 2169 3910 se
2236 3835 2807 3909 communicat.
2867 3834 3016 3906 Hie
3102 3834 3350 3908 etiam
3438 3834 3631 3907 ordo

2084 3953 2541 4026 formarum
2621 3951 2755 4043 qui
2831 3955 2956 4024 est
3015 3952 3414 4033 sensiblis,
3472 3952 3636 4024 des-

2081 4071 2295 4147 truit
2343 4070 2739 4161 maj0rem
2825 4074 3145 4168 partem
3222 4069 3633 4143 rationum

2085 4188 2325 4281 hujus
2395 4185 3091 4279 positionis;nam
3127 4185 3193 4257 si
3257 4186 3336 4257 in
3405 4205 3633 4278 gene-

2087 4329 2174 4380 re
2254 4304 2706 4376 formarum
2802 4302 3164 4374 videmus
3262 4301 3633 4376 inchoari

2082 4422 2635 4513 cognitionem
2731 4420 3163 4491 secundum
3217 4420 3478 4511 magis
3553 4425 3633 4495 et

2087 4541 2378 4621 minuS,
2456 4541 2541 4610 ut
2602 4537 2680 4608 in
2749 4555 3045 4627 genere
3122 4535 3625 4619 animalium,

2083 4662 2164 4731 et
2228 4657 2307 4728 in
2369 4654 2656 4726 formis
2698 4652 3061 4724 videmus
3103 4653 3353 4725 etiam
3397 4674 3632 4747 appe-

2084 4774 2328 4847 titum
2382 4772 2817 4843 secundum
2878 4769 3137 4861 magis
3211 4775 3290 4843 et
3324 4771 3628 4853 minus;

2085 4894 2166 4963 et
2223 4889 2586 4960 videmus
2656 4886 2887 4978 quasi
2958 4886 3331 4959 inchoari
3392 4888 3633 4961 liber-

2085 5009 2344 5081 tatem
2398 5004 2477 5075 in
2567 5003 2800 5074 modo
2888 5003 3199 5093 agendi,
3263 5008 3343 5077 et
3403 5008 3632 5078 tanto

2087 5122 2476 5215 ampliori
2527 5119 2777 5211 gradu
2813 5119 3277 5194 libertatem
3311 5121 3640 5214 partici-

2091 5240 2297 5333 pari,
2346 5243 2650 5331 quanto
2717 5238 3085 5330 pluribus
3154 5238 3406 5310 modis
3479 5259 3640 5311 mo-

2089 5359 2306 5438 vent,
2345 5375 2674 5426 necesse
2716 5356 2841 5425 est
2920 5353 3126 5443 quod
3191 5353 3267 5424 in
3347 5374 3641 5445 genere

2094 5472 2579 5551 formarum,
2647 5470 2751 5543 sit
2804 5468 3096 5551 forma,
3173 5469 3250 5540 in
3321 5490 3476 5562 qua
3537 5472 3645 5545 sit

454 5592 807 5689 periores
864 5590 1152 5663 sormae
1228 5594 1531 5682 quanto
1616 5588 1877 5681 magis
1938 5609 1984 5659 a
2096 5587 2462 5681 cognitio
2554 5590 3147 5667 consummata,
3214 5606 3388 5679 quae
3484 5609 3646 5661 non
