4252 6393
1566 397 1930 475 QUAESTlo
1985 397 2085 458 vll

280 564 456 636 tium
485 565 558 636 et
585 561 1092 655 patientium,
1130 559 1565 634 secundum
1628 578 1788 633 mo-

282 682 436 752 dum
491 679 771 771 agendi
839 682 917 753 et
970 677 1368 772 patiendi3
1450 696 1649 770 ergo
1706 679 1784 749 et

284 796 631 887 potentiae
700 795 1103 878 activae,et
1168 793 1517 888 passivae
1573 792 1787 866 diffe-

284 916 447 986 runt
478 913 907 986 secundum
939 911 1504 985 diversitatem
1550 927 1790 1002 agen-

280 1029 459 1102 tium
512 1031 589 1102 et
661 1027 1147 1123 patientium
1191 1027 1408 1102 inter
1469 1047 1581 1100 se.

358 1145 567 1228 Item,
639 1144 861 1219 entia
923 1144 1390 1219 dividuntur
1447 1147 1616 1218 tam
1658 1162 1792 1214 na·

284 1266 444 1335 tura
506 1281 745 1354 quam
817 1262 1004 1344 situ,
1072 1261 1506 1336 secundum
1584 1259 1793 1353 quod

287 1379 514 1471 magis
589 1381 668 1452 et
768 1379 1034 1452 minus
1120 1376 1624 1472 participant
1701 1376 1794 1448 de

285 1495 755 1578 actualitate,
811 1497 897 1568 ut
942 1497 1164 1589 patet
1196 1494 1288 1568 de
1336 1493 1788 1575 elementis,

283 1616 358 1686 ut
399 1632 599 1705 aqua
650 1613 832 1706 plus
873 1611 1113 1687 habet
1153 1613 1245 1686 de
1313 1612 1795 1686 actualitate

284 1746 494 1819 quam
561 1730 792 1800 terra
865 1751 880 1794 :
951 1727 1156 1801 unde
1220 1747 1470 1801 unum
1538 1730 1662 1801 est
1717 1726 1794 1800 in

285 1843 622 1935 potentia
683 1845 1061 1938 respectu
1124 1843 1495 1928 alterius,
1542 1846 1631 1917 ut
1688 1841 1795 1916 di-

284 1957 472 2031 citur
508 1960 573 2032 4.
610 1961 1073 2048 Physicomm,
1117 1984 1263 2048 cap.
1301 1960 1383 2029 de
1422 1964 1585 2042 lucc,
1632 1969 1793 2028 text.

276 2075 373 2146 48.
392 2074 496 2148 ita
527 2075 734 2167 quod
767 2073 962 2147 illud
986 2073 1194 2168 quod
1227 2075 1407 2168 plus
1439 2072 1676 2147 habet
1708 2073 1801 2145 de

285 2193 470 2274 actu,
515 2191 782 2263 minus
842 2188 1079 2263 habet
1113 2191 1203 2264 de
1254 2189 1645 2283 potentia,
1720 2189 1800 2261 et

284 2327 320 2378 c
385 2307 854 2389 contrario;
963 2306 1172 2381 sicut
1244 2327 1444 2399 ergo
1531 2304 1802 2379 differt

164 2493 170 2501 .
286 2425 697 2498 actualitas
740 2423 976 2497 unius
1021 2423 1119 2496 ab
1158 2423 1640 2497 actualitate
1694 2421 1805 2494 al-

155 2779 182 2856 ι.

287 2539 544 2623 terius,
611 2539 730 2614 sic
797 2539 1049 2614 etiam
1119 2538 1490 2633 potentia
1553 2559 1602 2611 a
1675 2558 1805 2632 po-

286 2656 542 2729 tentia.

362 2772 674 2857 Quinto,
713 2773 1043 2847 ostendo
1086 2772 1294 2865 quod
1327 2772 1496 2846 haec
1532 2774 1807 2866 poten-

155 2853 253 2992 ξῖἶῖ
286 2889 390 2962 tia
425 2891 616 2965 facit
668 2890 1349 2985 compositionem
1395 2891 1475 2964 in
1537 2890 1803 2964 rebuS.

160 2989 187 3016 “’“
293 3005 546 3080 Primo
616 3005 734 3080 sic
813 3032 829 3077 ε

914 3009 1330 3080 ostensum
1390 3008 1513 3079 est
1604 3004 1810 3097 quod

291 3124 541 3200 omnia
598 3123 813 3200 citra
880 3123 1238 3218 primum
1295 3143 1437 3198 ens
1513 3121 1809 3195 habent

288 3245 538 3315 actum
605 3241 988 3335 potentiae
1054 3241 1531 3323 admixtum,
1624 3240 1814 3332 quia

286 3360 556 3433 cadunt
587 3360 685 3433 ab
742 3361 928 3432 actu
989 3359 1257 3453 primo
1309 3378 1457 3452 per
1514 3357 1813 3430 admix-

290 3473 577 3547 tionem
619 3473 1029 3569 potentiae,
1106 3477 1300 3548 tunc
1352 3474 1467 3547 sic
1505 3499 1521 3543 ε
1560 3474 1812 3547 Actus

289 3611 528 3682 purus
595 3590 792 3665 facit
869 3590 1530 3684 simplicitatem;
1612 3608 1812 3681 ergo

286 3712 505 3782 actus
550 3708 954 3785 admixtus
996 3709 1192 3784 facit
1237 3707 1810 3801 compositum.

368 3826 591 3909 Item,
687 3825 1196 3920 impossibile
1272 3824 1650 3916 estquod
1690 3822 1815 3895 de-

290 3940 382 4013 sit
432 3943 699 4036 prima
756 3941 973 4015 ratio
1034 3940 1662 4035 compositionis
1732 3938 1815 4011 in

288 4059 630 4143 entibus;
693 4078 883 4133 nam
953 4079 1099 4153 per·
1169 4058 1356 4132 illas
1418 4056 1811 4139 rationes,

292 4192 422 4263 per
478 4195 677 4270 quas
747 4195 879 4249 res
950 4176 1073 4248 est
1128 4172 1613 4267 composita,
1674 4172 1817 4245 im-

293 4291 656 4380 possibile
686 4293 810 4365 est
847 4290 1052 4383 quod
1076 4290 1234 4363 illae
1270 4289 1634 4364 rationes
1657 4307 1819 4360 non

297 4405 631 4481 efficiant
674 4408 1249 4501 compositum,
1288 4407 1359 4480 si
1387 4406 1813 4488 uniantur;

301 4525 497 4598 ratio
546 4529 822 4598 autem
864 4524 1484 4619 compositionis
1554 4524 1633 4597 in
1692 4543 1822 4596 en-

300 4639 494 4715 tibus
533 4645 655 4716 est
700 4642 918 4718 ratio
981 4644 1213 4716 actus
1255 4645 1336 4717 et
1406 4640 1817 4735 potentiae,

301 4775 690 4852 nunquam
722 4758 938 4832 enim
970 4779 1068 4831 ex
1102 4758 1472 4851 pluribus
1505 4757 1821 4830 actibus

304 4880 563 4963 posset
600 4874 782 4950 fieri
829 4895 1119 4958 unum;
1165 4894 1365 4966 ergo
1436 4874 1653 4948 ratio
1695 4894 1823 4947 ac-

300 4990 420 5062 tus
484 4997 563 5067 et
637 4991 1024 5087 potentiae
1111 4995 1300 5065 sunt
1358 4990 1823 5064 fundamen-

304 5108 485 5191 tum,
552 5113 631 5184 et
734 5108 998 5184 omnis
1095 5108 1310 5181 ratio
1425 5107 1824 5201 composi-

304 5220 574 5309 tionis;
663 5246 863 5321 ergo
946 5224 1453 5318 impossibile
1545 5228 1668 5298 est
1756 5224 1828 5297 si

306 5341 695 5428 uniantur,
771 5342 963 5437 quin
1047 5342 1351 5416 faciant
1431 5342 1830 5434 composi-

3314 392 3432 455 355

1993 559 2222 639 Item,
2269 559 2712 651 procedunt
2757 575 2804 629 a
2843 557 3011 630 Deo
3043 553 3445 634 essentiae,

1903 672 2113 745 sicut
2149 673 2247 746 ab
2283 674 2593 748 unitate
2627 673 2974 756 numeri,
3014 670 3449 745 secundum

1900 789 2391 883 Dionysium
2447 795 2468 817 *
2535 818 2549 862 ε

1902 1023 2099 1096 fluat
2196 1023 2296 1096 ab
2399 1024 2739 1107 unitate,
2833 1023 3026 1117 quin
3102 1022 3339 1098 cadat
3406 1042 3455 1095 a

1905 1137 2462 1231 simplicitate,
2517 1143 2595 1212 et
2639 1139 2995 1213 includat
3055 1137 3455 1231 composi-

1905 1258 2117 1338 tum,
2193 1254 2309 1329 sic
2369 1255 2871 1349 impossibile
2937 1259 3064 1330 est
3131 1253 3456 1348 aliquod

1906 1375 2279 1446 creatum
2317 1372 2688 1467 elongari
2722 1394 2770 1446 a
2803 1371 3097 1467 primo,
3132 1375 3212 1446 et
3246 1393 3456 1446 sum-

1910 1509 2037 1562 me
2079 1488 2433 1584 simplici
2493 1490 2685 1583 quin
2725 1490 2956 1563 cadat
3011 1488 3092 1562 in
3133 1507 3457 1583 compo-

1909 1605 2315 1679 sitionem.

2000 1724 2272 1805 Sexto,
2348 1724 2680 1796 ostendo
2743 1723 2949 1815 quod
3006 1722 3177 1796 haec
3242 1741 3456 1796 com-

1911 1953 2394 2046 inquantum
2480 1977 2647 2040 ens,
2722 1977 2883 2030 non
2977 1956 3459 2049 inquantum

1910 2069 2078 2143 tale
2108 2074 2260 2154 est,
2305 2073 2429 2144 est
2473 2070 3124 2145 indeterminata.
3182 2074 3460 2146 Osten-

1915 2206 2096 2260 sum
2167 2192 2291 2263 est
2351 2189 2559 2282 quod
2636 2192 2868 2261 actus
2943 2192 3026 2262 et
3095 2188 3464 2281 potentia

1914 2322 2079 2376 non
2139 2307 2569 2379 contracta
2608 2305 2705 2377 ad
2745 2305 3099 2399 aliquem
3160 2306 3462 2401 specia-

1915 2419 2077 2494 lem
2147 2422 2495 2506 modum,
2581 2427 2767 2496 sunt
2850 2423 3462 2498 fundamentum

1918 2538 2277 2632 primum
2313 2540 2574 2613 omnis
2617 2541 3241 2636 compositionis
3280 2566 3294 2609 :
3332 2542 3465 2615 sed

1920 2653 2003 2727 in
2035 2655 2392 2749 quolibet
2426 2675 2722 2748 genere
2757 2659 3112 2751 primum
3145 2659 3470 2752 inquan-

1921 2773 2095 2845 tum
2139 2771 2521 2865 primum,
2569 2774 2921 2849 maxime
2953 2779 3076 2850 est
3129 2775 3468 2850 indeter-

1924 2888 2366 2972 minatum;
2454 2911 2655 2982 ergo
2733 2891 2901 2966 haec
2978 2892 3468 2985 compositio

1925 3004 2281 3079 maxime
2330 3011 2455 3082 est
2501 3006 3149 3084 indeterminata.

2017 3123 2249 3205 Item,
2289 3123 2757 3216 proprietas
2799 3145 3298 3218 consequens
3329 3125 3473 3198 ali-

1926 3238 2137 3332 quid,
2192 3245 2318 3315 est
2365 3240 2723 3334 ejusdem
2791 3242 3244 3317 latitudinis
3284 3264 3470 3316 cum

1926 3375 2022 3428 eo
2093 3358 2302 3449 quod
2385 3359 2965 3452 consequitur:
3038 3360 3171 3432 sed
3256 3379 3473 3432 com-

1930 3473 2235 3564 positio
2313 3479 2545 3548 actus
2606 3479 2687 3549 et
2749 3476 3133 3569 potentia)
3199 3496 3474 3550 conse-

1930 3590 2213 3684 quitur
2264 3611 2498 3663 omne
2564 3612 2730 3673 ens,
2805 3592 3285 3684 inquantum
3347 3595 3472 3665 est

1929 3728 2071 3780 cns
2138 3712 2534 3790 creatum,
2607 3709 2771 3782 tale
2817 3713 3089 3783 autem
3132 3715 3256 3783 est
3313 3729 3473 3781 ma-

1928 3824 2172 3896 ximae
2214 3822 3032 3906 indeterminationis3
3070 3846 3268 3917 ergo
3303 3825 3471 3898 haec

1931 3939 2450 4033 compositio.

2023 4059 2255 4140 Item,
2295 4056 2581 4150 primae
2630 4058 3105 4133 differentia}
3166 4058 3245 4130 in
3288 4079 3473 4150 quo-

1932 4174 2126 4248 libet
2194 4192 2492 4265 genere
2544 4179 2732 4249 sunt
2777 4176 3153 4248 maximae
3219 4175 3476 4248 deter-

1936 4292 2436 4373 minationis,
2475 4296 2561 4365 ut
2621 4295 2846 4383 patet
2904 4294 2996 4365 de
3046 4313 3474 4386 corporeo,

1934 4417 2016 4487 et
2049 4411 2586 4505 incorporem
2635 4414 2768 4485 sed
2821 4418 3054 4488 actus
3096 4418 3176 4487 et
3212 4417 3485 4505 poten-

1935 4528 2055 4602 tia
2085 4522 2446 4602 dividunt
2489 4529 2895 4621 quodlibet
2935 4550 3188 4622 genus
3244 4528 3482 4610 entis,

1939 4645 2146 4738 quod
2229 4645 2546 4737 quidem
2621 4650 2746 4720 est
2826 4645 2943 4719 sic
3032 4645 3492 4737 intelligen-

1935 4763 2149 4844 dum,
2194 4765 2282 4834 ut
2325 4765 2555 4835 actus
2615 4761 2696 4833 in
2749 4761 3224 4854 quibusdam
3267 4761 3489 4835 illius

1939 4879 2291 4971 generis,
2352 4882 2433 4953 et
2496 4879 2861 4971 potentia
2921 4878 3001 4951 in
3041 4879 3252 4962 aliis,
3326 4878 3488 4952 imo

1941 4997 2023 5071 in
2075 4994 2459 5087 quolibet,
2521 4999 2648 5069 est
2688 4999 2922 5070 actus
2969 5000 3052 5070 et
3118 4997 3488 5089 potentia

1940 5111 2353 5205 permixta
2397 5138 2411 5182 :
2461 5112 2592 5183 sed
2643 5111 2917 5204 aliqua
2959 5111 3486 5205 plus-habent

1940 5228 2033 5300 de
2129 5231 2343 5308 actu,
2423 5231 2504 5301 et
2584 5226 2848 5299 minus
2924 5228 3016 5299 de
3090 5226 3479 5319 potentia,

1944 5342 2219 5435 aliqua
2251 5366 2292 5414 e
2326 5342 2750 5416 contrario
2797 5367 2813 5425 ;
2859 5361 3058 5434 ergo
3110 5341 3178 5414 si
3216 5340 3488 5414 omnia

308 5456 524 5529 tum:
571 5462 703 5535 sed
753 5460 1148 5534 uniuntur
1217 5459 1296 5531 in
1360 5458 1578 5532 omni
1646 5460 1833 5531 ente
1944 5458 2556 5533 communicant
2598 5459 3198 5552 adjunctionem
3258 5461 3490 5531 actus

313 5579 595 5661 creato,
633 5583 721 5653 ut
758 5581 1175 5651 ostensum
1215 5577 1377 5660 est;
1412 5596 1637 5669 erg0,
1673 5578 1827 5648 etc.

1946 5580 2030 5650 et
2090 5576 2500 5668 potentiae,
2547 5574 2758 5650 sicut
2823 5580 3127 5649 natura
3168 5572 3494 5677 generis

2626 791 2836 866 sicut
2895 810 3094 881 ergo
3157 789 3452 882 impos·
3528 809 3775 883 juad-

1904 907 2138 981 sibile
2200 910 2350 990 est,
2426 909 2631 1000 quod
2695 907 2991 1000 aliquis
3059 926 3449 980 numerus
3481 872 3795 990 Dss'ssffi‘fm'

3598 1748 3663 1800 20

1911 1838 2241 1932 positio,
2317 1861 2490 1934 quae
2559 1839 2930 1932 sequitur
2998 1859 3236 1914 omne
3284 1812 3780 1950 ens,3,'¹},‘{⁶.4‘0‘1“„'1

3605 1952 3704 1992 010.
