4252 6393
399 555 531 612 Vide
567 557 699 608 Sco-

425 628 533 673 tum
562 617 616 669 in
658 620 709 673 1.

398 687 470 748 d„
491 684 541 738 3.
609 721 621 734 .
655 682 709 736 6.

399 757 452 802 et
473 769 524 804 n.
622 786 634 797 .
666 752 718 798 et

452 815 506 865 in
533 813 589 868 4.
623 813 677 863 d.

433 878 512 930 10.
544 895 595 944 q.
625 878 679 931 3.

489 942 556 993 ad
582 945 638 997 3.

510 5007 588 5057 2⁴.

760 365 877 431 538
1909 373 2009 434 DE
2054 371 2322 437 RERUM
2364 370 2751 436 PRINCIPIO

827 530 992 604 Nec
1037 535 1386 624 oportet,
1436 534 1641 628 quod
1680 554 1865 608 cum
1911 532 2287 626 phantas2

745 666 874 719 ma
906 669 1084 720 esse
1132 648 1212 721 in
1256 649 1684 742 phantasia
1717 650 2045 731 desinit,¹
2084 651 2289 742 quod

745 766 1086 858 propter
1126 765 1276 840 hoc
1311 767 1616 859 species
1649 767 1959 839 desinat
1995 790 2172 840 csse
2207 768 2288 840 in

743 882 1160 957 intellectu
1220 885 1621 978 possibili,
1667 906 1848 959 cum
1895 886 1999 958 sit
2058 887 2285 959 locus

743 1001 1222 1093 specierum,
1267 1006 1344 1074 et
1391 1021 1534 1094 per
1574 1023 2075 1095 consequens
2108 1024 2286 1076 con-

743 1124 1124 1194 servator
1163 1139 1472 1191 carum.
1519 1121 1684 1192 Nec
1728 1123 2001 1193 tamen
2048 1140 2286 1212 opor-

740 1240 883 1320 tet,
932 1238 1137 1330 quod
1182 1240 1601 1310 remaneat
1649 1238 1726 1311 in
1770 1237 1909 1310 illa
1943 1237 2286 1311 actuali-

738 1356 909 1426 tate
950 1354 1032 1426 in
1103 1375 1258 1446 qua
1297 1360 1505 1437 erat,
1551 1353 1738 1426 dum
1782 1357 1962 1428 actu
2009 1359 2285 1428 actua-

741 1471 875 1543 bat
923 1469 1450 1545 intellectum.
1518 1473 1615 1543 Et
1661 1471 1834 1543 inde
1876 1475 2025 1553 est,
2080 1471 2286 1563 quod

741 1605 904 1659 non
956 1587 1223 1679 potest
1274 1606 1374 1658 ex
1420 1607 1504 1658 se
1553 1606 1950 1678 generare
2009 1588 2285 1658 actum

745 1700 1268 1793 intelligendi,
1304 1702 1462 1776 nisi
1507 1704 1806 1775 iterum
1857 1703 1995 1775 fiat
2042 1702 2284 1796 phan-

742 1824 1009 1893 tasma
1065 1818 1143 1891 in
1196 1819 1709 1912 phantasma,
1767 1823 1846 1892 et
1891 1818 2066 1912 ipsa
2118 1840 2285 1910 spe-

740 1936 901 2010 cies
938 1958 1084 2031 per
1123 1937 1583 2031 hujusmodi
1619 1937 2101 2031 phantasma
2146 1937 2285 2008 fiat

734 2053 910 2147 jam
951 2053 1033 2125 in
1073 2077 1208 2123 esse
1258 2053 1644 2148 perfecto.
1703 2054 1849 2127 Sed
1901 2052 1968 2124 si
2011 2051 2286 2124 anima

740 2171 1071 2245 haberet
1130 2196 1263 2241 esse
1314 2176 1812 2265 separatum,
1870 2175 1957 2245 ut
2011 2173 2283 2264 posset

740 2308 825 2360 se
908 2286 1162 2361 libere
1250 2309 1395 2382 per
1469 2288 1742 2362 lumen
1824 2287 2285 2361 intellectus

738 2404 1055 2496 agentis
1097 2408 1578 2481 convertere
1626 2425 1874 2498 supra
1930 2403 2284 2497 speciem

739 2518 1038 2612 absque
1106 2519 1701 2612 phantasmate,
1778 2523 2049 2613 posset
2114 2540 2284 2612 spe-

740 2636 904 2709 cies
940 2636 1160 2709 illius
1207 2636 1288 2710 in
1338 2637 1646 2713 virtute
1698 2637 1916 2710 illius
1959 2637 2283 2708 unionis

740 2773 1136 2845 generare
1208 2756 1479 2827 actum
1549 2752 2075 2843 intelligendi,
2139 2774 2283 2824 nec

738 2869 1012 2942 anima
1046 2872 1427 2963 separata
1471 2868 1890 2960 indigeret,
1940 2869 2147 2961 quod
2189 2867 2283 2938 ad

741 2986 1227 3079 phantasma
1323 2988 1972 3060 converteretur.
2074 2988 2281 3056 Prae·

737 3103 952 3177 dicta
1011 3107 1281 3177 tamen
1347 3103 1870 3194 intelligenda
1941 3106 2125 3175 sunt
2192 3103 2281 3173 de

740 3220 907 3303 his,
1009 3241 1183 3314 quae
1297 3225 1691 3312 generant
1791 3221 2101 3315 species
2201 3222 2281 3293 in

740 3337 1345 3432 phantasmate,
1421 3358 1557 3408 seu
1654 3337 1734 3409 in
1814 3338 2282 3429 imaginati-

736 3477 863 3541 va‚
932 3476 1117 3529 cum
1177 3459 1451 3529 tenere
1493 3455 1762 3535 liceat.
1810 3459 2016 3548 quod
2066 3457 2281 3531 habi·

737 3576 870 3647 tus
907 3570 1151 3644 infusi
1185 3593 1319 3645 seu
1358 3570 1534 3665 ipsa
1595 3572 1894 3654 anima,
1943 3579 2022 3647 et
2065 3574 2283 3646 simi·

736 3690 848 3762 lia
893 3710 1039 3783 per
1088 3689 1574 3783 phantasma
1614 3709 1775 3761 non
1831 3690 2282 3780 intelligan-

739 3811 901 3882 tur.
968 3805 1352 3888 Quamvis
1412 3804 1665 3898 aIIqui
1724 3805 2015 3887 dicant,
2077 3809 2284 3899 quod

739 3923 1108 4018 quamvis
1156 3942 1319 3995 non
1372 3925 1767 4014 generant
1810 3922 2158 4015 speciem
2205 3922 2283 3994 in

738 4041 1308 4135 phantasmate
1365 4039 1456 4112 de
1514 4060 1621 4121 se,
1678 4061 1815 4111 seu
1870 4040 1950 4111 in
2002 4040 2284 4127 imagi-

737 4158 1091 4238 natione,
1172 4161 1442 4231 tamen
1497 4155 1683 4248 quia
1735 4176 1893 4228 non
1946 4176 2282 4246 cognos-

737 4275 1037 4349 cuntur
1087 4274 1487 4355 intuitive,
1555 4274 1687 4345 sed
1743 4294 1884 4366 per
1926 4296 2116 4345 suos
2161 4294 2285 4345 ac-

735 4393 895 4471 tus,
963 4388 1097 4482 qui
1158 4388 1451 4463 habent
1508 4390 1855 4483 speciem
1913 4389 1989 4460 in
2047 4389 2285 4482 phan-

736 4510 1126 4588 tasmate,
1166 4507 1336 4579 ideo
1370 4506 1622 4579 adhuc
1668 4504 1866 4580 talia
1900 4528 2058 4579 non
2101 4530 2284 4599 cog·-

739 4628 1194 4699 noscuntur
1287 4623 1460 4698 sine
1559 4625 2090 4697 conversione
2192 4628 2284 4697 ad

738 4742 1339 4835 phantasmata.
1407 4740 1552 4815 Sed
1603 4741 1753 4814 hoc
1808 4762 1965 4814 non
2017 4747 2142 4817 est
2192 4744 2287 4815 ad

740 4859 1285 4952 propositum,
1334 4858 1505 4931 ideo
1552 4858 2013 4932 omittatur.

831 4977 1158 5060 Quando
1195 4975 1390 5050 dicit
1451 4974 1777 5067 positio,
1825 4976 2029 5066 quod
2073 4977 2286 5051 sicut

735 5096 1081 5185 sinqulare
1110 5095 1304 5162 addit
1335 5096 1634 5181 aliquam
1666 5094 2288 5162 determinalionem

734 5236 941 5301 supra
970 5212 1374 5289 universale,
1415 5213 1564 5281 ete.
1605 5209 1807 5279 satis
1855 5213 2072 5301 patet
2130 5232 2290 5282 res-

745 5328 1029 5423 ponsio
1111 5327 1189 5398 in
1267 5326 1747 5418 prmcedcnti
1813 5327 2282 5417 quaestione.

741 5448 1024 5522 Posset
1060 5443 1272 5516 enim
1305 5442 1485 5523 dici,
1527 5444 1729 5533 quod
1768 5444 1978 5517 sicut
2011 5447 2285 5520 eadem

743 5586 873 5638 res
944 5566 1068 5634 est
1131 5561 1400 5641 homo,
1469 5564 1547 5633 ct
1606 5559 1731 5633 hic
1799 5561 2065 5641 homo,
2147 5583 2289 5635 nec

2403 534 2618 606 ratio
2661 533 2901 627 hujus
2946 532 3299 607 hominis
3333 531 3662 626 impedit
3698 533 3903 607 ratio-

2396 671 2580 724 nem
2605 650 2957 724 hominis
2994 676 3007 719 :
3046 651 3160 724 sic
3194 671 3335 723 nec
3369 650 3676 742 species
3706 649 3909 741 hujus

2398 766 2793 849 hominis,
2870 790 3005 840 seu
3075 767 3645 840 determinatio
3724 766 3907 839 facta

2401 905 2546 978 per
2588 886 2835 959 talem
2882 886 3256 978 speciem,
3306 884 3384 955 in
3429 884 3651 955 nullo
3695 883 3909 976 impe·

2398 1001 2511 1074 dit
2600 1003 3148 1094 receptionem
3227 1000 3523 1094 speciei
3564 998 3908 1081 hominis,

2403 1119 2565 1191 imo
2610 1118 2939 1191 inducit.
2991 1117 3288 1192 Dicunt
3346 1117 3593 1190 etiam
3659 1115 3902 1207 aliqui,

2401 1235 2605 1326 quod
2646 1236 2913 1310 virtus
2969 1236 3465 1309 intellectiva
3515 1255 3675 1307 non
3714 1234 3909 1309 debet

2398 1351 2753 1443 cogitari
2804 1353 3104 1446 aliquid
3161 1350 3643 1425 indivisibile
3697 1351 3768 1422 in
3804 1371 3909 1422 re-

2397 1470 2789 1563 cipiend0‚
2858 1471 2991 1544 sed
3031 1471 3269 1545 habet
3302 1468 3730 1563 quamdam
3757 1466 3911 1540 lati-

2395 1587 2755 1662 tudinem
2798 1588 3267 1672 virtualem,
3318 1592 3406 1661 ut
3449 1585 3661 1659 sicut
3715 1584 3789 1657 in
3821 1583 3912 1657 di·

2395 1704 2661 1778 versis
2699 1705 3066 1798 partibus
3100 1725 3277 1777 esse
3310 1705 3667 1796 possent,
3701 1702 3774 1774 et
3806 1721 3911 1773 re·

2400 1822 2562 1915 cipi
2616 1822 2956 1895 diversae
3017 1819 3629 1914 impressiones,
3687 1817 3793 1892 sic
3846 1817 3914 1889 in

2400 1938 2815 2012 intellectu
2902 1936 3266 2032 possibili
3348 1940 3682 2028 possent
3760 1954 3914 2007 esse

2397 2055 2738 2127 diversa)
2797 2053 3404 2147 impressiones.
3466 2052 3611 2124 Vel
3674 2054 3916 2144 potest

2397 2171 2575 2253 dici,
2634 2173 2840 2264 quod
2890 2171 3101 2246 sicut
3143 2168 3451 2263 species
3495 2168 3658 2241 albi
3709 2170 3785 2242 et
3819 2165 3916 2238 ni·

2400 2289 2527 2381 gri
2600 2291 2938 2382 possunt
3001 2288 3244 2361 simul
3303 2308 3481 2359 esse
3542 2287 3624 2358 in
3666 2284 3916 2357 eadem

2400 2410 2678 2499 partes
2738 2406 2956 2478 aeris
3015 2409 3355 2497 propter
3404 2400 3918 2496 spiritualita-

2396 2524 2561 2594 tem
2633 2549 2648 2592 :
2726 2522 2839 2595 8ἰο
2908 2524 2986 2594 et
3060 2521 3314 2593 multo
3391 2520 3695 2594 fortius
3766 2518 3917 2591 duae

2400 2640 2707 2731 species
2759 2638 3373 2712 contrariorum
3432 2635 3918 2709 sensibilium

2399 2756 3030 2850 particularium
3081 2759 3160 2828 et
3207 2752 3795 2827 universalium
3835 2750 3920 2823 si·

2400 2874 2562 2944 mul
2616 2877 2803 2947 sunt
2854 2873 2934 2944 in
2983 2872 3258 2944 eadem
3311 2874 3545 2963 parte
3588 2868 3921 2944 intellec-

2398 2990 2590 3071 tiva,
2654 3010 2813 3061 non
2863 2990 3038 3062 dico
3086 2989 3163 3061 in
3227 2988 3524 3060 animae
3583 2985 3924 3060 intellec·

2394 3106 2642 3180 tione.

2485 3227 2677 3297 Duae
2715 3225 3074 3295 rationes
3125 3223 3409 3315 primae
3452 3221 3695 3314 hujus
3742 3220 4140 3314 posi-aereum

2396 3340 2644 3413 tionis
2724 3339 3109 3412 facillime
3188 3340 3649 3413 solvuntur.
3724 3312 4140 3422 Quodffiffi

2394 3457 2606 3530 enim
2638 3456 2962 3538 dicitur,
3004 3457 3210 3549 quod
3248 3457 3522 3528 eadem
3554 3458 3685 3529 est
3728 3442 4140 3544 ratio‘ffig'ssssssfi

2396 3576 2929 3666 intelligentis
2986 3579 3065 3647 et
3127 3573 3697 3665 intelligibilis,
3764 3555 4133 3665 'quaepmacm

2396 3692 2703 3765 sciIIcct
2764 3695 2889 3765 est
2950 3690 3366 3784 separatio
3411 3711 3459 3763 a
3514 3690 3865 3765 materia
3912 3711 3926 3768 ;

2394 3831 2592 3901 ergo
2636 3830 2818 3883 cum
2865 3810 3323 3884 intellectus
3365 3809 3455 3882 de
3508 3830 3593 3881 se
3645 3807 3932 3900 absque

2396 3927 2950 4000 abstractione
3010 3925 3300 3999 habeat
3362 3924 3775 3999 rationem
3835 3921 3934 3994 in-

2394 4043 2872 4135 telligibilis,
2921 4043 3221 4135 absque
3263 4041 3669 4116 additione
3714 4038 3932 4111 habe·

2394 4161 2510 4235 bit
2555 4161 2958 4234 rationem
2995 4158 3550 4249 intelligentiS.

2506 4275 2979 4369 Respondeo
3054 4299 3067 4344 :
3143 4279 3410 4367 potest
3476 4274 3662 4356 dici,
3739 4270 4140 4389 quodaesponff

2401 4397 2615 4470 ratio
2712 4396 3107 4469 modicam
3211 4395 3444 4467 habet
3541 4363 4137 4488 a.pparen·,‚r²1⁸i22ss‹

2399 4514 2597 4587 tiam
2663 4537 2676 4581 ε
2741 4532 2902 4583 non
2960 4510 3174 4583 enim
3232 4511 3507 4583 eodem
3567 4516 3698 4584 est
3759 4512 3936 4581 actu
3961 4472 4137 4530 '‘mm‘'

2400 4629 2801 4710 sensibile,
2855 4631 2995 4701 aut
3045 4625 3419 4719 quidquid
3460 4628 3652 4698 actu
3707 4622 3937 4698 senti·

2402 4750 2565 4825 tur,
2619 4747 2803 4817 actu
2863 4743 3111 4817 sentit
3185 4745 3326 4816 aut
3364 4745 3488 4815 est
3532 4742 3935 4819 sentiens;

2400 4882 2598 4949 ergo
2662 4881 2707 4931 a
2780 4858 3055 4942 simili,
3119 4879 3271 4930 —nec
3342 4857 3471 4930 hic
3543 4858 3940 4952 sequitur.

2399 4977 2689 5051 Deficit
2740 4977 2989 5049 etiam
3046 4975 3286 5067 ratio,
3339 4973 3526 5065 quia
3575 4972 3943 5065 quamvis

2400 5093 2836 5174 diceretur,
2913 5090 3118 5183 quod
3193 5089 3655 5162 intellectus
3715 5091 3808 5162 de
3870 5110 3947 5160 se

2403 5209 2665 5292 habet,
2719 5209 2920 5301 quod
2965 5207 3226 5301 possit
3275 5206 3741 5297 intelligere
3784 5207 3946 5278 abs-

2405 5350 2554 5420 quo
2615 5327 2905 5407 addito,
2987 5331 3065 5399 ot
3137 5325 3249 5398 sic
3319 5345 3478 5397 non
3548 5324 3946 5414 indigeret

2406 5445 2667 5538 specie
2728 5466 2825 5516 ex
2872 5445 3102 5535 parte
3156 5442 3304 5521 sui,
3356 5440 3608 5513 adhuc
3676 5447 3944 5515 tamen

2405 5563 2801 5651 indigeret
2900 5559 3217 5632 ratione
3338 5556 3661 5649 objecti,
3745 5558 3944 5649 quod
