4252 6393
142 1542 202 1591 ,ld
219 1540 276 1593 lo.

78 3159 87 3203 ἰ
176 3205 237 3255 32.

1767 434 2129 514 QUAES'rlo
2177 436 2256 499 XI

356 605 551 696 quod
616 603 998 677 voluntas
1058 607 1179 673 est
1252 602 1887 674 instrumentum

355 743 427 792 se
490 722 760 813 ipsum
806 738 1166 801 movens,
1222 719 1423 791 idem
1469 722 1591 789 est
1640 737 1887 804 agens

351 842 421 908 et
500 836 843 929 patiens,
962 835 1095 905 sed
1188 856 1347 905 non
1459 833 1888 904 secundum

353 952 548 1024 idem
597 976 611 1020 ε
662 952 773 1023 ita
824 950 901 1022 in
967 951 1420 1043 proposito,
1486 953 1716 1021 actus
1780 948 1889 1018 in-

352 1069 761 1160 telligendi
835 1067 1279 1159 subjective
1361 1073 1486 1140 est
1566 1066 1646 1137 in
1719 1064 1890 1135 sub-

352 1187 655 1260 stantia
679 1186 997 1266 ammte,
1023 1185 1245 1257 etsie
1270 1185 1539 1255 anima
1572 1183 1893 1273 inquan-

350 1306 517 1374 tum
581 1301 1039 1374 substantia
1126 1305 1249 1372 cst
1322 1299 1662 1392 patienS,
1769 1301 1892 1369 est

352 1438 543 1489 vero
588 1436 862 1506 agens,
901 1419 985 1487 ut
1030 1419 1151 1487 est
1199 1415 1586 1507 potentia.

432 1535 550 1605 Ad
614 1532 1040 1613 decimum,
1114 1532 1285 1624 jam
1354 1535 1475 1602 est
1562 1529 1889 1610 dictum,

354 1651 555 1743 quod
622 1649 1037 1723 distinctio
1116 1668 1257 1740 per
1344 1666 1743 1738 organum
1816 1648 1894 1716 et

354 1788 507 1840 non
553 1786 983 1858 organum,
1039 1765 1167 1836 vel
1214 1763 1376 1836 alio
1431 1763 1690 1843 modo,
1737 1783 1896 1833 non

354 1888 622 1976 potest
657 1882 916 1975 accipi
952 1902 1094 1974 per
1137 1879 1677 1951 substantiam
1731 1879 1896 1950 ani-

358 2020 497 2071 mae
534 1999 902 2092 praecise,
951 1997 1083 2068 sed
1123 2002 1206 2068 ut
1241 2001 1366 2069 est
1400 1996 1701 2066 habens
1742 2014 1898 2065 res-

358 2121 673 2208 pectum
716 2116 812 2187 ad
852 2115 1218 2186 diversas
1257 2112 1803 2204 operationes.

685 2446 935 2503 ARTIC.
1014 2446 1112 2500 111.
1192 2445 1396 2501 SECT.
1477 2445 1569 2500 lv.

362 2623 808 2711 Respmtdetur
838 2622 929 2687 ad
949 2634 1340 2709 armamenta
1370 2623 1589 2707 posita
1614 2623 1685 2685 in
1712 2623 1900 2706 prin·

441 2745 619 2827 cipio
668 2743 866 2827 hujus
913 2739 1218 2817 articuli,
1274 2760 1417 2825 qua:
1456 2739 1740 2823 probant
1785 2759 1903 2824 po-

446 2861 689 2925 tentius
719 2861 967 2924 animm
1006 2879 1138 2923 esse
1166 2856 1540 2922 accidentia
1560 2856 1642 2921 ab
1671 2857 1903 2921 anima

443 2974 739 3040 absolu-le
777 2973 1118 3039 discincta.

452 3170 566 3241 Ex
604 3168 1017 3262 praedictis
1054 3172 1277 3259 patet
1311 3169 1719 3258 quartum,
1760 3167 1905 3239 sci-

2003 599 2237 669 modo
2306 617 2552 689 agere
2615 617 2757 690 per
2809 598 3249 670 essentiam
3320 598 3547 689 ponit

2004 715 2482 807 potentiam,
2532 735 2705 806 quae
2759 715 2866 789 sit
2923 715 3142 787 reale
3203 714 3549 787 medium

2005 832 2223 904 inter
2307 832 2716 905 actionem
2805 835 2884 904 et
2974 830 3543 910 substantiam,

2006 967 2148 1019 nec
2203 948 2429 1040 ponit
2481 949 2685 1039 quod
2740 951 3128 1021 creatura
3169 951 3363 1038 agat
3406 967 3550 1039 per

2005 1064 2474 1146 essentiam,
2527 1064 2741 1138 sicut
2773 1068 3014 1137 Deus.

3458 434 3581 499 479

2097 1182 2210 1252 Ad
2245 1181 2513 1253 simile
2562 1183 2654 1255 de
2707 1181 2889 1272 igne
2930 1182 3131 1264 dic0,
3181 1181 3387 1273 quod
3425 1202 3554 1252 ve·
3584 1198 3671 1249 Ad
3708 1208 3902 1248 secun-

2010 1317 2190 1368 rum
2251 1302 2401 1379 est,
2461 1298 2666 1389 quod
2709 1299 2921 1389 ignis
2972 1298 3144 1389 agit
3191 1299 3550 1389 aliquam

2008 1416 2415 1488 actionem
2479 1436 2621 1507 per
2681 1437 2789 1496 se,
2855 1419 2939 1487 ut
3000 1420 3339 1507 generat
3394 1412 3553 1487 sor-

2011 1552 2224 1603 mam
2296 1533 2923 1606 substantialem
3003 1534 3084 1606 in
3153 1533 3551 1615 materia:

2009 1649 2179 1738 agit
2229 1655 2502 1722 autem
2554 1651 2915 1742 aliquam
2969 1650 3400 1732 actionem,
3470 1653 3559 1722 ut

2010 1765 2658 1849 calefactionem,
2743 1787 2886 1858 per
2960 1767 3283 1859 aliquod
3362 1766 3566 1838 acci-

2010 1881 2200 1952 dens
2249 1883 2622 1963 medium,
2673 1883 2984 1956 scilicet
3029 1904 3173 1977 per
3203 1882 3563 1956 calidita-

2014 2005 2200 2073 tem.
2247 2001 2369 2071 Ita
2399 1999 2603 2079 dico,
2643 2002 2850 2090 quod
2883 2001 3154 2072 anima
3183 2000 3564 2093 proprias

2014 2116 2379 2187 actiones
2413 2117 2586 2206 agit
2622 2136 2766 2209 per
2808 2139 2916 2200 se,
2955 2120 3034 2189 et
3067 2117 3383 2209 aliquas
3419 2135 3566 2209 per

2014 2231 2383 2303 accidens
2461 2232 2809 2303 medium
2872 2233 3085 2306 sicut
3132 2236 3321 2306 sunt
3378 2253 3563 2324 ope-

2018 2343 2407 2424 rationes,
2459 2364 2632 2435 quae
2664 2344 3109 2417 eliciuntur
3152 2365 3297 2437 per
3344 2344 3561 2416 habi-

2014 2463 2173 2542 1113,
2240 2462 2323 2532 111
2386 2461 3084 2553 supernaturales,
3137 2461 3266 2533 vel
3312 2481 3561 2553 opera

2018 2576 2474 2649 meritoria.

3666 1261 3790 1310 dum
3803 1295 3814 1309 .

2105 2694 2219 2765 Ad
2291 2694 2722 2775 rationem,
2794 2695 2999 2785 quod
3049 2714 3210 2765 non
3265 2698 3391 2768 est
3449 2695 3561 2768 in·
3643 2725 3861 2776 state...

2017 2811 2532 2892 conveniens,
2581 2811 2786 2883 idem
2830 2811 3267 2883 secundum
3309 2812 3562 2885 (liver-

2020 2947 2153 2998 sas
2195 2928 2558 3001 rationes
2618 2932 2695 3000 et
2739 2929 3405 3020 comparationes
3447 2950 3561 3001 cs-

2023 3068 2105 3118 se
2168 3046 2245 3117 in
2297 3045 2643 3117 diversis
2716 3046 3405 3128 Praedicamentis,
3467 3068 3564 3120 eo

2023 3162 2229 3254 quod
2339 3153 2702 3237 rationes
2812 3163 3567 3255 praedicamentales

78 3294 85 3303 '
134 3270 304 3381 ‘Jfflssi'
366 3285 548 3360 licet
617 3285 920 3357 solutio
995 3284 1490 3355 relationum
1560 3284 1904 3356 alterius
2020 3300 2180 3351 non
2233 3300 2557 3370 semper
2599 3283 3063 3361 sumuntur,
3118 3281 3245 3352 vel
3292 3281 3572 3353 distin-

104 3388 327 3451 Dupliciter

78 3480 87 3505 .
137 3455 287 3503 dicitur

74 3514 91 3575 ι’
108 3528 211 3574 ⁸902
228 3534 311 3591 per

74 3590 85 3643 ζ
106 3588 334 3634 cesennam.

366 3398 823 3490 positionis.
861 3401 1060 3471 Cum
1092 3398 1306 3469 enim
1340 3398 1661 3475 (licitur,
1700 3398 1905 3489 quod

366 3517 584 3587 solus
617 3518 831 3587 Deus
867 3520 991 3587 est
1025 3533 1273 3603 agens
1301 3514 1905 3606 peresscntiam

366 3634 795 3705 secundum
858 3633 1378 3712 Avicennam,
1456 3633 1634 3704 (lico
1705 3633 1908 3724 quod

366 3751 922 3841 aequivocatul'
1010 3773 1207 3838 ayere
1300 3772 1422 3836 per
1532 3753 1899 3831 essentiam,

371 3866 553 3956 quia
585 3864 1021 3938 secundum
1060 3863 1263 3954 quod
1297 3865 1677 3936 convenit
1712 3866 1904 3947 Deo,

371 3985 491 4053 est
557 3982 762 4052 idem
834 3980 1040 4072 quod
1122 4000 1266 4050 sua
1353 3981 1748 4061 essentia,
1822 3981 1908 4051 fit

375 4097 578 4167 cnim
630 4115 879 4166 causa
931 4093 1212 4166 totalis
1273 4095 1573 4185 absque
1635 4094 1907 4185 aliquo

376 4210 856 4284 adminiculo
927 4210 1302 4290 actionis,
1414 4214 1601 4301 quia
1697 4213 1910 4283 Deus

377 4344 511 4397 nec
550 4326 923 4405 materia,
982 4344 1124 4395 nec
1169 4323 1907 4414 approximatione,

375 4462 510 4513 nec
549 4443 819 4533 aliquo
860 4441 1276 4530 (breviter)
1308 4446 1490 4531 eget
1542 4442 1621 4512 in
1657 4443 1912 4515 actio-

381 4580 471 4630 ne
501 4582 641 4632 sua
677 4586 689 4628 :
737 4564 818 4633 et
862 4559 1019 4631 isto
1067 4560 1298 4630 modo
1333 4577 1492 4629 non
1534 4559 1913 4631 convenit

380 4680 791 4758 creaturae,
849 4676 1038 4768 quia
1092 4679 1282 4747 tunc
1336 4680 1610 4766 posset
1665 4696 1913 4765 agere

380 4791 465 4862 ‹le
524 4793 798 4865 nihilo.
872 4792 1054 4864 Alio
1121 4792 1353 4863 modo
1407 4792 1707 4864 dicitur
1768 4792 1915 4862 ali-

384 4910 549 4998 quid
601 4934 798 5000 090νο
849 4934 972 4998 per
1027 4912 1381 4977 essentiam
1439 4933 1653 4989 suam,
1725 4907 1913 4999 quia

386 5024 699 5098 realiter
741 5024 1096 5097 essentia
1154 5026 1275 5095 est
1323 5024 1540 5105 illud,
1586 5044 1741 5114 quo
1791 5043 1915 5094 ac-

386 5142 502 5210 tus
532 5143 877 5222 elicitur,
917 5142 1219 5233 absque
1254 5142 1527 5231 aliquo
1576 5139 1739 5211 alio
1792 5160 1913 5209 su-

392 5256 809 5340 peraddito.
888 5257 1033 5329 Sed
1105 5255 1219 5327 sic
1291 5276 1538 5346 agens
1610 5253 1912 5343 indiget

393 5369 1039 5454 adhuc-materia,
1096 5373 1219 5444 vel
1271 5370 1913 5465 approximatio·

394 5504 479 5555 ne
526 5491 643 5560 sui
693 5491 789 5562 ad
833 5491 1293 5573 materiam,
1353 5493 1430 5561 et
1470 5489 1687 5561 ultra
1723 5487 1913 5559 indi-

401 5605 513 5690 get
552 5610 758 5688 actu,
798 5606 930 5696 qui
965 5606 1062 5678 ab
1092 5628 1188 5678 co
1222 5606 1515 5680 differt.
1553 5608 1716 5677 Nec
1753 5606 1911 5678 isto

2023 3401 2387 3486 guuntur
2431 3419 2574 3489 per
2618 3418 2750 3468 res
2793 3398 3239 3479 absolutas,
3307 3402 3396 3472 ut
3438 3418 3569 3490 pa-

2025 3516 2175 3591 ter,
2244 3512 2315 3583 id
2367 3512 2572 3603 quod
2634 3514 2757 3584 cst
2820 3516 3055 3604 pater
3137 3512 3215 3584 111
3278 3533 3575 3605 genere

2025 3629 2543 3711 Substantiae,
2605 3629 2849 3702 sedin
2885 3634 3276 3721 quantum
3332 3634 3567 3722 pater

2027 3748 2105 3819 in
2177 3767 2472 3838 genere
2541 3747 3025 3821 Relationis.
3093 3750 3222 3822 Sic
3298 3748 3572 3822 anima

2027 3863 2507 3954 inquantum
2550 3862 2824 3935 anima
2854 3868 2980 3937 est
3030 3883 3326 3955 genere
3379 3865 3572 3939 Sub-

2027 3981 2378 4062 stantiae,
2420 3981 2900 4071 inquantum
2930 3981 3295 4073 potentia
3325 3986 3450 4055 cst
3493 3981 3571 4053 in

2028 4115 2325 4188 genere
2371 4097 2856 4170 Relationis.

2115 4214 2337 4294 Quod
2385 4212 2707 4294 dicitur,
2768 4215 2974 4304 quod
3035 4213 3400 4306 potentia
3449 4217 3574 4287 est

2030 4330 2110 4400 in
2139 4349 2436 4419 genere
2469 4328 2934 4411 Qualitatis‚
2970 4329 3173 4411 (lico,
3222 4329 3431 4420 quod
3468 4329 3574 4401 ibi

2030 4444 2434 4534 accipitur
2495 4446 2799 4531 potentia
2852 4463 3000 4535 pro
3071 4443 3416 4516 faciente
3491 4447 3570 4516 et

2029 4559 2506 4650 aptitudine,
2560 4558 2990 4631 secundum
3034 4561 3240 4651 quod
3283 4560 3579 4651 aliquis

2026 4674 2327 4746 dicitur
2402 4695 2697 4746 cursor
2753 4676 2879 4747 vel
2941 4676 3416 4767 pugillator,
3501 4679 3579 4747 et

2032 4790 2191 4862 illae
2272 4791 2766 4883 aptitudines
2859 4794 3045 4864 sunt
3133 4793 3214 4865 in
3283 4812 3580 4883 genere

2030 4906 2499 4988 Qualitatis,
2544 4907 2671 4978 vel
2739 4908 3104 4999 potentia
3165 4928 3312 5000 per
3365 4909 3576 4981 illas.

3661 2791 3821 2841 tium.

3722 4237 3808 4293 33.

2119 5021 2234 5093 Ad
2276 5021 2515 5104 aliud,
2554 5022 2760 5114 quod
2796 5022 3161 5114 potentia
3221 5025 3299 5095 ct
3341 5026 3574 5098 actus
3610 5035 3698 5087 Λα
3725 5048 3900 5098 quar·

2029 5137 2391 5210 dividunt
2454 5158 2687 5209 omne
2747 5157 3026 5229 genuS,
3104 5140 3305 5222 dico,
3373 5141 3578 5231 quod

2029 5256 2596 5344 aequivocatur
2655 5260 2981 5344 potentia.
3069 5258 3375 5329 Verum
3457 5261 3583 5331 est

2028 5370 2271 5452 enim,
2332 5372 2537 5462 quod
2583 5372 2944 5464 potentia
2984 5372 3062 5442 et
3105 5376 3334 5445 actus
3384 5374 3585 5446 divi-

2027 5488 2220 5560 dunt
2257 5489 2933 5580 quodlibetgenus
2965 5489 3198 5571 entis,
3228 5492 3306 5562 et
3333 5491 3581 5562 etiam

2029 5605 2470 5696 quamlibet
2522 5606 2897 5698 speciem,
2959 5608 3037 5678 et
3083 5610 3275 5680 tunc
3311 5610 3579 5682 totum

3685 5106 3828 5149 tum.
