4252 6393
394 1939 482 1990 Ad
504 1953 682 2004 quar-

461 2011 591 2053 Iam.

378 3814 466 3864 Aa
492 3811 651 3876 quin-

451 3885 582 3925 tam.

746 362 867 427 482

729 522 917 614 quia
953 523 1385 596 secundum
1416 522 1660 614 [quod
1719 527 2105 596 creatura
2147 527 2272 598 est

728 641 992 732 magis
1027 641 1346 722 nobilis,
1414 641 1689 734 plures
1746 642 2043 732 gradus
2098 662 2269 734 per-

724 756 1101 831 fectionis
1142 757 1220 828 in
1272 757 1544 828 eadem
1591 778 1675 828 re
1717 761 2078 848 generat,
2147 757 2272 829 vel

719 878 1152 965 aggregat,
1209 874 1419 947 sicut
1454 878 1678 967 patet
1710 856 1800 946 de
1835 877 2122 964 agente
2149 895 2271 945 su-

724 990 1036 1083 periori
1065 994 1435 1083 respectu
1473 989 1893 1062 inferioris
1929 1017 1943 1060 :
1978 994 2059 1063 et
2084 991 2272 1081 quia

722 1105 948 1179 nulla
988 1111 1111 1180 θεῖ
1155 1106 1233 1178 in
1280 1106 1567 1179 ultimo
1610 1106 1863 1197 gradu
1899 1106 2271 1179 nobilita·

721 1223 857 1304 tis,
914 1222 1063 1296 hoc
1112 1223 1325 1296 enim
1386 1224 1641 1297 solius
1691 1223 1837 1297 Dei
1869 1226 2018 1306 est,
2094 1224 2270 1296 ideo

721 1340 803 1413 in
836 1339 1057 1413 nulla
1091 1346 1429 1435 possunt
1461 1363 1638 1414 θεεθ
1666 1362 1943 1415 omnes
1970 1342 2270 1434 gradus
2345 1401 2353 1412 .

722 1457 1250 1552 perfectionis
1315 1459 1517 1531 idem
1590 1479 1702 1541 re,
1770 1459 1900 1532 sed
1961 1459 2041 1531 in
2092 1460 2268 1533 solo

718 1577 927 1657 Deo;
990 1575 1130 1648 illa
1161 1575 1409 1650 etiam
1444 1575 1823 1650 identitas
1865 1582 2268 1651 creaturae

718 1696 843 1766 est
933 1691 1505 1785 multipliciter
1597 1694 2068 1786 dependens,
2179 1698 2268 1768 ut

716 1809 903 1882 dixi.

804 1926 1024 2008 Quod
1066 1929 1361 2018 quarto
1385 1925 1711 2008 dicitur,
1752 1927 1959 2017 quod
1994 1928 2062 1999 si
2103 1947 2264 1998 non

711 2041 1157 2123 differrent,
1184 2046 1337 2115 otc.
1364 2062 1523 2114 non
1547 2042 1800 2124 vich,
1841 2042 2048 2134 quod
2086 2063 2265 2135 ope-

716 2161 953 2230 ratur
1020 2156 1465 2230 similitudo
1528 2161 1608 2230 et
1657 2156 2257 2239 dissimilitudo,

714 2294 887 2366 quae
931 2276 1117 2344 sunt
1149 2274 1321 2344 duae
1358 2274 1722 2347 rationes
1764 2299 1778 2342 :
1826 2275 2013 2365 quia
2058 2274 2260 2345 rela-

712 2391 975 2465 tiones
1032 2392 1289 2464 rcalcs
1331 2390 1679 2466 fundatzc
1731 2393 1811 2464 in
1843 2394 2116 2464 cadom
2152 2392 2256 2464 al-

708 2504 987 2576 bedine
1052 2526 1213 2577 non
1302 2505 1610 2580 faciunt
1705 2505 2258 2598 compositum

713 2622 932 2694 rcale
973 2644 1158 2694 cum
1220 2623 1605 2703 albedine,
1659 2645 1804 2697 nec
1868 2623 2083 2696 inter
2144 2645 2253 2704 se,

708 2744 1094 2813 ettamen
1137 2740 1581 2815 similitudo
1632 2745 1713 2814 et
1756 2741 2259 2816 dissimilitu-

707 2858 805 2930 do
856 2858 1147 2951 rccipit
1203 2857 1463 2949 magis
1515 2862 1593 2931 et
1656 2857 1922 2930 minus
1986 2857 2065 2928 in
2123 2877 2256 2929 na-

707 2980 898 3049 tura
977 2995 1147 3056 sua,
1210 2975 1642 3047 secundum
1722 2975 1923 3066 quod
1988 2973 2256 3046 funda-

709 3096 1096 3174 mentum,
1163 3091 1475 3165 scilicet
1552 3090 1829 3164 albedo
1913 3090 2257 3183 suscipit

706 3207 969 3301 magis
1015 3214 1094 3283 et
1137 3209 1429 3281 minuS.
1481 3213 1605 3283 Ita
1664 3209 1743 3281 in
1800 3210 2252 3302 proposito,

700 3323 913 3397 sicut
989 3345 1149 3397 una
1214 3325 1485 3398 anima
1569 3324 2000 3396 secundum
2082 3325 2258 3397 sub·

700 3441 1090 3513 stantiam
1140 3445 1221 3515 et
1261 3445 1642 3514 naturam
1688 3445 1810 3513 est
1845 3441 2007 3515 alia
2041 3442 2257 3514 nobi·

701 3556 887 3638 lior,
963 3557 1076 3630 sic
1180 3557 1641 3632 intellectus
1725 3562 1805 3631 et
1870 3559 2256 3632 voluntas

706 3672 1113 3766 recipiunt
1157 3674 1417 3765 magis
1452 3678 1532 3748 et
1578 3674 1870 3746 minus.

792 3791 1009 3872 Quod
1041 3790 1340 3863 dicitur
1373 3790 1680 3882 quinto,
1718 3791 1921 3883 quod
1958 3790 2252 3885 impos·

707 3906 936 3979 sibile
978 3911 1100 3980 cst
1149 3907 1351 3980 idem
1407 3927 1519 3990 ro,
1573 3912 1726 3981 etc.
1780 3908 1982 3989 dioc,
2043 3909 2251 4000 quod

698 4043 985 4094 verum
1025 4029 1151 4098 est
1200 4024 1405 4096 idom
1460 4045 1547 4096 rc
1587 4029 1665 4098 et
1700 4024 2017 4097 ratione
2064 4050 2078 4092 :
2116 4025 2247 4096 sed

702 4141 904 4213 idem
943 4162 1054 4224 rc,
1092 4141 1413 4213 diversa
1448 4146 1718 4213 tamen
1756 4141 2074 4214 ratione
2109 4141 2247 4213 ha-

694 4258 823 4331 bet
869 4263 1329 4351 respectum
1372 4260 1834 4333 naturalem
1867 4260 1961 4331 ad
1991 4257 2246 4330 diver-

699 4394 812 4456 sa,
860 4372 1071 4446 sicut
1109 4377 1330 4465 patet
1363 4375 1453 4446 de
1514 4374 1788 4445 cadem
1849 4372 2237 4455 albedine,

697 4511 870 4582 quae
945 4489 1139 4562 facit
1212 4490 1824 4564 similitudinem
1883 4494 1962 4563 ct
2013 4491 2240 4563 dissi-

1939 360 2038 425 DE
2082 361 2346 428 RERUM
2391 360 2780 427 PRINClPlO

2393 528 2474 598 to
2511 525 2811 617 plures,
2860 531 3164 618 quanto
3235 527 3330 599 ad
3376 526 3611 619 plura
3655 547 3740 598 sc
3810 545 3918 598 ex-

2387 643 2663 717 tendit.
2705 646 2934 726 Item,
2973 645 3248 717 eadem
3285 644 3744 718 substantia
3776 645 3921 716 ani-

2391 781 2537 831 mae
2619 763 3052 836 secundum
3155 762 3435 836 varios
3517 763 3921 856 respectus

2385 888 2588 959 quos
2649 869 2910 954 habet,
2977 871 3216 946 habet
3277 871 3709 944 formalem
3770 891 3922 944 res-

2387 990 2708 1076 pectum
2758 988 2854 1059 ad
2912 987 3234 1061 diversa
3278 989 3618 1082 objecta,
3686 991 3766 1060 et
3827 989 3923 1061 ita

2387 1100 2844 1175 substantia
2885 1104 3176 1176 animae
3229 1105 3507 1179 induta
3560 1108 3915 1198 respectu

2385 1218 2858 1310 adaequatur
2901 1221 3243 1313 obJectO.
3359 1275 3366 1282 .

2475 1336 2693 1417 Quod
2730 1335 3118 1430 objicitur
3160 1338 3419 1419 sexto,
3459 1338 3664 1429 quod
3715 1341 3919 1410 esset
3979 1331 4145 1445 ³13⁷&-

4012 1465 4102 1509 tam.

2382 1452 2623 1523 extra
2664 1471 2942 1543 genuS,
2996 1457 3149 1527 etc.
3195 1473 3359 1527 non
3407 1458 3532 1527 θεῖ
3576 1454 3919 1527 rationa-

2382 1564 2661 1640 biliter
2682 1568 3012 1651 dictum,
3067 1591 3162 1643 eo
3199 1570 3405 1663 quod
3446 1570 3922 1662 aggregatio

2383 1686 2743 1778 plurium
2780 1684 3372 1779 perfectionum
3412 1688 3491 1760 in
3522 1687 3802 1759 eadem
3845 1707 3923 1760 re

2379 1822 2539 1873 non
2579 1802 2958 1885 excludit,
3040 1802 3232 1896 quin
3301 1824 3434 1876 res
3503 1802 3926 1878 claudatur

2380 1920 2526 1990 sub
2586 1938 2905 2010 genere.
2983 1920 3502 1993 Immensitas
3562 1920 3808 2002 enim,
3850 1926 3924 1995 ct

2381 2036 2642 2109 omnis
2716 2037 3244 2130 perfectionis
3330 2038 3775 2132 completio
3851 2042 3922 2110 et

2378 2151 2986 2245 independentia
3042 2155 3141 2226 ab
3198 2154 3501 2247 aliquo,
3579 2175 3759 2247 quae
3815 2176 3918 2227 re·

2375 2273 2740 2361 pugnant
2772 2274 3206 2352 creaturae,
3258 2270 3708 2342 ,excludunt
3757 2291 3920 2343 rem

2375 2395 2421 2444 a
2464 2395 2784 2464 genere.

2465 2492 2915 2584 Septimum
2968 2496 3239 2565 autem
3312 2498 3917 2582 argumentum,
3962 2471 4196 2574 amad

4024 2591 4141 2624 mam.
4185 2571 4200 2620 'l

2375 2609 2578 2698 quod
2652 2611 2891 2678 habent
2955 2613 3288 2678 rationem
3331 2624 3392 2678 et
3459 2611 3920 2696 definitiovwm

2370 2725 2728 2805 diversam,
2784 2729 2937 2798 ctc.
2984 2744 3274 2818 parum
3331 2725 3549 2799 valet
3602 2727 3702 2798 ad
3749 2747 3925 2821 pro-

2373 2840 2757 2931 positum,
2804 2840 2993 2933 quia
3062 2841 3128 2914 si
3202 2843 3584 2935 potentiae
3652 2843 3922 2916 defini·

2373 2960 2663 3029 rentur
2714 2963 2800 3031 ut
2844 2962 3032 3032 sunt
3076 2979 3232 3039 res,
3283 2977 3441 3030 una
3489 2964 3710 3034 esset
3753 2959 3927 3033 defi-

2369 3073 2575 3147 nitio
2622 3075 3007 3157 omnium,
3048 3075 3179 3147 sed
3222 3075 3368 3147 sub
3419 3073 3746 3150 ratione
3797 3097 3926 3170 po·

2374 3191 2848 3275 tentiarum,
2921 3192 3269 3265 concedo
3331 3193 3537 3285 quod
3625 3191 3926 3269 habent

2369 3310 2737 3383 diversas
2773 3310 3134 3383 rationes
3174 3313 3254 3384 et
3297 3310 3731 3384 essentias
3760 3314 3926 3386 Nec

2370 3431 2495 3500 est
2547 3426 3120 3500 inconveniens
3164 3426 3439 3519 aliqua
3488 3449 3669 3500 esse
3716 3428 3926 3501 idem

2370 3540 2450 3613 in
2491 3542 2871 3624 essentia,
2921 3545 3007 3615 ut
3039 3546 3322 3611 essentia
3359 3541 3727 3615 sumitur
3773 3564 3923 3637 pro

2371 3658 2855 3740 substantia,
2910 3661 2991 3731 et
3031 3658 3306 3730 eadem
3365 3679 3543 3731 esse
3598 3659 3931 3733 diversa

2370 3774 2448 3846 in
2492 3775 2871 3858 essentia,
2919 3779 3006 3849 ut
3039 3778 3324 3844 essentia
3365 3775 3732 3851 sumitur
3782 3779 3932 3851 sub

2367 3893 2641 3984 aliquo
2679 3896 3079 3985 respectu,
3122 3892 3251 3964 vel
3289 3892 3662 3966 relativa.

2454 4010 2675 4092 Quod
2697 4031 2894 4082 vero
2926 4010 3247 4090 dicitur,
3279 4010 3486 4101 quod
3522 4010 3736 4083 idem
3763 4030 3932 4085 non
3978 4038 4055 4090 Aa
4075 4041 4182 4085 0022-

4038 4114 4155 4151 mm.

2365 4125 2628 4217 possit
2683 4146 2860 4199 θεεθ
2930 4125 3436 4217 organicum,
3499 4129 3652 4199 etc.
3722 4132 3931 4221 puto

2362 4243 2568 4336 quod
2604 4244 3036 4315 secundum
3074 4244 3396 4316 modum
3429 4244 3927 4336 praedictum

2359 4364 2576 4433 essct
2672 4360 3140 4453 oppositum
3249 4361 3925 4445 concludendum,

2359 4499 2540 4549 cum
2568 4476 2836 4548 forma
2878 4478 3179 4569 quanto
3204 4475 3483 4560 altior,
3513 4482 3759 4555 tanto
3789 4480 3930 4553 ha-

4181 1895 4194 1974 -ι--Ακᾼ
4185 1851 4194 1874 ..-
4179 1693 4192 1820 .μω-...-
4169 133 4194 1684 ...ιω-ψι-

695 4603 1232 4679 militudinem
1268 4609 1642 4699 respectu
1676 4605 2233 4690 diversorium
2355 4594 2536 4666 beat
2585 4597 3008 4687 PCSDOCtUS
3040 4595 3132 4666 δ’]
3179 4595 3443 4687 Pluma
3511 4599 3591 4670 et
3636 4595 3931 4669 forma

668 4719 761 4790 si
806 4720 924 4793 illi
972 4725 1388 4813 POSpectUS
1453 4719 1613 4793 sint
1657 4719 1728 4791 ei
1785 4722 2232 4803 naturales,
2352 4709 2785 4793 {llllSSith
2828 4709 3090 4801 qualis
3131 4714 3256 4784 &St
3282 4710 3727 4785 PatiOssaliS
3757 4712 3933 4785 assi·

693 4838 894 4929 quod
948 4836 1264 4929 quidem
1335 4836 1867 4929 consequitur
1929 4858 2058 4908 res
2138 4858 2236 4908 cx
2356 4846 2510 4907 ma,
2559 4826 3249 4920 habetaspeotum
3303 4828 3398 4899 ad
3453 4827 3780 4910 omnim
3843 4832 3931 4903 et

688 4953 1146 5028 conditione
1181 4976 1345 5025 suae
1380 4958 1722 5034 naturae,
1758 4952 1874 5025 illi
1913 4953 2235 5025 ordines
2357 4945 2710 5033 oportet,
2796 4947 2881 5016 ut
2941 4943 3247 5018 dictum
3316 4948 3466 5026 est,
3514 4946 3734 5036 quod
3806 4946 3934 5019 illi

682 5069 984 5142 diversi
1028 5074 1214 5143 sunt
1273 5069 1343 5141 ei
1414 5070 1860 5142 naturales.
1897 5072 2233 5141 Vcrum-
2355 5064 2774 5152 Pospoctus
2810 5060 3248 5133 secundum
3285 5060 3745 5134 relationes
3795 5062 3932 5134 ob—

680 5197 955 5267 tamcn
1007 5193 1283 5266 anima
1345 5194 1703 5266 ordinem
1769 5193 2031 5276 habet,
2089 5215 2229 5267 scu
2339 5174 2758 5266 Jectorum
2836 5174 3504 5256 determinentssl'2
3576 5179 3659 5249 0¹2
3754 5177 3932 5248 Sint

676 5312 872 5386 dicit
897 5314 990 5384 ad
1036 5312 1375 5405 objecta,
1426 5316 1512 5385 ut
1549 5311 1952 5384 rationem
1989 5311 2226 5385 habet
2350 5291 2761 5381 Ol'gasslssffl
2809 5294 2886 5363 Gt
2943 5311 3107 5365 110ss
3161 5289 3597 5385 organissaev
3667 5293 3928 5367 m0<¹0

684 5428 1090 5521 potentiae,
1176 5450 1414 5521 quam
1496 5428 1898 5502 rationem
1987 5428 2226 5502 habet
2347 5408 2846 5501 supradicto.

679 5567 824 5641 por
876 5549 1320 5639 respectus,
1369 5544 1499 5637 qui
1546 5550 1732 5619 sunt
1781 5545 1857 5616 in
1898 5566 1991 5616 ea
2050 5548 2223 5616 tan-
