4252 6393
1660 394 2022 469 ouAEs'mo
2064 400 2174 462 xx
2348 362 2359 372 ’
3413 421 3494 483 97

726 783 1196 866 QUAESTIO
1250 790 1427 862 XX.

429 995 645 1055 Utrum
688 993 981 1059 Galaxia
1019 998 1101 1059 sit
1144 999 1221 1060 de
1264 1005 1506 1065 natura
1528 1003 1677 1067 coeli
1699 1008 1729 1067 Ρ

169 1203 197 1252 ι.
401 1177 795 1268 Arguitur
867 1184 1076 1274 quod
1142 1184 1283 1267 sic,
1339 1206 1528 1260 nam
1581 1188 1846 1262 omnis

96 1269 286 1381 ³534&
327 1292 761 1368 substantia
843 1300 1109 1373 solum
1188 1304 1845 1378 transmutabilis

323 1406 678 1482 localiter
741 1417 869 1486 est
930 1413 1022 1486 de
1079 1420 1379 1489 natura
1437 1417 1648 1502 caeli;
1714 1422 1847 1494 sed

320 1524 639 1598 Galaxia
662 1532 790 1601 est
831 1528 1327 1623 hujusmodi;
1366 1533 1648 1625 igitur,
1685 1540 1839 1610 etc.

320 1641 567 1734 Major
628 1648 877 1736 patet,
976 1648 1165 1739 quia
1221 1650 1510 1725 coelum
1578 1652 1844 1726 solum

316 1758 531 1832 estin
566 1761 940 1852 potentia
979 1763 1075 1836 ad
1109 1767 1240 1847 ubi,
1280 1771 1367 1840 ut
1398 1768 1574 1842 vult
1614 1772 1846 1843 Com-

320 1881 715 1951 mentator
741 1882 808 1952 8.
844 1883 1130 1972 Metapa.
1167 1887 1248 1956 et
1290 1885 1562 1960 minor
1597 1907 1844 1982 appa-

318 1996 452 2074 ret,
498 1994 691 2085 quia
738 2016 1151 2089 nunquam
1202 2000 1566 2077 videmus
1610 2006 1840 2079 Gala-

316 2107 540 2191 xiam,
618 2132 762 2184 nec
843 2115 1485 2205 praedecessores
1572 2122 1843 2196 nostri

316 2223 543 2297 aliter
581 2229 914 2312 mutari,
963 2251 1206 2323 quam
1234 2230 1642 2312 localiter.

397 2343 780 2429 Secunde,
820 2347 1098 2422 Omnis
1151 2351 1611 2428 substantia
1660 2376 1842 2427 cor-

320 2475 553 2547 porea
604 2467 1000 2553 perpetua
1048 2468 1174 2539 est
1221 2466 1313 2539 de
1359 2471 1663 2543 natura
1692 2491 1841 2544 coe-

313 2574 362 2646 li
394 2601 408 2644 :
444 2576 579 2649 sed
619 2577 963 2652 Galaxia
995 2586 1120 2656 est
1170 2581 1667 2675 hujusmodi;
1707 2587 1841 2680 igi·

307 2693 452 2771 tur,
493 2698 650 2767 etc.
696 2695 969 2788 Major
1020 2703 1272 2791 patet,
1321 2700 1511 2793 quia
1558 2703 1650 2776 de
1701 2724 1834 2776 na-

305 2810 478 2880 tura
535 2809 1022 2886 elementari
1088 2835 1251 2887 non
1319 2821 1445 2891 est
1516 2819 1844 2912 aliquod

302 2945 587 3018 corpus
617 2933 1127 3021 perpetuum.
1162 2935 1262 3005 Et
1288 2933 1557 3007 minor
1606 2956 1845 3030 appa-

72 2384 297 2437 Secundum.

308 3045 442 3123 ret,
471 3043 660 3134 quia
693 3063 1107 3138 nunquam
1140 3047 1318 3121 visa
1367 3049 1521 3124 fuit
1584 3055 1847 3124 trans-

308 3159 643 3234 mutatio
682 3158 760 3233 in
810 3162 1180 3237 Galaxia.

389 3276 690 3361 Tertio,
738 3280 1082 3354 Galaxia
1133 3287 1259 3358 est
1308 3306 1610 3379 corpus
1654 3288 1845 3360 sim-

312 3392 478 3482 plex
518 3397 1023 3472 naturaliter
1065 3405 1380 3475 motum
1423 3403 1843 3481 circulari-

311 3512 455 3594 ter;
494 3512 753 3605 igitur
800 3520 926 3588 est
974 3516 1066 3590 de
1115 3523 1415 3594 natura
1461 3522 1666 3595 coeli.
1702 3524 1844 3596 Te-

309 3631 434 3702 net
478 3631 1088 3723 consequentia,
1136 3634 1325 3726 quia
1377 3635 1446 3708 si
1512 3642 1843 3712 natura-

311 3738 489 3815 liter
530 3749 987 3828 moveatur,
1023 3750 1105 3820 et
1156 3769 1341 3821 cum
1391 3749 1542 3824 hoc
1595 3752 1703 3826 sit
1750 3755 1842 3828 de

307 3864 595 3932 natura
643 3860 1152 3948 elementari,
1211 3866 1584 3959 sequitur
1636 3871 1842 3961 quod

310 3981 564 4049 motus
598 3977 1033 4052 circularis
1067 3977 1314 4056 inerit
1345 3984 1843 4059 naturaliter

310 4090 661 4181 pluribus
729 4095 1217 4188 corporibus
1300 4098 1834 4193 simplicibus,

310 4208 503 4297 quod
551 4213 675 4283 est
736 4209 1060 4294 falsum,
1115 4217 1204 4287 ut
1260 4218 1485 4306 patet
1547 4220 1610 4289 1.
1663 4223 1833 4290 coeli.

309 4325 574 4397 Minor
598 4330 821 4419 patet
862 4330 1644 4421 perexperientiam,
1692 4336 1837 4407 sci-

306 4439 483 4516 licet
536 4444 738 4534 quod
790 4450 1221 4519 moveatur
1269 4449 1833 4536 circulariter;

309 4568 430 4639 sed
523 4569 726 4660 quod
824 4576 1254 4647 moveatur
1339 4578 1840 4652 naturaliter

306 4699 659 4787 apparet,
696 4696 889 4790 quia
950 4697 1021 4770 si
1063 4706 1494 4776 moveatur
1534 4702 1833 4777 violen-

310 4819 429 4890 ter
494 4825 763 4896 motus
809 4822 987 4916 ejus
1047 4844 1207 4896 non
1242 4827 1504 4918 possit
1549 4849 1825 4923 perpe-

314 4945 548 5018 tuari.

392 5073 720 5155 Quarto,
765 5070 1109 5145 Galaxia
1132 5093 1293 5146 non
1317 5080 1442 5150 est
1481 5077 1572 5150 de
1612 5084 1838 5155 natu-

316 5204 400 5256 ra
443 5187 955 5270 elementari;
1004 5188 1259 5280 igitur
1305 5197 1431 5267 est
1478 5194 1569 5267 de
1610 5201 1838 5271 natu-

313 5330 396 5381 ra
428 5313 626 5386 coeli.
663 5316 1260 5406 Consequentia
1306 5322 1550 5401 tenet,
1588 5327 1672 5395 at
1706 5344 1837 5395 an-

312 5438 662 5513 tecedens
714 5446 1087 5535 apparet,
1144 5443 1335 5535 quia
1388 5466 1548 5518 non
1597 5468 1837 5541 appa-

316 5568 432 5637 ret
481 5568 835 5657 qualiter
887 5567 1414 5645 uniformiter
1453 5574 1838 5648 continue

438 5700 583 5749 Tem.
613 5701 696 5755 lV.

89 3292 269 3352 Tedium.

71 5079 286 5145 omnum.

1962 579 2046 630 se
2108 558 2469 647 haberet,
2530 573 2712 660 post
2770 577 2987 648 esset
3043 575 3134 648 de
3200 581 3500 654 natura

1958 675 2466 755 elementari.
3415 771 3420 778 .

2051 794 2537 886 Oppositum
2585 802 2970 894 arguitur
3002 829 3147 901 per
3186 810 3502 885 Aristo·
3562 828 3794 894 opposit-

1958 905 2203 980 telem
2247 910 2327 983 in
2369 913 2527 988 isto
2571 917 2863 1010 primo.

2052 1026 2144 1096 In
2213 1032 2659 1119 quaestione
2738 1038 3006 1129 primo
3071 1043 3504 1119 recitandae

1961 1145 2150 1216 sunt
2203 1145 2622 1237 opiniones
2673 1152 2765 1224 de
2804 1156 3170 1230 Galaxia.
3221 1164 3505 1235 Secun-

1957 1256 2080 1341 do,
2143 1267 2489 1351 ponetur
2534 1287 2771 1342 verus
2808 1274 3088 1346 modus
3136 1277 3337 1351 unde
3376 1300 3507 1373 ap-

1962 1392 2054 1465 pa
2072 1381 2250 1451 reat
2289 1381 2655 1456 Galaxia.

2475 1706 2903 1767 ARTICULUS
2935 1712 2976 1767 1.

2126 1879 2465 1956 opiniones
2505 1888 2584 1947 de
2627 1889 2910 1952 Galaxia
2952 1895 3331 1961 recitantur.

2047 2074 2455 2152 Quantum
2504 2079 2601 2149 ad
2644 2079 3025 2171 primum,
3082 2091 3271 2162 sunt
3315 2112 3501 2182 qua-

1958 2189 2150 2260 tuor
2193 2190 2641 2282 opiniones,
2715 2202 2885 2271 tres
2938 2201 3498 2295 antiquorum,

1956 2309 2038 2378 et
2073 2325 2233 2377 una
2276 2307 2781 2406 Philosophi.

2047 2423 2325 2497 Prima
2369 2428 2643 2520 opinio
2697 2436 2903 2516 erat,
2952 2440 3161 2526 quod
3212 2439 3373 2526 Sol,
3419 2446 3500 2516 et
3669 2469 3719 2520 2.

1957 2536 2121 2610 alia
2181 2545 2414 2615 astra
2472 2545 3038 2625 calefacientia
3097 2556 3498 2634 discurre·
3556 2538 3746 2601 Opim
3775 2543 3819 2593 ¹·

1956 2655 2149 2729 bant
2192 2659 2337 2730 sub
2371 2659 2510 2732 illa
2544 2669 2780 2755 parte
2821 2669 3025 2752 coeli,
3066 2673 3146 2745 in
3179 2695 3336 2767 qua
3367 2698 3501 2772 ap-

1958 2777 2195 2863 paret
2282 2778 2649 2862 Galaxia‚
2723 2787 2803 2858 et
2883 2785 3108 2859 illam
3179 2798 3499 2884 partem

1954 2889 2622 2978 combusserunt;
2683 2902 2911 2974 modo
2983 2903 3343 2979 videmus
3422 2908 3502 2983 in

1958 3002 2140 3078 istis
2193 3007 2719 3086 inferioribus
2770 3019 2977 3108 quod
3024 3022 3312 3097 adusta
3373 3047 3506 3119 ap-

1960 3128 2250 3215 parent
2284 3128 2545 3220 magis
2588 3131 2843 3216 clara,
2880 3139 2960 3210 et
3009 3136 3215 3224 alba,
3255 3162 3498 3235 quam

1956 3241 2215 3331 prius.

2028 3357 2175 3428 Sed
2205 3364 2523 3444 contra,
2554 3368 2743 3439 tunc
2778 3377 3263 3461 sequeretur
3295 3379 3500 3468 quod
3536 3423 3830 3486 Refeuicur

1955 3472 2178 3543 totus
2213 3474 2602 3549 Zodiacus
2637 3489 3078 3573 appareret
3122 3486 3334 3562 sicut
3367 3491 3500 3564 via

1956 3586 2244 3661 lactea.
2294 3594 2811 3685 Consequens
2854 3602 2978 3673 est
3020 3605 3316 3676 contra
3365 3627 3503 3679 ex-

1957 3703 2467 3796 perientiam.
2535 3711 2946 3787 Probatur
3013 3738 3501 3813 consequen-

1956 3818 2096 3901 tia,
2128 3820 2317 3912 quia
2351 3824 2496 3897 sub
2528 3827 2872 3902 Zodiaco
2906 3832 3298 3911 discurrit
3334 3839 3498 3922 Sol,

1950 3942 2032 4012 et
2103 3937 2449 4032 planetae
2526 3944 3128 4035 calefacienteS,
3197 3957 3280 4028 et
3358 3975 3506 4048 per

1951 4075 2454 4148 consequens
2501 4061 2770 4152 potius
2811 4063 3137 4141 deberet
3178 4072 3505 4145 combu-

1956 4191 2139 4245 rere
2244 4174 2496 4259 illam,
2579 4199 2820 4271 quam
2918 4204 3506 4282 quamcumque

1953 4287 2229 4361 aliam.

2042 4406 2425 4488 Secundo,
2465 4409 2652 4500 quia
2698 4412 2987 4486 coelum
3032 4435 3191 4488 non
3231 4423 3357 4493 est
3398 4421 3506 4493 al-

1952 4521 2296 4594 terabile
2346 4523 2491 4596 tali
2552 4524 3068 4615 alteratione,
3134 4538 3222 4608 ut
3281 4541 3507 4627 patet

1950 4640 2013 4709 1.
2058 4643 2228 4708 coeli.

2040 4755 2224 4829 Alia
2293 4758 2565 4850 opinio
2654 4759 2829 4845 fuit,
2890 4767 3093 4854 quod
3156 4768 3498 4845 Galaxia
3668 4806 3716 4856 3.

1949 4876 2344 4953 causatur
2400 4895 2498 4945 ex
2579 4877 3012 4954 reflexione
3079 4885 3498 4961 radiorum
3553 4870 3741 4934 ⁰²²⁶”⁶⁰
3768 4871 3818 4922 ²·

1952 4989 2164 5062 Solis
2215 4989 2311 5062 ad
2359 4991 2624 5065 visum
2675 5000 3053 5071 nostrum
3109 5020 3358 5095 usque
3401 5007 3499 5078 ad
3570 5002 3575 5007 ’

1950 5112 2205 5190 astra,
2245 5109 2376 5180 ubi
2420 5117 2763 5203 apparet
2804 5117 3168 5191 Galaxia.

2041 5225 2188 5299 Sed
2211 5234 2527 5311 contra,
2557 5238 3040 5322 sequeretur
3064 5241 3261 5324 tum,
3288 5245 3494 5333 quod
3531 5287 3841 5350 Refemw,

1950 5344 2296 5416 Galaxia
2336 5366 2495 5418 non
2531 5356 2968 5440 appareret
2995 5352 3074 5424 in
3098 5357 3494 5432 eodemsi—

1952 5463 2036 5532 tu
2104 5467 2478 5554 respectu
2534 5467 2956 5537 astrorum
3010 5471 3216 5553 coeli,
3283 5474 3495 5551 sicut

1955 5582 2329 5670 respectu
2374 5579 2577 5652 coeli.
2635 5583 3154 5676 Consequens
3198 5594 3495 5665 contra

3330 5723 3361 5775 7
