4252 6393
1609 444 1977 523 QuAEs‘rlo
2025 446 2105 510 rx

329 603 568 677 dendo
658 604 741 678 in
810 603 962 678 hac
1046 603 1642 697 compositione
1716 604 1868 677 dis-

327 721 799 796 tinctionem
833 719 1181 812 alicujus
1218 720 1534 810 organi,
1572 740 1870 813 appro-

330 839 852 934 priatialicui
910 837 1204 912 virtuti
1261 839 1701 911 sensitivfe.
1770 843 1866 912 Et

333 961 481 1032 isto
564 956 827 1039 modo,
886 955 1478 1030 intellectivum
1538 958 1870 1050 inquan-

328 1077 491 1147 tum
562 1072 1178 1157 intellectivum,
1249 1076 1372 1145 est
1441 1070 1711 1146 forma
1751 1075 1869 1145 to-

330 1188 481 1260 tius
513 1189 921 1283 corporis,
957 1193 1039 1263 et
1101 1189 1461 1262 omnium
1507 1188 1868 1282 partium

330 1306 519 1398 ejuS,
568 1307 656 1378 ut
718 1325 966 1377 unum
1010 1306 1513 1399 perfectibile
1564 1305 1868 1379 consti-

329 1425 559 1494 tuunt
603 1448 617 1492 :
662 1422 838 1495 dico
879 1427 1201 1513 partium,
1242 1427 1326 1495 ut
1381 1426 1565 1495 sunt
1600 1425 1868 1494 totum

330 1535 512 1609 illud
560 1536 906 1609 mixtum
940 1539 1056 1612 sic
1121 1539 1869 1631 complexionatum

334 1649 860 1745 integrantes,
963 1674 1122 1727 non
1191 1660 1280 1729 ut
1332 1658 1519 1729 sunt
1590 1657 1867 1747 partes

336 1773 765 1863 organicae,
883 1770 1332 1847 virtutibus
1447 1772 1866 1846 sensitivis

329 1891 1074 1984 correspondentes.
1122 1895 1220 1963 Et
1265 1893 1342 1965 in
1402 1893 1562 1965 isto
1613 1890 1867 1983 gradu

331 2005 729 2080 altissimo
834 2010 913 2079 et
1028 2006 1654 2100 perfectissimo,
1745 2009 1867 2078 cst

328 2143 616 2217 corpus
655 2122 1141 2215 dispositum
1183 2124 1277 2196 ad
1322 2122 1865 2215 receptionem

330 2242 609 2314 animae
683 2241 1178 2314 rationalis:
1246 2262 1480 2334 quem
1552 2242 1868 2334 quidem

329 2358 810 2432 altissimum
852 2362 930 2430 et
966 2358 1650 2451 perfectissimum
1684 2378 1871 2449 gra.-

326 2475 499 2547 dum
618 2496 779 2547 non
908 2479 1417 2547 consummat
1544 2476 1865 2555 natura,

332 2589 477 2666 nisi
536 2592 764 2686 prius
800 2592 1037 2666 factis
1081 2594 1413 2685 organis
1466 2592 1870 2664 virtutum

335 2711 946 2791 sensitivarum;
982 2713 1200 2800 prius,
1262 2709 1464 2790 dico,
1537 2709 1864 2789 natura,

334 2829 455 2901 sed
493 2829 736 2902 simul
778 2833 1174 2922 tempore.
1221 2826 1401 2899 Alia
1431 2846 1630 2898 vero
1664 2844 1870 2897 com-

335 2945 622 3038 positio
690 2949 814 3032 est
885 2947 965 3019 in
997 2968 1092 3019 eo
1135 2945 1540 3037 corporis,
1614 2946 1699 3015 ut
1743 2944 1868 3016 est

334 3058 616 3137 habens
677 3062 1258 3157 proportiones
1315 3062 1867 3153 competentes

337 3181 685 3273 organiS,
749 3183 837 3253 ut
917 3183 1101 3253 sunt
1160 3178 1626 3273 susceptiva
1698 3200 1867 3271 spe-

335 3294 632 3367 cierum
694 3295 1236 3377 sensibilium
1300 3315 1473 3387 quae
1532 3293 1868 3386 disposi-

335 3411 444 3484 tio
500 3413 877 3488 consistit
927 3413 1008 3486 in
1081 3412 1345 3487 debita
1379 3412 1862 3505 quantitate,

337 3531 413 3601 et
445 3532 855 3624 qualitate,
889 3534 967 3603 et
1000 3532 1647 3623 temperamento
1681 3550 1867 3620 qua-

335 3646 648 3721 litatum
755 3647 1298 3731 miscibilium,
1432 3647 1865 3719 secundum

342 3785 529 3857 quas
567 3766 656 3839 fit
726 3765 982 3837 media
1050 3764 1294 3846 ratio,
1363 3767 1441 3836 et
1521 3784 1867 3857 propor-

337 3881 455 3953 tio
516 3883 606 3954 ad
648 3882 1245 3974 suscipiendum
1290 3880 1369 3953 in
1431 3902 1516 3951 se
1558 3880 1864 3973 species

3406 442 3524 509 423

1982 607 2128 678 Sed
2202 604 2415 699 quia,
2488 610 2577 681 ut
2642 606 2832 689 dixi,
2918 606 3181 680 omnis
3260 606 3530 679 forma
3619 611 3660 672 Ἃί

1979 724 2150 797 tam
2230 721 2796 798 substantialis
2865 743 3107 816 quam
3168 723 3531 797 acciden-

1979 839 2172 913 talis
2251 840 2805 914 communicat
2844 844 3117 914 actum
3173 840 3531 934 primum

1979 961 2060 1032 et
2094 958 2556 1039 secundum,
2619 976 2781 1029 non
2828 956 3168 1049 praecise
3208 957 3532 1048 loquen-

1978 1074 2101 1155 do,
2177 1072 2365 1167 quia
2431 1074 2729 1156 forma,
2812 1073 2945 1144 sed
3024 1073 3212 1164 quia
3281 1094 3531 1146 unum

1978 1190 2180 1265 facit
2212 1212 2395 1264 cum
2431 1191 2802 1273 materia,
2838 1191 2965 1263 vel
3001 1190 3393 1283 subjecto,
3442 1194 3532 1264 ut

1983 1308 2326 1390 ostendi,
2358 1307 2529 1381 ideo
2567 1308 2830 1381 omnis
2865 1308 3133 1380 forma
3164 1311 3287 1380 est
3312 1307 3529 1400 prin-

1978 1425 2283 1519 cipium
2323 1426 2636 1498 essendi
2677 1430 2756 1500 et
2836 1425 3243 1518 operandi.
3297 1427 3527 1498 Nunc

1981 1545 2281 1623 autem,
2321 1545 2409 1615 ut
2449 1541 2772 1624 dicitur,
2812 1541 3314 1615 intellectiva
3365 1563 3527 1614 non

1979 1663 2104 1732 est
2172 1659 2438 1730 forma
2504 1659 2884 1752 corporis
2954 1659 3349 1750 organici,
3440 1663 3528 1733 ut

1983 1776 2487 1866 organicum,
2524 1797 2669 1849 nec
2711 1780 2799 1849 ut
2848 1780 2972 1848 est
3020 1777 3216 1848 dans
3249 1779 3525 1850 actum

1984 1895 2367 1989 primum,
2405 1915 2548 1967 nec
2591 1898 2679 1968 ut
2710 1894 2906 1966 dans
2941 1898 3213 1967 actum
3251 1914 3528 1966 secun-

1950 2013 2192 2093 ·dum,
2265 2010 2414 2084 hoc
2466 2013 2615 2093 est,
2687 2031 2831 2082 nec
2893 2014 2979 2083 ut
3038 2014 3163 2085 est
3234 2009 3528 2103 princi·

1982 2130 2202 2224 pium
2227 2128 2566 2209 essendi,
2600 2148 2744 2200 nec
2773 2132 2861 2202 ut
2884 2131 3009 2202 est
3040 2127 3530 2220 principium

1984 2246 2371 2339 operandi
2433 2272 2446 2316 :
2498 2243 2889 2317 sensitiva
2939 2247 3214 2316 autem
3259 2262 3529 2334 quam-

1982 2363 2104 2435 vis
2139 2382 2300 2435 non
2343 2360 2450 2436 sit
2494 2360 2828 2454 proprie
2874 2359 3165 2440 forma,
3213 2362 3294 2432 et
3354 2358 3528 2452 per-

1985 2480 2191 2554 fecte
2267 2479 2646 2573 corporis
2743 2475 3139 2568 organici,
3230 2475 3319 2549 ut
3404 2478 3529 2550 est

1984 2597 2476 2692 principium
2517 2594 2854 2677 essendi,
2891 2597 3016 2668 est
3051 2596 3322 2666 tamen
3352 2592 3527 2685 ejus

1982 2714 2377 2809 perfectio
2472 2713 2951 2804 inquantum
3049 2708 3525 2800 organicum

1980 2836 2131 2913 est,
2169 2833 2647 2923 inquantum
2677 2832 2802 2902 est
2821 2827 3313 2921 principium
3349 2846 3528 2919 ope-

1984 2948 2213 3021 randi
2248 2974 2262 3018 :
2310 2951 2390 3020 et
2441 2946 2628 3039 quia
2659 2965 2819 3017 non
2853 2948 3123 3038 potest
3156 2941 3524 3015 materiae

1982 3063 2202 3138 uniri
2253 3063 2524 3156 aliqua
2593 3062 2859 3134 forma
2929 3064 3016 3134 ut
3056 3063 3181 3133 est
3231 3057 3527 3153 princi-

1980 3182 2203 3277 pium
2246 3179 2585 3262 essendi,
2616 3177 2806 3271 quin
2840 3181 3032 3269 apta
3064 3179 3261 3249 nata
3295 3173 3401 3249 sit
3436 3175 3528 3246 de

1981 3319 2064 3369 se
2134 3296 2328 3367 dare
2394 3294 2466 3365 ei
2545 3289 3039 3385 principium
3113 3287 3521 3381 operandi,

1980 3413 2150 3486 sive
2233 3408 2792 3505 operationem
2878 3405 3261 3497 aliquam,
3354 3403 3524 3475 ideo

1976 3552 2121 3603 nec
2166 3528 2651 3602 sensitivum
2693 3523 2977 3597 unitur
3010 3520 3370 3614 corpori,
3417 3520 3528 3591 ni-

1977 3647 2045 3720 si
2080 3644 2495 3735 organico.

2068 3765 2233 3836 Nec
2291 3761 2520 3835 debet
2585 3757 2919 3838 instari3
2977 3755 3236 3847 igitur
3295 3754 3523 3828 intel-

1979 3880 2391 3960 lectivum,
2466 3876 2757 3949 saltem
2830 3873 3109 3946 ordine
3174 3875 3519 3953 naturae,

344 3998 875 4081 sensibilium;
956 4002 1038 4071 et
1121 3996 1501 4090 corporis
1557 3996 1672 4068 sic
1742 4016 1865 4070 ac·
1903 3998 2248 4107 <primo
2318 3994 2598 4068 unitur
2637 3990 2970 4084 corpori
3005 4008 3246 4082 quam
3280 3987 3526 4060 sensi-

340 4117 540 4210 cepti
608 4115 1112 4198 sensitivum‚
1203 4118 1291 4189 ut
1385 4100 1917 4188 sensitivum¹

340 4235 459 4305 est
510 4231 797 4307 forma.

162 4351 223 4403 ⁵⁶·
294 4360 335 4433 γ(
429 4349 1004 4424 Advertendum
1043 4349 1295 4423 etiam
1354 4348 1484 4420 hic
1528 4368 1711 4421 cum
1762 4346 1868 4418 di-

344 4464 664 4556 ligentia
712 4470 862 4547 est,
915 4465 1121 4559 quod
1171 4466 1445 4538 anima
1485 4463 1863 4545 humana,

347 4601 505 4674 quae
535 4583 623 4656 de
655 4604 741 4655 se
767 4588 891 4657 est
919 4581 1407 4674 vegetativa,
1447 4580 1863 4661 sensitiva,

345 4700 421 4771 et
474 4698 992 4781 intellectiva,
1060 4698 1125 4771 si
1176 4697 1741 4770 consideretur
1783 4701 1870 4770 ut

344 4812 521 4888 dans
559 4837 735 4889 esse
778 4815 1343 4896 substantiale,
1390 4834 1535 4885 nec
1569 4818 1657 4887 ut
1701 4834 1870 4885 scn-

350 4926 592 5013 sitiva,
655 4952 802 5004 nec
851 4934 938 5003 ut
999 4929 1500 5003 intellectiva
1540 4933 1663 5003 est
1706 4928 1868 5001 sor-

349 5061 465 5117 ma
516 5046 918 5141 corporis,
970 5051 1059 5121 ut
1116 5045 1510 5138 organici,
1577 5046 1710 5118 sed
1752 5068 1873 5117 so-

351 5158 496 5233 lum
527 5167 611 5238 ut
642 5168 768 5238 est
811 5184 1111 5256 corpus
1158 5162 1527 5244 mixtum,
1558 5165 1637 5235 et
1663 5182 1875 5234 com-

354 5276 886 5366 plexionatum
929 5280 1009 5352 in
1059 5279 1205 5354 tali
1259 5280 1539 5371 gradu,
1606 5298 1876 5370 quam-

354 5393 467 5466 vis
545 5398 791 5471 alium
861 5397 1201 5490 gradum
1272 5395 1720 5476 mixtionis,
1798 5400 1878 5469 et

359 5513 925 5605 complexionis.
1017 5512 1550 5607 appropriate
1630 5511 1879 5604 respi-

365 5624 509 5702 ciat
595 5631 1094 5706 intellectiva
1148 5652 1389 5731 quam
1460 5629 1875 5706 sensitiva.

1981 4116 2266 4194 tivum,
2315 4112 2527 4204 quia,
2604 4115 2692 4184 ut
2756 4108 2946 4190 dixi,
3021 4106 3320 4199 gradus
3392 4107 3528 4183 ille

1980 4228 2403 4305 mixtionis
2443 4226 2923 4305 altissimus,
2958 4224 3049 4296 de
3092 4244 3248 4316 quo
3280 4224 3532 4318 loqui-

1981 4355 2120 4424 tur
2166 4347 2599 4427 Avicenna,
2646 4349 2733 4417 ut
2782 4342 2947 4414 dixi
3015 4363 3288 4435 supra,
3335 4364 3528 4414 nun-

1984 4487 2225 4560 quam
2296 4465 2525 4559 plene
2583 4466 2709 4534 est
2765 4460 3153 4551 digestus,
3229 4481 3372 4532 nec
3434 4460 3529 4531 ad

1982 4582 2538 4676 {equalitatem
2611 4577 3010 4657 redactus,
3073 4575 3230 4649 nisi
3300 4577 3528 4668 prius

1982 4703 2353 4774 cessante
2425 4694 2640 4769 omni
2710 4699 2931 4768 motu
3004 4694 3523 4783 generativee,

1985 4815 2174 4908 quia
2215 4816 2339 4886 est
2378 4812 2561 4884 finis
2596 4808 3107 4882 extrinsecus
3150 4829 3248 4880 ex
3294 4813 3532 4900 parte

1984 4931 2364 5025 corporis
2425 4929 2679 5004 totius
2750 4924 3398 5018 compositionis,
3453 4931 3533 5001 et

1989 5046 2498 5142 operationis
2539 5048 2856 5117 naturae
2901 5043 2979 5113 in
3025 5041 3331 5115 semine
3400 5042 3538 5114 hu-

1991 5185 2255 5246 mano,
2313 5163 2522 5236 sicut
2579 5160 2829 5234 etiam
2888 5159 3083 5232 dicit
3155 5158 3542 5251 praedicta

1991 5279 2318 5374 positi0,
2402 5278 2604 5370 quod
2676 5279 3015 5369 propter
3102 5273 3270 5346 hoc,
3327 5273 3544 5344 nobi-

1991 5397 2149 5469 lius
2182 5399 2307 5468 est
2342 5414 2844 5487 quocumque
2879 5390 3269 5464 sensitivo
3307 5390 3386 5460 in
3428 5411 3542 5461 se-

1994 5514 2210 5585 mine
2241 5512 2461 5584 bruti
2499 5513 2916 5604 producto.
2953 5509 3172 5579 Unde
3199 5506 3386 5599 quia
3418 5509 3543 5579 est

2000 5629 2218 5712 illud,
2268 5628 2473 5720 quod
2506 5627 2973 5700 immediate
2999 5623 3426 5696 ordinatur
3451 5621 3546 5693 ad
