4252 6393
700 408 819 473 314
1848 412 1950 475 DE
1992 411 2260 476 RERUM
2301 410 2689 475 PRINCIPIO

782 573 1260 665 Circa'quod
1300 576 1425 646 est
1460 574 1726 666 primo
1768 572 2092 645 dubium
2136 593 2235 644 ex
2433 570 2673 645 Circa
2710 571 3090 664 primum,
3142 573 3477 645 ostendo
3524 571 3606 642 in
3658 589 3883 661 gene·
4010 598 4083 673 2⁹:

696 685 927 774 parte
957 682 1436 762 voluntatis,
1474 682 1542 754 si
1574 687 1883 756 aeterno
1918 685 2101 755 actu
2156 684 2235 753 et
2349 686 2504 758 rali
2533 687 2822 779 primo,
2862 687 3067 779 quod
3092 708 3234 759 nec
3269 687 3887 762 immutabilitas
3909 662 4181 784 ,σῑῇἳῖἒῇε

695 789 1205 872 immutabili,
1295 789 1470 863 vult
1539 789 1916 882 quidquid
1990 788 2233 862 vult?
2345 804 2822 886 voluntatis,
2896 827 3038 877 nec
3111 806 3520 881 certitudo
3600 786 4184 898 divinae3‘22'31'30J2'y,

694 898 1077 989 quoniam
1148 899 1216 971 Si
1292 919 1580 970 Vffl'llm
1641 903 1791 981 est,
1867 897 2071 989 quod
2139 897 2237 968 ab
2351 922 2888 1012 praevisionis,
2970 924 3209 997 tollat
3277 924 3636 1015 aliquam
3709 910 4186 1036 con-“ssssss‘g'gfgss'g'

693 1011 1004 1080 aeterno
1045 1007 1309 1080 voluit
1360 1009 1695 1081 Petrum
1751 1007 1829 1077 in
1864 1004 2011 1078 tali
2061 1027 2238 1073 minc
2348 1036 2834 1125 tingentiam
2869 1059 2914 1109 a
2949 1038 3213 1110 rebus·
3263 1042 3363 1112 Et
3409 1058 3669 1131 arguo
3720 1040 3833 1113 Sic
3868 1066 3881 1109 :
3913 1047 3967 1083 m
4008 1035 4156 1086 rem,

687 1134 888 1196 esse,
962 1119 1041 1188 et
1100 1135 1262 1186 non
1321 1119 1509 1188 ante
1584 1136 1729 1187 nec
1799 1117 2040 1207 post?
2108 1112 2238 1183 vel

352 1243 662 1294 rriaaubsa
695 1223 1093 1313 quomodo
1167 1226 1432 1315 potest
1492 1222 1700 1295 velle
1743 1222 2010 1314 ipsum
2075 1240 2236 1291 non

348 1321 470 1369 quoe
493 1306 661 1354 solent

364 1382 645 1418 occurrere
693 1352 869 1403 esse
905 1332 983 1403 in
1019 1331 1159 1403 illo
1189 1356 1388 1413 nunc,
1426 1336 1505 1405 et
1543 1333 1620 1404 in
1654 1331 1793 1403 illo
1828 1350 1987 1401 non
2020 1333 2231 1410 ante,

2346 1155 2745 1227 Voluntas
2787 1157 2934 1229 Dei
2971 1176 3218 1229 causa
3267 1161 3392 1230 est
3446 1178 3750 1240 rerum,
3807 1162 3892 1232 ut

2352 1278 2772 1347 ostensum
2833 1278 3029 1347 ost*.
3079 1276 3518 1348 Ostensum
3577 1280 3706 1351 est
3764 1296 4187 1414 auuqmff.

3999 1380 4045 1414 n.
4123 1402 4133 1413 .

347 1431 652 1541 νξξζζξασζξιζ
692 1460 836 1512 nec
882 1445 1124 1533 post?
1171 1441 1296 1511 vel
1342 1440 1742 1532 quomodo
1780 1442 2048 1531 potest
2078 1436 2236 1508 vel-

346 1554 664 1619 tinqenee'am
692 1547 770 1619 le
814 1548 1104 1640 ipsum,
1151 1568 1311 1619 non
1353 1568 1531 1620 esse
1564 1547 1644 1618 in
1688 1546 1828 1618 illo
1860 1569 2057 1627 nunc,
2106 1564 2238 1615 an·

694 1657 1021 1748 tequam
1066 1656 1221 1728 sit?
1263 1655 1392 1728 vcl
1445 1655 1843 1747 quomodo
1880 1652 2086 1724 velle
2129 1652 2238 1744 ip-

694 1784 870 1836 sum
905 1767 1116 1844 ante,
1170 1763 1298 1834 vel
1336 1766 1518 1855 post
1549 1784 1727 1834 esse
1769 1760 2068 1852 absque
2101 1780 2242 1830 no-

690 1893 790 1943 vo
837 1871 1068 1953 velle,
1130 1872 1255 1943 vel
1317 1872 1616 1964 absque
1685 1870 1971 1945 aeterni
2032 1869 2238 1941 velle

692 1980 1164 2055 mutatione.

782 2091 1141 2162 Secundo
1219 2093 1344 2163 est
1401 2088 1761 2169 dubium,
1837 2089 2235 2179 quomodo

694 2198 762 2270 si
795 2197 1031 2268 unico
1064 2197 1267 2267 velle
1302 2201 1573 2289 potest
1595 2195 1811 2267 nolle
1838 2216 2008 2267 rem
2030 2216 2233 2277 esse,

692 2308 772 2377 et
803 2303 1007 2376 velle
1048 2325 1226 2376 esse
1275 2304 1596 2376 divisim
1668 2322 1818 2395 pro
1880 2302 2238 2393 quolibet

694 2435 870 2480 nunc
915 2435 928 2479 ε
976 2431 1227 2502 quare
1274 2411 1451 2503 plus
1493 2432 1591 2481 ex
1662 2409 1802 2482 illo
1853 2409 2059 2482 velle
2129 2409 2237 2481 in-

692 2518 1100 2593 differenti
1144 2519 1238 2591 ad
1305 2539 1510 2601 esse,
1565 2523 1645 2591 et
1686 2518 1780 2589 ad
1831 2537 1988 2589 non
2031 2539 2233 2598 esse,

697 2626 875 2717 plus
912 2625 1275 2719 procedit
1320 2645 1449 2698 res
1512 2629 1598 2698 ut
1659 2625 1790 2707 sit,
1842 2645 2081 2715 quam
2151 2630 2238 2700 ut

689 2756 850 2806 non
886 2734 993 2809 sit
1022 2744 1050 2803 ζ)

780 2842 1021 2916 Circa
1052 2842 1302 2915 etiam
1336 2839 1911 2933 praevisionem
1944 2844 2069 2913 est
2111 2842 2238 2912 du·

687 2950 934 3031 bium,
999 2951 1205 3043 quod
1253 2970 1437 3021 cum
1495 2950 1711 3022 Deus
1765 2948 1871 3022 sit
1932 2969 2068 3019 ars
2156 2953 2237 3023 et

688 3058 1114 3150 exemplar
1185 3056 1573 3137 omnium,
1650 3077 1824 3148 quae
1896 3061 2236 3149 possunt

689 3166 868 3240 fieri
892 3167 1037 3238 sub
1061 3186 1568 3258 quocumque
1603 3170 2014 3240 momento
2043 3169 2234 3239 tem-

692 3274 946 3367 poris,
1000 3295 1093 3347 ac
1139 3295 1283 3366 per
1315 3273 1465 3345 hoc
1518 3273 1768 3346 etiam
1812 3273 2021 3346 sciat
2054 3294 2234 3345 cau-

693 3402 971 3454 sarum
1076 3381 1726 3472 contingentium
1831 3381 2228 3461 ordinem,

689 3494 770 3563 et
878 3488 1510 3562 determinatum
1588 3489 1898 3561 exitum
1977 3489 2235 3581 quoad

693 3618 928 3670 omne
995 3597 1391 3676 futurum,
1494 3597 1891 3686 quomodo
1962 3600 2235 3689 potest

694 3706 880 3797 poni
952 3726 1124 3777 rem
1168 3703 1414 3776 aliter
1455 3704 1783 3776 evenire
1836 3703 2006 3775 sine
2069 3725 2232 3775 suae

692 3812 1205 3907 praevisionis
1237 3810 1730 3902 deceptione.

1248 4008 1651 4064 SCHOLIUM.

762 4181 1121 4237 Doctissime
1154 4182 1372 4235 tractat
1406 4174 1507 4231 hic
1549 4176 1759 4232 Scotus
1813 4179 2044 4243 omnia,
2094 4195 2236 4249 qua}

690 4271 967 4341 spectant
997 4267 1073 4323 ad
1102 4267 1602 4322 conciliationem
1626 4265 2068 4322 liberiarbitrii
2093 4282 2237 4323 cum

690 4356 1067 4414 certitudine
1099 4355 1516 4426 praesoientiae
1579 4354 1836 4421 diviuae,
1860 4360 1920 4412 et
1943 4357 2238 4412 immuta-

691 4446 930 4503 bilitate
961 4444 1351 4500 decretorum
1387 4444 1514 4499 Dei.
1549 4445 1630 4498 De
1663 4444 1758 4499 his
1790 4445 1977 4500 etiam
2009 4446 2139 4512 agit
2171 4445 2235 4500 in

689 4540 744 4592 2.
779 4536 920 4591 dist.
955 4536 1043 4589 39.
1078 4536 1294 4604 quaest.
1336 4534 1538 4599 unica,
1572 4533 2022 4604 concordatque
2054 4534 2238 4590 valde

694 4625 1024 4695 utrobique
1054 4622 1356 4680 doctrina.
1394 4624 1582 4680 Plura
1614 4627 1818 4679 tamen
1872 4629 2078 4680 movet
2135 4623 2237 4680 1110

692 4714 902 4780 dubia,
939 4713 1255 4782 multaque
1287 4713 1577 4782 explicat,
1612 4727 1749 4783 quae
1780 4712 1855 4768 ad
1896 4715 2235 4785 perfectam

690 4804 878 4872 hujus
909 4801 1320 4867 difficultatis,
1342 4802 1624 4857 omnium
1649 4803 2063 4870 gravissimae,
2097 4817 2240 4858 eno-

688 4891 1002 4949 dationem
1096 4890 1443 4961 plurimum
1566 4889 1940 4948 conducunt.
2037 4896 2240 4964 Atque

691 4982 821 5037 haec
881 4984 1025 5037 sunt
1072 4979 1204 5045 illa,
1265 4995 1403 5050 quae
1460 4980 1745 5035 enarrari
1808 4984 1868 5036 et
1925 4980 2233 5036 declarari

686 5074 972 5141 oportere
1003 5067 1270 5136 dixerat,
1309 5073 1373 5125 ut
1421 5070 1604 5140 plene
1664 5070 2062 5126 solverentur
2111 5070 2236 5126 dis-

687 5156 880 5213 fieilia
913 5154 1197 5227 quaedam
1230 5154 1440 5224 dubia,
1478 5173 1617 5228 quae
1658 5159 1852 5214 movit
1900 5156 1976 5212 de
2010 5158 2123 5212 hac
2167 5172 2234 5214 re

690 5247 753 5302 in
786 5250 963 5303 tract.
990 5245 1064 5301 de
1096 5247 1301 5316 primo
1322 5247 1658 5318 principiO,
1692 5263 1825 5319 cap.
1861 5250 1913 5305 4.
1947 5249 2144 5304 001101.
2178 5250 2231 5303 5.

688 5336 792 5391 Sed
820 5340 1174 5404 ᾳακναιιεαν,
1207 5337 1431 5407 inquIt,
1485 5339 1545 5390 in
1591 5341 1903 5405 quoestione,
1952 5355 2123 5408 quam
2172 5340 2234 5392 de

685 5428 921 5481 scientia
973 5427 1064 5480 Dei
1115 5431 1358 5495 respectu
1406 5428 1738 5493 futurorum
1788 5431 2229 5496 continuantium

688 5515 990 5586 disputavi.
1057 5515 1196 5569 Haec
1226 5518 1431 5570 autem
1494 5515 1601 5570 illa
1636 5520 1728 5572 est
1791 5519 2071 5587 quaestio,
2145 5520 2230 5574 uti

691 5604 1038 5677 praemonui
1071 5604 1136 5664 in
1170 5604 1356 5677 hujus
1387 5607 1595 5679 operis
1626 5620 1912 5663 censura.

2353 1393 2541 1470 tem,
2613 1391 2818 1481 quod
2880 1391 3142 1463 omnis
3193 1386 3642 1465 necessitas
3711 1413 3893 1485 pro-

2349 1506 2680 1578 ducendi
2756 1528 2927 1579 rem
3001 1512 3269 1590 extra,
3336 1510 3566 1602 ponit
3615 1510 3893 1602 depen-

2348 1622 2702 1696 dentiam
2739 1624 2816 1695 in
2851 1626 3347 1717 producente
3376 1650 3390 1708 ;
3420 1645 3618 1717 ergo
3653 1646 3893 1717 quan-

2350 1743 2435 1812 to
2499 1742 2766 1832 major
2832 1747 2956 1815 est
3038 1742 3587 1834 dependentia,
3665 1747 3895 1816 tanto

2352 1856 2621 1947 major
2663 1859 3110 1933 necessitas
3147 1884 3160 1940 ;
3203 1859 3334 1931 ubi
3366 1879 3565 1951 ergo
3611 1880 3757 1952 per
3790 1860 3898 1931 in-

2349 1972 2662 2047 finitam
2704 1975 3103 2047 rationem
3137 1976 3464 2050 tollitur
3490 1976 3755 2049 omnis
3781 1977 3900 2050 de·

2352 2091 2803 2180 pendentia,
2844 2112 2987 2183 per
3039 2092 3438 2166 infinitam
3491 2094 3899 2189 rationem

2352 2205 2679 2279 tollitur
2741 2209 3004 2280 omnis
3049 2210 3499 2283 necessitas
3537 2236 3550 2280 :
3607 2212 3742 2282 sed
3786 2231 3900 2282 se-

2351 2322 2697 2394 cundum
2733 2325 2937 2415 quod
2968 2344 3014 2395 a
3048 2326 3540 2417 producente
3573 2327 3901 2400 tollitur

2351 2437 2824 2519 necessitas,
2881 2441 3316 2512 secundum
3367 2439 3519 2514 hoc
3563 2443 3902 2535 ponitur

2352 2554 2690 2628 libertas
2728 2580 2742 2637 ;
2790 2575 2987 2646 ergo
3031 2558 3244 2629 Deus
3287 2557 3664 2650 producit
3738 2578 3899 2630 om-

2351 2695 2492 2747 nes
2563 2697 2694 2747 res
2754 2675 3214 2747 exteriores
3281 2697 3426 2769 per
3494 2677 3900 2752 infinitam

2356 2792 2758 2863 rationem
2804 2792 3236 2874 libertatis,
3277 2814 3435 2885 qua
3471 2794 3743 2886 major
3774 2816 3903 2866 ex-

2350 2909 2705 2999 cogitari
2742 2930 2898 2981 non
2937 2915 3202 3003 potest
3250 2935 3263 2978 ε
3311 2912 3441 2983 sed
3476 2911 3748 3005 major
3781 2916 3905 2985 est

2350 3025 2690 3099 libertas
2768 3026 2848 3099 in
2928 3031 3245 3117 agente,
3329 3029 3537 3120 quod
3626 3034 3905 3121 potest

2351 3144 2821 3236 producere,
2851 3149 2929 3219 et
2962 3165 3119 3217 non
3163 3145 3607 3239 producere
3640 3167 3906 3240 aequa·

2349 3261 2544 3335 liter
2620 3283 2766 3354 pro
2850 3263 3070 3334 omni
3145 3287 3323 3331 minc
3388 3262 3741 3346 divisim,
3825 3268 3903 3337 et

2349 3385 2561 3460 ante,
2641 3384 2720 3452 et
2795 3383 3005 3472 post,
3079 3384 3159 3452 et
3241 3381 3319 3451 in
3391 3381 3610 3453 omni
3691 3405 3898 3460 mmo,

2351 3516 2593 3586 quam
2627 3496 2697 3567 si
2747 3496 2840 3568 ad
2891 3495 3214 3588 aliquod
3267 3497 3617 3569 istorum
3678 3501 3902 3569 esset

2347 3611 3021 3693 determinatum;
3120 3632 3319 3703 ergo
3392 3613 3545 3686 istc
3614 3615 3903 3686 modus

2349 3729 2912 3821 productionis
2959 3729 3292 3821 ponitur
3334 3730 3412 3802 in
3469 3732 3677 3811 Dco;
3742 3752 3903 3802 non

2347 3866 2547 3935 ergo
2615 3846 2944 3918 tollitur
3011 3846 3572 3938 contingentia
3638 3847 3723 3918 in
3785 3869 3903 3920 re-

2349 3961 2494 4032 bus
2536 3983 2632 4033 ex
2667 3967 2903 4053 parte
2934 3963 3222 4035 divinae
3272 3963 3752 4036 voluntatis.

2442 4079 2670 4156 Item,
2720 4082 3155 4168 antequam
3221 4097 3371 4166 ego
3438 4077 3686 4149 velim
3762 4080 3907 4151 ali-

2351 4194 2553 4284 quod
2587 4192 2953 4265 suturum
2999 4192 3293 4274 facere,
3341 4194 3516 4284 ejus
3563 4198 3904 4285 produc·

2350 4309 2464 4381 tio
2504 4310 2888 4402 dependet
2929 4332 2975 4381 a
3019 4295 3194 4381 m'ea
3235 4310 3696 4390 voluntate;
3770 4313 3909 4404 igi—

2349 4429 2489 4497 tur
2539 4449 2721 4498 cum
2768 4426 2874 4500 sit
2920 4428 3187 4517 maior
3244 4428 3579 4500 libertas
3621 4429 3908 4500 volun-

2348 4543 2546 4616 tatis
2606 4544 2918 4625 divinae,
2984 4543 3358 4636 sequitur
3418 4546 3622 4636 quod
3681 4547 3911 4636 quid-

2352 4657 2534 4747 quid
2577 4678 2623 4728 a
2675 4658 3097 4729 voluntate
3159 4677 3302 4728 sua
3357 4658 3752 4749 procedit,
3793 4665 3912 4750 (et

2352 4773 2501 4845 hoc
2535 4777 2658 4846 est
2694 4775 2956 4845 omnis
2991 4774 3327 4846 etl'ectus
3361 4779 3742 4865 creatus)
3779 4797 3911 4867 po-

2351 4891 2510 4960 test
2545 4890 2757 4959 Deus
2793 4889 2996 4960 velle
3041 4909 3197 4959 una
3229 4889 3653 4961 voluntate
3697 4911 3908 4970 esse,

2351 5002 2474 5072 vel
2509 5025 2669 5076 non
2693 5027 2870 5075 esse
2901 5003 3250 5084 divisim,
3289 5007 3476 5075 ante
3528 5003 3657 5075 vel
3690 5011 3905 5096 post,

2347 5118 2471 5188 vel
2518 5117 2597 5189 in
2642 5117 2996 5209 quolibet
3041 5142 3215 5185 minc
3257 5118 3654 5209 temporis
3705 5143 3720 5185 :
3771 5121 3908 5192 sed

2348 5240 2580 5307 actus
2618 5234 2926 5306 volendi
2968 5234 3043 5305 in
3077 5236 3268 5314 Deo,
3300 5238 3422 5306 est
3459 5233 3660 5305 idem
3690 5237 3904 5326 quod

2349 5351 2713 5443 potentia
2758 5351 2927 5422 sive
2984 5351 3386 5430 voluntas,
3423 5353 3503 5422 et
3534 5350 3899 5442 ejusdem

4044 4075 4111 4125 30.

2347 5469 2697 5544 ambitus
2774 5470 2852 5538 et
2896 5472 3274 5559 aspectus
3305 5473 3325 5491 ·
3372 5491 3385 5546 ;
3448 5487 3646 5557 ergo
3683 5468 3904 5542 siout
3955 5482 3971 5499 ·
4020 5475 4133 5526 vna
4227 5491 4229 5514 ι

2349 5610 2506 5661 una
2551 5585 2915 5680 potentia
2958 5583 3300 5659 volitiva
3341 5604 3499 5655 non
3545 5588 3894 5669 mutata,

3956 5554 4082 5590 num.
4121 5535 4179 5584 18.
