4252 6393
777 430 896 494 340

772 593 881 666 sit
926 597 1192 667 motus
1244 596 1590 688 quidam,
1665 598 1798 690 qui
1852 600 2318 673 necessario

773 710 1079 802 indiget
1113 711 1676 797 fundamento;
1728 721 1997 790 motus
2042 721 2317 790 autem

710 914 713 917 y
770 847 930 901 non
962 834 1086 903 est
1138 830 1217 903 in
1262 836 1658 915 movente,
1708 834 1840 906 sed
1886 834 1964 907 in
2008 835 2311 908 mobili.

859 948 1242 1029 Secundo,
1324 948 1472 1021 hoc
1518 952 1778 1042 patet;
1835 951 2024 1042 quia
2065 972 2314 1043 agens

764 1062 1218 1139 increatum
1279 1067 1302 1157 (
1370 1071 1458 1140 ut
1547 1071 1966 1140 ostensum
2045 1066 2313 1142 fuerat

420 1192 473 1242 ‹1-
502 1179 555 1229 ἓ·
592 1192 649 1230 ¹¹·
682 1178 730 1228 8·
760 1201 1011 1275 supra
1041 1182 1119 1254 in
1154 1184 1495 1276 quadam
1528 1184 1974 1276 quaestione
2004 1186 2094 1259 de
2157 1185 2315 1277 pri-

506 4357 586 4407 16.

765 1299 1054 1373 mitate
1091 1304 1117 1390 )
1175 1304 1301 1375 est
1333 1319 1582 1391 agens
1618 1301 2112 1395 simpliciter
2155 1303 2312 1396 pri·

766 1436 1009 1495 muln,
1105 1434 1199 1489 ac
1292 1437 1437 1510 per
1521 1416 1677 1489 hoc
1740 1438 1975 1491 omne
2062 1436 2311 1509 agens

761 1536 1132 1606 creatum
1193 1538 1318 1607 est
1378 1532 1789 1625 posterius
1896 1539 1978 1608 et
2036 1554 2313 1606 secun-

759 1649 1104 1731 darium,
1165 1671 1257 1723 ac
1304 1670 1446 1743 per
1492 1649 1644 1724 hoc
1702 1652 1798 1724 ad
1853 1670 2102 1742 agens
2151 1653 2312 1746 pri-

763 1790 984 1843 mum
1029 1769 1520 1844 ordinatum.
1579 1772 1669 1843 In
1710 1770 2138 1862 agentibus
2181 1791 2311 1843 au·

758 1893 921 1963 tem
995 1886 1418 1969 ordinatis,
1465 1907 1812 1980 quorum
1876 1890 2309 1962 secundum

756 2004 1137 2097 dependet
1261 2024 1309 2076 a
1419 2004 1714 2097 primo,
1840 2005 2308 2078 necessario

758 2140 1006 2212 agens
1070 2121 1486 2214 posterius
1548 2124 2107 2217 praesupponit
2168 2123 2309 2196 ali-

765 2238 950 2329 quid
984 2238 1861 2332 aprimoproductum,
1929 2238 2137 2313 sicut
2173 2259 2308 2332 pa-

766 2358 884 2429 tet
927 2354 1006 2427 in
1065 2357 1258 2436 Deo,
1304 2358 1629 2436 natura,
1667 2359 1744 2428 et
1789 2361 1992 2430 arte.
2041 2359 2144 2430 Et
2182 2375 2309 2429 ra-

768 2471 884 2545 tio
971 2475 1219 2565 patet,
1296 2472 1485 2563 quia
1580 2472 1789 2546 sicut
1886 2493 1971 2544 se
2066 2472 2307 2547 habet

760 2607 1009 2679 agens
1051 2587 1203 2662 hoc
1234 2587 1329 2660 ad
1372 2588 1593 2670 illud,
1642 2589 1757 2663 sic
1798 2590 2013 2664 actio
2064 2588 2305 2689 hujuS

756 2707 852 2778 ad
903 2709 1177 2780 actum
1238 2706 1485 2788 illius,
1540 2727 1701 2779 non
1780 2706 1996 2779 enim
2057 2707 2306 2779 aliter

758 2824 971 2893 esset
1011 2821 1206 2894 ordo
1253 2822 1335 2895 in
1403 2822 1906 2903 actionibus;
1989 2842 2189 2914 ergo
2235 2823 2304 2895 si

752 2937 904 3011 hoc
1026 2957 1273 3030 agens
1396 2939 1958 3031 praesupponit
2081 2940 2299 3022 illud,

754 3055 1005 3128 etiam
1045 3054 1219 3147 ejus
1280 3055 1495 3128 actio
1547 3055 1953 3130 actionem
2024 3056 2298 3129 illius:

754 3173 886 3246 sed
962 3173 1175 3248 actio
1258 3172 1563 3267 prioris
1635 3173 2138 3249 terminatur
2175 3193 2303 3246 ne-

751 3292 1116 3365 cessario
1150 3293 1246 3365 ad
1278 3291 1622 3384 aliquid;
1676 3311 1877 3384 crgo
1932 3293 1999 3364 si
2048 3311 2300 3384 agens

749 3397 1185 3482 secundum
1246 3409 1633 3503 supponit
1672 3409 2077 3484 actionem
2145 3408 2301 3502 pri-

750 3525 885 3608 mi,
973 3526 1358 3618 supponit
1443 3526 1912 3601 necessario
1998 3525 2299 3618 aliquid

755 3664 802 3716 a
835 3642 1103 3737 primo
1156 3644 1640 3736 productum
1687 3668 1702 3712 :
1759 3661 1958 3736 ergo
2019 3663 2067 3715 a
2139 3642 2299 3735 pri-

762 3782 893 3836 mo
937 3762 1030 3835 ad
1062 3759 1465 3842 ultimum,
1505 3760 1573 3832 si
1616 3759 1832 3833 actio
1865 3759 2297 3853 quuslibet

762 3879 1163 3951 creaturae
1209 3875 1591 3969 supponit
1651 3875 1975 3968 aliquid,
2015 3876 2094 3967 in
2140 3897 2297 3969 quo

756 3994 1156 4075 fundetur,
1187 3993 1525 4089 *creatio
1560 3996 1833 4066 autem
1866 3992 2067 4066 nihil
2116 4014 2298 4086 sup-

743 4111 996 4204 ponit,
1087 4107 1591 4202 impossibile
1630 4112 1754 4182 est
1798 4109 2004 4202 quod
2072 4129 2294 4182 crea-

1951 439 2054 501 m:
2098 420 2374 504 RERUM
2407 438 2795 505 rmNcuuo

2434 620 2525 673 sa
2586 601 2946 684 effectus,
3018 606 3141 676 est
3205 605 3695 699 principium
3755 608 3938 681 suffi-

2430 719 2654 792 ciens
2723 723 3254 796 conservandi
3315 722 3688 798 totaliter
3743 726 3941 801 effec-

2429 841 2630 920 tum,
2683 840 2870 932 quia
2911 840 3245 915 effectus
3281 863 3328 914 a
3368 843 3592 915 nullo
3653 844 3806 917 alio
3834 846 3941 917 de-

2429 956 2738 1048 pendet,
2775 959 2854 1028 et
2873 957 2972 1030 ab
3007 958 3145 1031 illo
3169 958 3404 1031 habet
3438 963 3728 1043 totum,
3764 963 3944 1054 quod

2429 1072 2577 1143 est.
2625 1071 2897 1144 Minor
2940 1076 3185 1166 patet,
3238 1075 3426 1166 quia
3458 1075 3658 1148 nihil
3703 1082 3940 1169 potest

2427 1187 2728 1280 aliquid
2796 1210 3312 1273 conservare,
3395 1193 3552 1266 nisi
3632 1193 3736 1265 sit
3806 1194 3942 1267 toti

2430 1304 2548 1378 rei
2636 1310 3142 1380 conserva-tae
3229 1310 3804 1393 necessarium,
3875 1316 3943 1384 et

2428 1422 2801 1495 omnibus
2879 1424 3114 1525 ejuS,
3144 1425 3540 1518 partibus,
3613 1431 3752 1501 aut
3817 1447 3944 1520 per

2423 1538 2890 1620 essentiam,
2930 1545 3068 1614 aut
3113 1562 3256 1635 per
3297 1543 3776 1635 potentiam;
3811 1542 3944 1616 hoc

2423 1658 2696 1727 autem
2741 1674 2902 1728 non
2947 1660 3213 1749 potest
3249 1657 3522 1751 aliqua
3555 1664 3942 1738 creatura.

2425 1770 2614 1861 quia
2674 1772 2898 1845 solus
2957 1775 3172 1846 Deus
3240 1778 3645 1848 creaturae
3717 1776 3947 1852 illabi-

2423 1891 2614 1970 tur;
2679 1907 2879 1980 ergo
2941 1888 3114 1981 ipse
3173 1890 3396 1963 solus
3449 1896 3722 1984 potest
3787 1914 3949 1967 con-

2424 2022 2782 2085 servare.

2512 2121 2742 2201 Item,
2827 2120 3329 2213 impossibile
3396 2127 3517 2196 est
3587 2125 3950 2199 effectum

2420 2237 2997 2331 perfectiorem
3058 2261 3237 2313 esse
3295 2262 3444 2314 sua
3503 2262 3779 2327 causa,
3851 2244 3950 2317 in-

2421 2359 2811 2447 quantum
2863 2376 3149 2438 causa;
3196 2358 3370 2431 dico
3436 2359 3516 2431 in
3566 2364 3951 2452 quantum

2419 2492 2693 2553 causa,
2760 2471 2947 2563 quia
2987 2473 3419 2565 aliquando
3461 2474 3803 2550 effectus
3842 2478 3956 2549 est

2418 2609 2466 2669 a
2527 2587 2803 2661 multis
2871 2589 3166 2671 causis,
3238 2592 3316 2663 et
3377 2599 3958 2685 consequenter

2419 2704 2519 2775 ab
2587 2704 2861 2796 aliqua
2928 2726 3200 2789 causa,
3310 2707 3520 2783 sicut
3584 2709 3956 2785 cultellus

2419 2821 2725 2913 ignitus
2809 2822 3126 2906 scindit,
3220 2827 3427 2917 quod
3516 2847 3679 2901 non
3773 2827 3957 2901 facit

2418 2937 2657 3029 ignis,
2714 2937 2848 3011 sed
2872 2939 3022 3012 hoc
3057 2961 3217 3012 non
3250 2938 3447 3015 facit
3482 2943 3958 3036 inquantum

2416 3058 2543 3129 est
2583 3054 2920 3128 effectus
2965 3056 3202 3147 igniS,
3251 3058 3386 3130 sed
3429 3061 3516 3130 ut
3567 3062 3696 3132 est
3742 3058 3960 3132 effec-

2416 3173 2545 3246 tus
2592 3171 2800 3245 artis
2846 3198 2860 3241 ε
2908 3172 2975 3245 si
3019 3171 3276 3264 igitur
3301 3158 3616 3267 'aliquid
3640 3176 3753 3250 sit
3796 3178 3962 3250 tota

2414 3308 2664 3361 causa
2704 3288 3065 3370 effectus,
3109 3309 3270 3362 non
3340 3295 3609 3383 potest
3672 3292 3964 3366 habere

2413 3404 2749 3478 effectus
2862 3406 3222 3499 aliquam
3339 3407 3960 3501 perfectionem,

2415 3543 2590 3615 quae
2681 3523 2761 3596 in
2869 3543 3116 3596 causa
3203 3544 3365 3598 non
3454 3527 3951 3619 reperiatur,

2412 3658 2701 3711 creans
2762 3642 3034 3711 autem
3069 3641 3194 3713 est
3245 3643 3422 3714 tota
3461 3661 3720 3714 causa
3752 3661 3967 3714 crea-

2413 3755 2477 3828 ti
2529 3775 2546 3840 ;
2595 3774 2796 3845 ergo
2848 3754 3156 3827 nullam
3200 3754 3798 3847 perfectionem
3840 3775 3968 3848 po-

2409 3873 2571 3943 test
2605 3870 2902 3944 habere
2934 3872 3337 3952 creatum,
3374 3872 3503 3944 vel
3539 3871 3725 3963 ipsa
3747 3890 3967 3944 crea-

2410 3987 2554 4068 tio,
2624 4006 2866 4079 quam
2906 4006 3067 4059 non
3118 3984 3360 4058 habet
3430 4006 3771 4069 creans;
3839 3984 3970 4059 sed

2409 4102 2899 4195 simplicitas
2940 4105 3065 4176 est
3135 4101 3495 4195 quaedam
3566 4101 3969 4196 perfectio

739 4232 936 4301 tura
968 4229 1216 4301 creet,
2404 4221 2524 4310 (ut
2561 4221 2778 4312 patet
2815 4218 2897 4291 in
2935 4219 3133 4309 Deo)
3168 4219 3485 4292 creatio
3520 4226 3810 4295 autem
3850 4219 3971 4292 est

833 4345 1062 4425 Item,
1097 4362 1333 4415 omne
1366 4361 1640 4433 agens,
1679 4342 1885 4435 quod
1914 4345 2037 4414 est
2072 4342 2290 4436 prin·
2405 4336 3022 4429 simplicissima
3059 4362 3074 4406 :
3116 4337 3382 4410 omnis
3418 4339 3703 4411 autem
3748 4356 3968 4410 crea·

744 4461 1046 4556 cipium
1132 4459 1482 4540 creandi,
1572 4462 1695 4532 est
1795 4458 2287 4552 principium
2399 4458 2594 4528 tura
2635 4453 2873 4528 habet
2906 4475 3086 4527 esse
3119 4454 3676 4556 compositum
3717 4479 3732 4536 ;
3772 4472 3970 4545 ergo

748 4580 1236 4675 simpliciter
1272 4575 1805 4650 conservandi
1855 4600 1869 4644 :
1933 4577 2066 4647 sed
2116 4576 2285 4647 nul·
2399 4567 2907 4662 impossibile
2967 4573 3091 4643 est
3179 4569 3389 4661 quod
3457 4568 3786 4672 creatio
3867 4566 3970 4640 sit

743 4701 911 4773 lum
986 4718 1234 4790 agens
1303 4698 1672 4770 creatum
1758 4694 2026 4787 potest
2102 4713 2282 4764 esse
2393 4684 2729 4759 effectus
2763 4688 3196 4760 creaturae.

732 4817 1140 4891 sufficiens
1218 4811 1713 4908 principium
1781 4828 2275 4882 conservans
2429 4808 2548 4878 Ex
2589 4816 2911 4872 creaturae
2952 4805 3355 4872 limitatione
3396 4800 3969 4894 sicarguitur:

733 4952 905 5007 rem
981 4930 1382 5012 totaliter,
1437 4948 1536 5000 ne
1594 4926 1869 4999 tendat
1925 4924 2006 4997 in
2071 4923 2272 4996 nihi·
2390 4924 2590 5008 Cum
2633 4920 2795 4993 sint
2851 4919 3109 4993 multa
3166 4936 3467 5009 genera
3523 4915 3976 5010 oppositio·

720 5050 891 5124 lum
937 5074 952 5131 ;
1008 5067 1208 5141 ergo
1251 5047 1479 5119 nulla
1546 5045 1934 5116 creatura
2004 5041 2269 5133 potest
2385 5053 2603 5114 num,
2652 5032 2793 5105 illa
2832 5036 2958 5105 est
3022 5030 3316 5126 major,
3353 5030 3434 5104 in
3504 5051 3668 5125 qua.
3707 5033 3976 5106 extre-

719 5168 1024 5261 aliquid
1107 5183 1416 5239 creare.
1499 5158 1764 5232 Probo
1837 5156 2264 5250 majorem,
2385 5169 2516 5221 ma
2561 5149 2826 5222 minus
2859 5147 3387 5229 conveniunt;
3431 5166 3635 5239 ergo
3672 5147 3825 5220 illa
3854 5146 3980 5219 est

720 5287 910 5382 quia
963 5302 1198 5356 omne
1252 5297 1500 5370 agens
1553 5294 1839 5347 creans
1909 5272 2032 5344 est
2088 5271 2267 5342 tota
2383 5286 2704 5338 summa
2778 5263 3222 5359 oppositio,
3283 5264 3361 5338 in
3397 5284 3556 5356 qua
3585 5269 3980 5339 extrema

719 5423 969 5480 causa
1010 5395 1294 5477 creati,
1334 5392 1521 5486 quia
1554 5410 1714 5463 non
1751 5388 2145 5481 operatur
2173 5383 2266 5456 de
2377 5382 2458 5456 in
2523 5384 2749 5455 nullo
2795 5381 3341 5463 conveniunt;
3409 5381 3615 5455 talia
3680 5381 3977 5453 autem

723 5521 1024 5614 aliquo,
1081 5514 1215 5588 sed
1279 5512 1371 5585 de
1440 5507 1748 5581 nihilo:
1796 5506 1929 5577 sed
2001 5500 2264 5574 omnis
2379 5504 2569 5573 sunt
2602 5520 2780 5581 ens,
2845 5503 2927 5572 et
2973 5495 3304 5571 omnino
3356 5496 3587 5605 nih—il,
3654 5495 3859 5589 quia
3893 5492 3974 5565 in

705 5659 982 5726 eausa,
1021 5653 1197 5729 quae
1227 5631 1351 5704 est
1395 5628 1596 5719 tota,
1633 5625 1713 5694 et
1747 5619 2034 5694 totalis
2080 5638 2262 5691 cau-
2370 5617 2614 5689 nullo
2665 5614 3188 5688 conveniunt.
3258 5615 3485 5687 Nunc
3520 5617 3812 5686 autem
3864 5608 3977 5685 vi·

4069 2135 4121 2183 n.
4165 2106 4166 2117 ’

4098 4809 4158 4862 18.
