4252 6393
1666 422 2027 500 QUAEs'rlo
2074 421 2207 485 xv1
3440 419 3559 485 587

369 596 827 682 Unusquisque
891 602 1110 658 atatem
1186 609 1608 655 retituet-orum
1673 588 1909 675 speeie,

364 723 452 777 est
489 731 613 797 per
651 731 739 788 se,
769 720 828 773 et
863 709 932 773 iu
969 729 1035 771 se
1066 726 1259 771 uitus,

450 827 632 898 Non
677 825 939 895 restat
974 820 1255 911 igitur,
1292 818 1450 890 nisi
1486 821 1573 889 ut
1608 834 1914 908 quwra·

365 949 500 1016 tur
535 942 750 1016 ratio
787 939 1027 1032 liujus
1064 936 1405 1012 unitatis
1442 937 1517 1009 in
1544 953 1909 1014 numero,

363 1083 535 1153 quae
577 1080 738 1132 non
782 1060 990 1133 inest
1035 1057 1270 1129 rebus
1313 1051 1792 1131 numeratis,
1831 1055 1916 1124 ut

365 1183 549 1252 sunt
624 1179 1103 1249 numeratae.
1189 1174 1358 1245 Hoc
1427 1170 1642 1244 enim
1720 1165 1914 1239 dicit

365 1293 771 1367 Avicenna
821 1295 886 1363 3.
940 1292 1305 1378 MetaphyS.
1341 1311 1489 1375 cop.
1525 1286 1908 1373 5.Inquan-

366 1428 500 1481 lum
539 1425 632 1479 est
676 1412 1081 1490 denarietos,
1146 1420 1236 1474 est
1289 1430 1434 1473 eum
1470 1409 1912 1494 proprietati-

364 1533 500 1610 buS‚
545 1552 689 1617 quae
726 1530 1127 1594 conveniunt
1158 1525 1461 1591 omuibus
1495 1525 1755 1604 decenn
1798 1525 1914 1591 sed

368 1649 758 1735 inquantum
789 1645 1027 1712 liabent
1065 1641 1557 1709 multitudinem
1586 1693 1602 1724 ‚
1637 1665 1772 1708 uon
1797 1644 1911 1708 lea·

365 1768 510 1833 butt
547 1766 1014 1852 proprietates,
1059 1761 1196 1827 uis-i
1235 1760 1715 1838 mutitudinis,
1768 1782 1912 1846 qua}

364 1893 448 1949 est
481 1883 787 1967 opposita
811 1878 1060 1943 unitati
1093 1902 1112 1940 .·
1146 1886 1206 1940 el
1233 1887 1509 1963 propter
1542 1877 1663 1941 hoe
1692 1875 1912 1940 decem

366 2019 498 2066 uon
547 1996 950 2062 diuiduntur
1004 1993 1363 2059 seeundum
1430 1991 1910 2057 denarietutem

365 2121 431 2183 in
501 2116 723 2181 decem
765 2114 1080 2191 decimaS,
1165 2132 1444 2198 quarum
1508 2109 1913 2196 uunquwaejue

365 2235 597 2301 habeat
625 2233 1106 2319 proprietatem
1139 2228 1602 2318 denarietatiS.
1639 2227 1771 2291 Nee
1800 2227 1909 2292 de·

364 2352 454 2418 bet
499 2351 640 2416 ‹lic-i
676 2348 851 2436 quod
879 2348 1096 2413 decem
1127 2348 1263 2410 siut
1293 2365 1526 2411 norem
1570 2353 1629 2409 et
1661 2364 1860 2408 uumn
1885 2367 1908 2422 ,-

365 2490 475 2533 uec
551 2466 729 2554 quod
795 2476 888 2529 esc
953 2463 1343 2548 compositio
1399 2484 1484 2526 eat
1514 2461 1803 2547 quinque
1850 2471 1909 2526 et

367 2587 704 2672 quinque;
769 2602 976 2666 neque
1032 2601 1115 2642 ιη·
1153 2601 1269 2642 sea:
1308 2589 1367 2642 el
1421 2588 1747 2663 quatuor‚·
1813 2577 1910 2641 rel

366 2724 447 2766 ex
485 2700 697 2767 tribus
737 2709 796 2763 et
826 2708 1071 2783 septem
1089 2720 1113 2775 ,·
1147 2697 1247 2760 vel
1276 2716 1359 2759 es:
1398 2693 1647 2759 cluolms
1708 2704 1768 2758 et
1800 2715 1905 2757 oe-

366 2829 425 2882 te
457 2843 477 2883 .·
516 2816 632 2882 sed
679 2839 763 2880 t'J?
811 2835 941 2879 uno
1002 2825 1062 2878 el
1100 2833 1253 2889 veno,
1299 2821 1358 2875 et
1397 2832 1529 2875 uno
1585 2831 1910 2896 quousque

358 2936 707 3020 pervenias
736 2932 827 2998 cul
851 2932 1064 2996 illum.

449 3049 694 3123 Ratio
730 3051 1004 3120 autem
1043 3044 1281 3134 liujus
1304 3047 1453 3122 est,
1494 3041 1678 3132 quia
1706 3062 1908 3134 qua}-

365 3168 552 3243 libet
593 3167 948 3240 istarum
1010 3160 1756 3236 considerationum
1797 3158 1908 3231 di·

365 3306 596 3358 versa
632 3289 760 3357 est
792 3283 890 3355 ab
912 3283 1100 3360 alia;
1139 3279 1498 3352 essentia
1519 3299 1715 3349 vero
1744 3276 1908 3347 uni-

366 3409 650 3483 tatum,
721 3420 960 3493 quam
1023 3397 1357 3470 includit
1414 3395 1723 3487 species
1774 3415 1908 3464 nu-

368 3519 589 3599 meri,
637 3538 801 3590 non
845 3515 1080 3587 habet
1138 3514 1505 3586 diversos
1562 3511 1909 3584 intellec-

369 3641 493 3709 tus
536 3632 1054 3707 certitudinis
1091 3652 1252 3703 sua}
1299 3658 1313 3700 z
1360 3634 1437 3701 et
1485 3628 1656 3700 ideo
1718 3627 1909 3700 dicit

366 3751 859 3826 Aristoteles
889 3754 954 3823 5.
979 3752 1349 3836 MetaplaeyS.
1382 3759 1540 3814 text.
1567 3749 1671 3817 19.
1703 3743 1907 3835 quod

369 3891 533 3951 sex,
578 3890 740 3941 non
775 3871 962 3940 sunt
1003 3867 1201 3943 tres,
1238 3867 1316 3935 et
1354 3867 1548 3943 tres,
1609 3861 1740 3933 sed
1789 3883 1908 3931 so-

367 3988 530 4059 lum
592 4008 759 4059 sex.
843 3986 986 4056 Est
1054 4002 1254 4073 ergo
1325 3980 1620 4062 unitaS,
1704 3982 1909 4071 quod

371 4105 704 4199 quilibet
736 4122 1151 4183 numerus,
1193 4100 1268 4171 in
1297 4103 1684 4190 quantum
1721 4119 1909 4169 con-

366 4228 530 4296 stat
561 4244 658 4294 ex
697 4220 1062 4314 pluribus
1101 4216 1491 4296 numeris,
1539 4214 1671 4306 qui
1724 4218 1908 4287 sunt

367 4345 640 4433 partes
699 4340 874 4431 ejus
917 4336 1410 4417 numerales,
1483 4339 1569 4409 ut
1621 4341 1790 4410 tres
1831 4339 1910 4408 ct

365 4463 559 4540 tres,
606 4462 686 4532 et
745 4459 1127 4549 quatuor,
1184 4458 1260 4526 et
1314 4454 1493 4533 duo,
1560 4452 1905 4532 senarii;

361 4576 485 4647 vel
526 4597 627 4647 ex
675 4573 1037 4667 pluribus
1090 4570 1538 4643 unitatibus
1588 4571 1910 4660 inquan-

362 4696 530 4764 tum
595 4693 868 4783 plures
914 4692 1126 4770 sunt,
1184 4692 1264 4760 et
1317 4691 1593 4780 partes
1665 4690 1910 4760 matc-

367 4806 642 4887 riales,
718 4806 1023 4879 multus
1090 4807 1215 4876 est
1284 4809 1364 4877 et
1412 4801 1847 4874 divisibilis
1892 4829 1904 4871 :

365 4923 476 4997 ita·
519 4924 729 5015 quod
765 4923 972 4996 tales
1019 4925 1320 5013 parteS,
1372 4923 1458 4992 ut
1494 4923 1675 4991 sunt
1716 4918 1911 4989 mul-

362 5045 486 5123 tae,
534 5044 619 5113 et
669 5061 826 5113 non
879 5060 1150 5119 unum,
1199 5041 1387 5110 sunt
1449 5036 1526 5107 in
1567 5056 1909 5106 numero

364 5157 911 5230 materialiter
996 5153 1504 5233 1nateriales;
1582 5153 1909 5243 inquan-

366 5277 530 5346 tum
568 5293 761 5347 vero
797 5272 1227 5347 multitudo
1256 5271 1607 5345 istorum
1642 5289 1908 5339 nume-

366 5411 650 5462 rorum
709 5390 1287 5468 materialium,
1333 5392 1413 5460 et
1476 5386 1905 5458 multitudo

363 5509 766 5581 unitatum
809 5512 1318 5599 aggregatur
1370 5504 1516 5576 sub
1589 5502 1906 5576 ratione

365 5623 1053 5705 indivisibilitatis,
1107 5622 1429 5695 difficile
1506 5623 1629 5695 ost
1700 5619 1906 5690 inve-

2026 583 2230 666 nire,
2290 583 2457 656 ideo
2490 588 2789 675 negant
2828 581 3078 674 aliqui
3141 601 3571 655 numerum

2030 701 2370 775 realiter
2399 724 2575 773 esse
2619 722 2890 772 unum.

2116 820 2316 892 Dico
2357 819 2634 910 igitur,
2694 819 2900 910 quod
2942 818 3157 893 ratio
3222 815 3575 890 indivisi-

2026 936 2374 1011 bilitatis
2410 937 2484 1007 in
2523 957 2862 1009 numero
2910 957 3093 1018 uno,
3139 936 3347 1008 sicut
3391 953 3578 1026 qua-

2029 1053 2426 1134 ternario,
2506 1054 2631 1125 vel
2711 1051 3105 1134 ternariO,
3198 1050 3343 1123 sub
3419 1070 3575 1142 qua

2029 1171 2424 1245 uniuntur
2475 1173 2853 1252 unitates,
2903 1177 3208 1265 utpote,
3248 1193 3421 1264 quae
3465 1169 3575 1241 in-

2028 1296 2157 1364 ter
2201 1313 2283 1362 se
2318 1296 2503 1364 sunt
2543 1291 2843 1373 divisae,
2900 1291 3044 1362 sub
3110 1309 3265 1382 qua
3324 1288 3572 1363 etiam

2027 1408 2422 1481 uniuntur
2454 1409 2772 1481 numeri
2833 1407 3305 1481 materiales
3346 1426 3573 1481 cons·

2030 1525 2420 1598 tituentes
2482 1547 2726 1597 unum
2768 1544 3225 1605 numerum,
3276 1527 3362 1596 ut
3404 1545 3567 1606 sex,

2028 1649 2406 1734 quatuor,
2466 1644 2788 1724 decem;
2846 1642 3012 1724 illa,
3078 1641 3280 1723 dico,
3358 1642 3571 1715 ratio

2027 1759 2539 1833 indivisibilis
2589 1764 2669 1833 et
2714 1779 2894 1841 una,
2951 1778 3125 1850 quae
3173 1764 3297 1832 est
3357 1758 3572 1832 ratio

2025 1875 2403 1949 formalis
2447 1877 2683 1948 unius
2728 1875 3074 1957 numeri,
3119 1881 3243 1949 est
3296 1874 3570 1948 identi-

2027 1994 2276 2069 tasin
2340 1994 2602 2087 specie
2665 1993 3070 2066 unitatum
3145 1992 3572 2085 replicata-

2028 2134 2235 2194 rum,
2292 2112 2520 2183 illum
2582 2131 3014 2183 numerum
3077 2111 3570 2184 constituen-

2025 2233 2281 2308 tium:
2330 2234 2416 2303 ut
2479 2230 2593 2303 sie
2660 2229 3046 2312 dieamuS,
3104 2229 3309 2322 quod
3366 2249 3570 2319 quae-

2025 2346 2219 2420 libet
2262 2344 2570 2438 species
2611 2343 2929 2415 numeri
2962 2364 3060 2416 ex
3093 2363 3186 2414 eo
3228 2346 3352 2415 est
3386 2362 3566 2424 una,

2026 2463 2215 2555 quia
2257 2466 2580 2535 constat
2622 2481 2719 2531 ex
2782 2481 2965 2542 uno,
3030 2463 3111 2534 et
3162 2479 3319 2531 uno
3364 2459 3570 2550 eius-

2022 2582 2199 2652 dem
2235 2579 2352 2651 rei
2392 2599 2636 2671 usque
2671 2577 2763 2648 ad
2797 2580 3114 2649 certum
3138 2595 3571 2647 numerum

2028 2695 2587 2789 replicationis
2611 2693 2803 2766 talis
2834 2693 3196 2765 numeri:
3236 2692 3343 2765 ita
3370 2689 3575 2784 quod

2027 2837 2183 2887 una
2246 2813 2554 2907 species
2620 2810 2940 2885 numeri
3009 2811 3107 2883 ab
3182 2811 3343 2883 alia
3412 2810 3569 2883 situ

2026 2937 2248 3004 recte
2288 2931 2869 3021 distinguatur,
2943 2932 3282 3020 propter
3327 2927 3574 3019 majo-

2028 3070 2225 3129 rem,
2298 3046 2422 3118 vel
2485 3045 2883 3117 minorem
2955 3042 3573 3136 replicationem

2027 3165 2317 3239 talium
2344 3164 2777 3238 unitatum.
2817 3163 2961 3237 Sed
2997 3162 3368 3255 quaelilfet
3406 3185 3573 3255 spe·

2024 3284 2190 3356 cies
2272 3286 2348 3355 in
2433 3306 2515 3354 se
2596 3281 3137 3362 indivisibilis,
3212 3285 3336 3354 est
3415 3302 3571 3352 una

2024 3407 2367 3493 propter
2491 3398 3059 3472 indivisibilem
3164 3397 3569 3471 rationem

2027 3517 2349 3609 speciei,
2449 3519 2926 3607 inquantum
3004 3519 3130 3588 est
3234 3514 3566 3607 specieS,

2026 3653 2267 3723 quam
2324 3654 2599 3705 omnes
2646 3632 2801 3704 illa}
2847 3630 3200 3705 unitates
3247 3630 3575 3723 partici-

2028 3755 2220 3844 pant
2264 3779 2277 3821 :
2318 3771 2475 3822 non
2549 3750 2763 3823 enim
2816 3749 3021 3823 tales
3066 3749 3420 3821 unitates
3466 3747 3573 3819 in-

2025 3874 2155 3942 ter
2216 3890 2298 3940 se
2365 3868 3001 3960 distinguuntur,
3095 3868 3573 3959 inquantum

2028 3986 2529 4079 participant
2583 3991 2964 4060 naturam
3032 3984 3353 4077 speciei,
3414 3985 3572 4056 imo

2029 4105 2300 4196 potius
2335 4105 2752 4185 uniuntur,
2793 4103 2979 4195 quia
3017 4100 3575 4195 participatio-

2025 4242 2124 4294 ne
2196 4221 2431 4292 unius
2503 4220 2797 4314 speciei
2870 4221 3145 4313 plures
3206 4218 3573 4290 homines

2029 4343 2217 4413 sunt
2263 4360 2465 4410 unus
2529 4338 2799 4419 homo,
2873 4339 3005 4411 sed
3086 4338 3356 4432 potius
3425 4339 3574 4410 dis-

2032 4456 2520 4545 tinguuntur
2564 4476 2708 4548 per
2748 4454 2962 4527 aliud
3023 4456 3227 4547 quod
3277 4460 3400 4529 est
3443 4477 3576 4527 ex-

2026 4577 2161 4645 tra
2237 4573 2641 4645 rationem
2686 4573 3009 4664 speciei.
3060 4576 3155 4645 Et
3201 4572 3373 4645 ideo
3440 4594 3574 4643 nu-

2031 4710 2305 4760 merus
2367 4689 2604 4761 habet
2665 4689 3062 4761 unitatem
3116 4689 3213 4760 ab
3263 4688 3575 4762 unitate

2028 4804 2351 4897 speciei,
2392 4825 2631 4895 quam
2678 4804 3176 4897 participant
3221 4805 3576 4879 unitates

2029 4922 2259 4994 illum
2286 4942 2713 4993 numerum
2738 4922 3359 4996 constituentes.
3396 4926 3577 4996 Non

2026 5060 2224 5129 ergo
2270 5058 2658 5109 numerus
2701 5042 2825 5110 est
2866 5058 3072 5109 unus
3114 5060 3211 5110 ex
3260 5040 3579 5131 quibus-

2025 5178 2368 5247 cumque
2405 5155 2852 5229 unitatibus
2887 5155 3409 5238 constitutus,
3447 5160 3579 5230 sed

2024 5295 2119 5344 ex
2169 5273 2620 5345 unitatibus
2658 5271 3337 5365 participantibus
3369 5295 3577 5346 eam-

2023 5392 2200 5461 dem
2237 5391 2613 5482 speciem.
2646 5394 2744 5464 Et
2780 5394 3083 5482 quanto
3123 5391 3385 5481 magis
3413 5393 3578 5464 uni·

2023 5511 2237 5580 tates
2267 5507 2761 5601 participant
2782 5508 3142 5581 eamdem
3164 5513 3573 5594 naturam,

2024 5628 2253 5700 tanto
2291 5623 2423 5699 ille
2458 5644 2845 5699 numerus
2872 5624 3109 5702 habet
3136 5623 3576 5701 unitiorem

3719 824 3800 876 37.
