4252 6393
192 5077 243 5106 a·

192 5121 228 5175 3.

1656 488 2020 570 QUAES'PlO
2068 492 2086 557 l

296 652 562 744 prima;
613 671 815 743 ergo
847 670 1007 724 non
1049 654 1390 745 possunt
1422 672 1602 725 esse
1624 653 1803 736 duo,

290 769 394 840 vel
450 770 685 862 plura
732 790 957 861 aeque
999 768 1269 861 prima
1309 773 1389 842 et
1454 768 1811 861 perfecta

289 886 511 966 entia:
582 904 784 975 ergo
824 905 1005 958 cum
1038 902 1201 955 non
1235 884 1345 959 sit
1378 905 1811 978 processus

291 1005 355 1077 in
419 1001 818 1074 infinitum
881 1001 962 1073 in
1018 1000 1365 1084 entibus,
1436 1006 1560 1075 est
1617 1004 1810 1076 dare

290 1138 505 1191 unum
586 1118 943 1211 primum
1032 1122 1113 1192 et
1174 1118 1477 1201 solum;
1554 1119 1813 1210 igitur

290 1257 445 1309 cum
489 1236 707 1310 ratio
764 1235 1193 1308 efficientis
1237 1240 1630 1328 sequatur
1679 1257 1812 1309 na-

290 1357 538 1424 turam
577 1350 818 1432 entis,
873 1369 1037 1422 non
1085 1355 1429 1443 possunt
1484 1350 1813 1442 excogi-

295 1466 434 1540 tari
486 1468 642 1539 duo
696 1465 1102 1559 principia
1142 1465 1605 1539 efficientia.

372 1585 591 1665 Item,
630 1582 698 1656 si
743 1585 931 1655 sunt
977 1583 1131 1655 duo
1192 1582 1600 1675 principia
1648 1582 1813 1655 effi-

296 1699 569 1773 cientia
637 1719 862 1791 aeque
907 1697 1201 1791 prima,
1256 1701 1395 1771 aut
1455 1703 1644 1772 sunt
1706 1698 1813 1770 si-

298 1816 525 1897 milia,
598 1817 742 1886 aut
809 1813 1234 1888 contraria
1275 1840 1290 1883 :
1338 1814 1406 1886 si
1477 1813 1808 1898 similia,

292 1935 413 2004 aut
442 1929 845 2024 quodlibet
906 1949 1055 2022 per
1094 1950 1179 2002 80
1218 1934 1342 2003 est
1403 1928 1812 2002 sufficiens

291 2048 371 2120 ad
424 2047 1072 2142 principiandum
1134 2047 1405 2120 omnia
1467 2046 1813 2139 complc-

291 2167 379 2245 te,
440 2185 583 2258 per
627 2183 946 2236 omnem
1008 2164 1371 2245 modum;
1418 2165 1564 2235 aut
1619 2183 1811 2235 neu-

288 2283 485 2354 trum
520 2300 667 2373 per
707 2300 791 2352 se
822 2283 948 2352 est
1003 2277 1437 2359 sufficiens,
1486 2279 1618 2351 sed
1650 2297 1815 2349 am-

287 2397 544 2497 bo.'Si
618 2396 886 2491 primo
939 2394 1198 2476 modo,
1262 2392 1413 2468 hoc
1484 2393 1810 2467 omnino

286 2518 393 2587 est
455 2513 856 2595 mirabile,
942 2512 1129 2604 quia
1214 2517 1405 2585 tunc
1483 2512 1812 2584 omnino

289 2629 627 2704 alterum
690 2627 1280 2722 superflueret:
1319 2631 1621 2701 natura
1674 2647 1816 2698 au-

290 2751 432 2820 tem
502 2747 585 2820 in
648 2754 1151 2838 quocumque
1209 2745 1499 2819 effectu
1571 2764 1814 2835 quan-

288 2867 792 2955 tumcumque
842 2882 1124 2955 parvo,
1205 2862 1464 2935 evitat
1531 2882 1814 2954 supcr-

290 2980 550 3064 fluum;
629 2998 829 3069 ergo
864 2979 1131 3052 minus
1174 2979 1490 3072 patitur
1531 2998 1815 3070 super-

288 3096 673 3172 fluitatem
735 3095 814 3168 in
874 3094 1190 3189 primiS‚
1254 3097 1332 3166 ct
1410 3093 1813 3167 nobilibus

290 3213 731 3307 principiis.
788 3212 870 3286 Si
915 3217 1299 3286 neutrum
1360 3232 1507 3305 per
1565 3234 1648 3283 80
1690 3218 1816 3288 est

289 3332 740 3411 sufficiens;
803 3349 1002 3421 ergo
1065 3329 1473 3421 quodlibet
1522 3333 1648 3403 est
1706 3329 1819 3402 in-

288 3449 768 3542 complctum
836 3446 915 3518 in
999 3445 1322 3519 ratione
1389 3444 1811 3538 principii;

288 3583 467 3656 ergo
507 3568 898 3637 neutrum
956 3566 1083 3636 est
1124 3560 1618 3653 simpliciter
1662 3558 1818 3652 pri-

291 3702 516 3764 mum,
631 3679 817 3772 quia
885 3679 1241 3771 primum
1312 3677 1391 3749 in
1460 3675 1816 3768 quolibet

291 3815 566 3887 genere
611 3798 735 3867 est
796 3794 1124 3867 omnino
1186 3792 1634 3885 perfectum
1696 3813 1819 3863 se-

291 3914 618 3985 cundum
645 3911 1052 3985 rationem
1077 3909 1427 4000 generiS,
1461 3908 1669 3980 sicut
1690 3929 1818 4000 pa·

290 4030 392 4102 tet
421 4030 511 4103 de
542 4029 856 4103 virtute
898 4026 1166 4100 activa
1215 4028 1293 4098 ct
1346 4025 1822 4116 generativa

296 4144 366 4216 in
394 4147 753 4240 qualibet
788 4144 1077 4238 specie,
1115 4163 1440 4235 semper
1465 4142 1821 4236 primum

294 4264 791 4359 simpliciter,
834 4262 1061 4335 debet
1112 4281 1289 4334 0880
1337 4261 1825 4354 simpliciter

296 4384 731 4473 perfectum
770 4406 786 4451 ε
824 4379 893 4452 si
927 4383 1116 4452 sunt
1148 4377 1596 4458 contraria,
1632 4379 1824 4448 tunc

294 4518 521 4571 unum
554 4496 888 4592 impedit
922 4493 1350 4586 reliquum,
1381 4515 1472 4566 ac
1499 4514 1643 4586 per
1673 4492 1825 4565 hoc

295 4619 662 4688 neutrum
690 4616 813 4686 est
840 4610 1316 4704 perfectum.
1365 4608 1555 4701 quia
1589 4627 1829 4699 quan-

299 4733 373 4802 to
426 4729 897 4824 perfectius,
945 4726 1211 4798 minus
1269 4723 1508 4796 habet
1568 4723 1659 4794 de
1706 4742 1830 4794 re-

301 4847 685 4920 sistentia.

388 4965 614 5045 Item,
707 4960 949 5033 homo
1001 4959 1483 5050 inquantum
1554 4952 1826 5036 homo,

313 5081 509 5169 gerit
584 5081 876 5169 typum
958 5072 1346 5153 universi,
1447 5071 1635 5162 quia
1709 5073 1833 5143 est

312 5195 564 5268 minor
600 5191 941 5265 mundus
977 5216 992 5259 :
1028 5192 1153 5262 est
1186 5193 1462 5262 autem
1510 5188 1647 5258 lux
1694 5207 1836 5279 per

309 5311 653 5382 animam
742 5304 1261 5386 rationalem;
1326 5323 1507 5377 cum
1578 5303 1837 5391 igitur

311 5424 383 5496 in
419 5427 692 5499 anima
751 5421 1140 5495 rationali
1201 5422 1308 5495 sit
1368 5440 1612 5492 unum
1675 5419 1838 5511 pri-

314 5563 515 5616 mum
578 5559 934 5621 movens,
1008 5536 1321 5611 scilicet
1413 5537 1831 5618 voluntas;

314 5677 523 5750 ergo,
567 5660 720 5729 etc.

460 5792 605 5847 Tom.
637 5789 729 5844 IV.

3348 509 3465 570 273

2014 658 2244 739 Item,
2311 657 2390 729 in
2452 680 2955 753 quocumque
2997 681 3294 753 genere
3344 670 3467 739 est

1918 770 2112 844 dare
2192 772 2457 846 minus
2527 777 2979 868 perfectum
3048 784 3129 853 et
3202 781 3469 873 majus

1923 887 2420 978 perfectum;
2468 896 2593 965 est
2640 893 2837 965 darc
2898 894 3224 986 aliquod
3280 897 3469 968 sim-

1924 1002 2254 1094 pliciter
2305 1005 2782 1097 perfectum,
2842 1028 3030 1081 nam
3066 1030 3212 1102 per
3258 1032 3473 1084 com-

1925 1120 2439 1211 parationem
2500 1124 2595 1196 ad
2654 1125 2845 1197 illud
2886 1125 3268 1200 dicuntur
3311 1128 3476 1200 alia

1927 1237 2366 1310 secundum
2404 1240 2666 1330 magis
2703 1246 2783 1315 et
2827 1242 3120 1324 minus,
3161 1248 3248 1318 ut
3278 1245 3478 1319 dicit

1925 1354 2270 1443 August.
2331 1358 2399 1427 8.
2471 1358 2553 1424 de
2615 1359 2858 1427 Triuia.
2933 1384 3078 1449 cap.
3132 1364 3196 1433 3.
3246 1363 3476 1435 Nunc

1925 1474 2199 1543 autem
2242 1469 2322 1542 in
2362 1489 2658 1564 genere
2698 1473 3226 1549 efficientium
3261 1477 3470 1549 vide-

1928 1606 2108 1658 mus
2162 1591 2331 1660 tam
2384 1587 2781 1662 intensive
2836 1611 3077 1683 quam
3128 1594 3478 1667 extensi-

1924 1723 2043 1783 ve,
2092 1704 2394 1793 gradus
2439 1704 2517 1776 in
2560 1707 2834 1778 causis
2875 1707 3413 1783 efficientibus
3454 1738 3469 1794 ;

1923 1837 2124 1908 ergo
2159 1823 2283 1893 est
2314 1820 2506 1891 dare
2553 1841 2827 1902 unum,
2886 1825 3093 1914 quod
3134 1829 3259 1899 est
3315 1826 3479 1918 pri-

1929 1954 2151 2005 mum
2195 1939 2274 2008 et
2327 1935 3030 2028 simplicissimum
3096 1961 3480 2014 mensura

1926 2051 2310 2134 aliorum,
2357 2072 2449 2125 ac
2487 2053 2912 2127 minimum
2955 2057 3230 2138 etiam,
3273 2059 3479 2149 quod

1924 2182 2087 2233 non
2133 2167 2401 2255 potest
2451 2187 2630 2236 0880
2676 2166 2835 2238 nisi
2872 2189 3145 2240 unum.

2019 2280 2250 2360 Item,
2289 2280 2356 2351 si
2392 2280 2558 2355 sint
2589 2281 2742 2353 duo
2788 2283 3277 2376 simpliciter
3321 2287 3476 2379 pri-

1927 2414 2085 2475 ma,
2149 2400 2288 2469 aut
2339 2397 2744 2487 quodlibet
2810 2403 2935 2472 est
3005 2403 3181 2473 tota
3230 2423 3478 2475 causa

1925 2510 2361 2603 cujuslibet
2418 2512 2784 2595 effectus,
2821 2520 2902 2588 et
2947 2520 3135 2589 tunc
3209 2518 3476 2590 omnis

1924 2627 2263 2701 effectus
2303 2634 2427 2703 est
2484 2630 2881 2703 duorum:
2929 2636 3070 2705 aut
3127 2653 3288 2704 non
3351 2640 3476 2708 est

1927 2747 2106 2818 tota
2166 2766 2449 2827 causa,
2514 2750 2595 2819 et
2648 2750 2840 2820 tunc
2902 2753 3288 2822 neutrum
3349 2755 3475 2825 cst

1928 2861 2418 2955 simpliciter
2464 2863 2842 2955 primum.

2020 2979 2250 3058 Item,
2306 2978 2583 3068 arguit
2626 2978 3119 3053 Aristoteles
3167 2982 3233 3053 2.
3272 2985 3475 3053 Meta-

1923 3098 2120 3184 plzyS.
2173 3107 2332 3162 leoel.
2368 3099 2434 3167 5.
2470 3108 2532 3164 el
2562 3097 2893 3185 deinceps,
2934 3097 3011 3168 in
3053 3097 3475 3173 efficienti-

1928 3213 2074 3283 bus
2120 3211 2546 3294 ordinatis,
2597 3213 2665 3285 si
2707 3233 2866 3284 non
2918 3218 3043 3287 est
3083 3215 3276 3287 dare
3323 3218 3479 3309 pri-

1931 3348 2176 3409 mum,
2235 3349 2396 3401 non
2458 3333 2583 3402 est
2641 3331 2834 3401 dare
2908 3331 3280 3416 medium,
3335 3353 3479 3407 nec

1932 3446 2338 3519 ultimum.
2368 3449 2568 3519 Cum
2604 3446 2820 3518 enim
2842 3447 2932 3517 de
2969 3449 3289 3521 ratione
3313 3451 3482 3521 esli-

1931 3562 2223 3635 cientis
2258 3562 2365 3635 sit
2419 3582 2771 3643 movere,
2812 3562 2879 3634 si
2925 3563 3280 3656 primum
3323 3586 3483 3638 non

1934 3682 2229 3759 movet,
2293 3698 2437 3750 nec
2519 3679 3000 3768 secundum,
3071 3679 3260 3771 quia
3321 3703 3481 3754 non

1935 3797 2206 3866 movet
2269 3793 2425 3865 nisi
2507 3793 2584 3865 in
2653 3793 2961 3868 virtute
3041 3795 3320 3887 primi,
3402 3803 3481 3872 et

1931 3910 2206 3981 eadem
2311 3908 2628 3983 ratione
2702 3931 2846 3981 nec
2927 3910 3336 3992 ultimum,
3412 3902 3516 3985 si'

1936 4026 2370 4097 secundum
2464 4046 2624 4097 non
2707 4031 3020 4107 movet;
3122 4049 3321 4118 ergo
3413 4030 3478 4102 si

1936 4142 2291 4235 primum
2334 4161 2494 4212 non
2539 4147 2832 4224 movet,
2880 4143 3079 4215 nihil
3121 4146 3232 4219 tit.
3282 4151 3481 4220 Cum

1937 4258 2195 4348 igitur
2272 4259 2350 4330 in
2431 4259 2703 4332 causis
2762 4262 2878 4348 (ut
2926 4260 3255 4354 dicitur)
3321 4284 3482 4336 non

1940 4375 2047 4448 sit
2156 4396 2592 4468 processus
2690 4374 2769 4447 in
2856 4374 3286 4458 infinitum,
3397 4384 3483 4453 ut

1940 4492 2342 4585 probatur
2381 4494 2444 4562 1.
2489 4495 2695 4580 Phys.
2769 4506 2928 4560 text.
2989 4498 3099 4566 35.
3163 4508 3223 4562 et
3298 4498 3485 4566 dein-

1940 4632 2107 4697 ceps,
2148 4606 2337 4697 quia
2379 4627 2562 4678 cum
2610 4606 2923 4680 infinita
2964 4628 3122 4680 non
3172 4611 3486 4701 possint

1945 4722 2464 4816 pertransiri,
2513 4723 2579 4794 si
2641 4721 2936 4813 aliquis
2988 4725 3323 4800 effectus
3365 4729 3486 4801 dc-

1947 4839 2404 4933 pendcreta
2444 4837 2716 4910 causis
2779 4839 3119 4913 infinitis
3175 4844 3489 4916 ordina-

1948 4956 2079 5038 tis,
2125 4975 2537 5046 nunquam
2572 4958 3207 5048 p1·oduceretu1·;
3282 4982 3483 5051 ergo

1949 5072 2017 5144 si
2068 5092 2228 5143 non
2296 5076 2420 5144 est
2491 5072 2850 5163 primum
2931 5096 3288 5158 movens,
3361 5079 3486 5151 vel

1949 5187 2333 5268 efficienS,
2370 5186 2572 5259 nihil
2609 5191 2876 5278 potest
2913 5191 3273 5281 produci.

2039 5301 2312 5393 Aliqui
2370 5302 2646 5374 dicunt
2712 5302 3118 5375 rationem
3161 5329 3340 5378 esse
3386 5310 3491 5382 in-

1952 5417 2533 5498 sufficientem;
2592 5421 2789 5497 tum,
2847 5418 3032 5508 quia
3086 5441 3244 5492 non
3307 5445 3492 5517 pro-

1951 5534 2088 5608 bat
2166 5535 2548 5626 primum,
2596 5533 2751 5605 nisi
2826 5533 2902 5604 in
2961 5536 3495 5614 efficientibus

1956 5671 2100 5744 per
2143 5655 2480 5732 motum,
2530 5649 2886 5742 qualiter
2917 5671 3074 5722 non
3116 5656 3289 5745 agit
3322 5679 3497 5731 cau-

3276 5791 3334 5841 18

3557 696 3770 747 Proba-

3561 766 3654 808 tm·
3697 764 3749 813 4.

3610 2290 3674 2342 20
3686 2330 3697 2342 .

3556 2355 3767 2404 Proba-

3570 2425 3680 2467 tur.
3714 2420 3764 2467 5.

3553 3014 3765 3066 Proba-

3580 3086 3673 3129 tur
3697 3078 3746 3128 6.
