4252 6393
658 439 677 468 z
725 413 844 476 508
1912 418 2012 479 DE
2055 419 2320 482 RERUM
2363 418 2748 482 PRINCIPIO

704 576 893 668 quia
926 576 1014 649 fit
1058 577 1139 648 in
1174 597 1513 668 organo,
1553 599 1696 650 nec
1743 580 1983 650 extra
2024 600 2255 671 orga-
2369 600 2567 670 ergo
2593 600 2774 652 cum
2814 579 3204 671 perfectio
3244 578 3899 672 proportionetur

705 715 933 774 num,
982 697 1062 766 et
1114 694 1406 786 loquor
1458 695 1548 766 de
1597 695 2009 769 intellectu
2065 718 2255 769 con·
2369 694 2880 787 perfectibil'i,
2931 716 3256 768 necesse
3301 702 3448 777 est,
3499 700 3585 768 ut
3637 699 3897 788 poten-

701 810 1012 902 juncto.
1063 809 1326 884 Aliter
1395 815 1693 892 autem,
1740 817 1818 884 et
1871 811 2116 884 aliter
2167 813 2256 884 [it
2368 811 2484 884 tia
2636 812 3127 884 intellectiva
3243 812 3901 905 proportionetur

704 926 939 1009 visi0,
985 932 1065 1001 et
1117 949 1638 1020 quaecumque
1681 927 1841 1000 alia
1894 929 2253 1002 sensatio
2370 928 2625 1019 quoad
2676 932 2975 1009 actum,
3033 949 3168 1000 sen
3217 928 3437 1001 actui
3485 927 3899 1020 particula-

708 1065 851 1137 per
920 1065 1346 1136 organum,
1406 1047 1593 1139 quia
1638 1045 1902 1140 primo
1977 1051 2055 1119 et
2113 1069 2255 1139 per
2371 1042 2485 1116 ris
2557 1046 2991 1128 sensitivae,
3073 1050 3151 1118 et
3221 1045 3764 1119 contrahatur
3816 1045 3899 1115 ad

706 1182 816 1246 se,
882 1161 1070 1254 quia
1113 1163 1194 1234 in
1263 1164 1585 1236 ratione
1630 1164 1821 1238 talis
1871 1165 2251 1256 potentiae
2364 1184 2569 1244 eam,
2608 1162 2853 1236 aliter
2892 1183 3050 1234 non
3075 1163 3528 1255 perficeret,
3575 1165 3662 1233 ut
3695 1164 3900 1253 patet

701 1277 1099 1370 alligatur
1170 1300 1510 1372 organo.
1581 1282 2038 1354 Intellectio
2120 1305 2252 1355 an-
2369 1281 2446 1353 in
2517 1279 2904 1372 praedicta
3004 1280 3472 1370 cognitione
3562 1277 3896 1350 actualis

701 1402 865 1472 tem
932 1395 1050 1469 rei
1123 1398 1734 1490 singularizatae
1814 1401 2254 1474 actualiter
2365 1396 2822 1471 existentioe
2851 1398 2974 1469 rei
3016 1400 3282 1472 extra.

700 1515 1133 1589 existentis
1195 1515 1283 1591 fit
1328 1537 1472 1609 per
1516 1537 1916 1608 organum
1988 1519 2251 1590 solum
2456 1516 2574 1584 Ex
2647 1513 3054 1605 praedictis
3117 1516 3363 1605 patet,
3432 1511 3636 1603 quod
3694 1510 3893 1583 sicut
4007 1542 4069 1590 2⁴.

707 1653 851 1726 per
893 1631 1290 1718 accidens,
1364 1635 1549 1725 quia
1596 1654 1757 1706 non
1801 1639 2069 1726 potest
2120 1637 2253 1706 ha-
2367 1632 2554 1703 sunt
2616 1630 2693 1701 in
2731 1630 3028 1720 majori
3074 1629 3364 1701 mundo
3411 1649 3677 1700 causae
3741 1626 3892 1698 uni·
3958 1603 4103 1715 ’ἷζῇξξζξ

703 1751 893 1824 bere
927 1749 1133 1825 hanc
1178 1751 1727 1844 cognitionem
1790 1753 2251 1828 intellectus
2363 1747 2751 1828 versam&
2872 1751 2955 1821 ut
3038 1751 3306 1821 motus
3386 1747 3753 1820 coelestes
3826 1751 3899 1818 et

3919 1744 4123 1778 camai-mn

3919 1794 3968 1842 in
3990 1791 4141 1843 hominm

705 1868 877 1940 sine
945 1869 1415 1960 cognitione
1476 1870 1847 1944 sensitivi
1897 1871 1976 1942 in
2037 1877 2252 1956 actu,

705 1986 894 2078 quia
964 1986 1053 2060 fit
1101 1986 1177 2059 in
1224 2007 1557 2078 organo.
1620 1986 1745 2059 Fit
1808 1988 2055 2062 etiam
2110 2010 2255 2081 per

704 2120 1129 2194 organum,
1177 2122 1336 2175 non
1382 2102 1564 2194 quia
1625 2102 1712 2175 fit
1782 2102 1862 2174 in
1934 2104 2254 2177 ratione

709 2220 1093 2313 potentiae
1175 2219 1421 2294 alicui
1503 2241 1814 2312 organo
1885 2221 2252 2311 alligata,

705 2337 838 2409 sed
882 2338 1072 2431 qnia
1114 2359 1274 2410 non
1305 2338 1395 2411 fit
1420 2337 1579 2409 nisi
1626 2359 1771 2430 per
1815 2359 2136 2410 sensnm
2175 2339 2254 2410 in

705 2456 923 2536 actil,
963 2458 1043 2530 ct
1079 2452 1216 2526 ille
1260 2475 1406 2547 per
1450 2474 1875 2544 organum.
1922 2455 2254 2527 Nullum

708 2571 981 2641 autem
1020 2570 1596 2642 inconveniens
1629 2571 1777 2652 est,
1817 2570 2022 2662 qnod
2067 2591 2250 2652 una,

707 2689 787 2757 ct
849 2685 1125 2756 cadem
1170 2687 1389 2760 actio
1447 2687 1931 2778 composita,
1976 2686 2082 2759 sit
2143 2709 2258 2758 se-

709 2799 1055 2871 cundum
1090 2820 1332 2871 unam
1378 2802 1501 2873 sui
1546 2807 1861 2894 partem
1929 2804 2255 2893 organi-

706 2937 803 2989 ca
877 2921 956 2990 ct
1022 2938 1165 3009 per
1210 2939 1293 2990 se
1365 2919 1443 2990 in
1487 2917 1632 2992 tali
1706 2918 2091 3012 subjecto,
2177 2923 2253 2992 et

709 3034 1147 3108 secundum
1192 3034 1437 3107 aliam
1484 3035 1874 3126 organica
1928 3057 2071 3129 per
2133 3057 2254 3108 ac-

706 3150 976 3223 cidens
1048 3152 1339 3234 solum,
1404 3154 1486 3226 et
1555 3152 1986 3224 secundum
2051 3153 2255 3225 aeci-

702 3269 894 3341 ‹lens
929 3267 1010 3339 in
1045 3268 1192 3342 tali
1226 3267 1618 3361 subjecto.
1662 3270 1834 3341 Hoc
1889 3268 2103 3340 enim
2161 3270 2255 3340 ad

706 3404 1034 3456 sensum
1074 3387 1295 3476 patet
1342 3408 1355 3450 ε
1400 3383 1587 3474 qnia
1633 3384 1847 3456 actio
1923 3406 2095 3473 qnzev
2132 3388 2254 3457 est

704 3497 1154 3589 generatio,
1202 3503 1326 3571 est
1379 3499 1831 3589 composita
1869 3520 1965 3569 ex
2002 3500 2254 3572 virtu-

705 3619 782 3687 te
824 3614 1065 3706 hujus
1110 3613 1445 3688 seminis
1519 3619 1597 3689 et
1664 3617 1903 3698 Solis
1957 3638 2091 3688 seu
2158 3638 2254 3687 ex

705 3733 1026 3806 actione
1050 3731 1500 3824 utriusque,
1525 3733 1740 3824 (qnia
1787 3732 1865 3804 in
1903 3733 2249 3816 ratione,

706 3869 863 3942 qna
904 3854 1029 3923 cst
1085 3848 1353 3922 virtus
1413 3851 1607 3922 talis
1679 3851 2036 3935 seminiS‚
2112 3872 2258 3944 per

706 3986 789 4037 se
832 3970 956 4040 est
994 3967 1073 4039 in
1115 3966 1262 4041 tali
1307 3967 1638 4058 semine)
1684 3967 1816 4040 sed
1876 3989 1973 4040 ex
2009 3968 2258 4042 ratio-

708 4104 827 4165 ne,
869 4104 1026 4176 qua
1067 4088 1193 4157 est
1243 4082 1453 4157 Solis
1488 4104 1633 4176 per
1684 4084 2075 4168 accidens,
2132 4091 2255 4159 est

2366 1864 2942 1956 particulares,
2991 1865 3105 1936 sic
3153 1864 3227 1935 in
3265 1863 3567 1937 minori
3620 1862 3899 1950 mundo

2365 1979 2707 2068 (scilicet
2797 1980 2874 2051 in
2954 1981 3307 2069 homine)
3386 1984 3573 2055 sunt
3649 2001 3904 2052 causae

2367 2098 2944 2192 particulares,
3059 2097 3413 2172 virtutes
3492 2099 3893 2172 sensitivae

2369 2216 2815 2298 inferioris,
2857 2222 2936 2291 et
2990 2216 3506 2299 universalis,
3555 2216 3767 2292 sicut
3806 2218 3906 2290 in-

2369 2335 2767 2408 tellectus.
2808 2338 2906 2407 Et
2941 2334 3150 2407 sicut
3185 2334 3291 2407 ibi
3327 2334 3696 2409 actiones
3734 2355 3905 2428 par-

2366 2452 2840 2525 ticularium
2934 2452 3471 2544 perficiuntur
3552 2474 3650 2524 ex
3739 2475 3905 2527 con·

2361 2569 2780 2662 junctione
2816 2590 3055 2640 cansa
3073 2588 3255 2640 rum
3290 2570 3898 2652 universalium,

2369 2686 2483 2758 sic
2520 2686 2676 2759 hic.
2729 2689 2824 2758 Et
2877 2690 3105 2759 tanto
3152 2685 3422 2777 major
3471 2690 3594 2758 est
3641 2688 3900 2761 unitas

2369 2803 2781 2894 agentium
2853 2802 3467 2885 universalium,
3531 2808 3611 2877 et
3666 2806 3902 2897 parti-

2368 2921 2769 2992 cularium
2799 2921 2879 2992 in
2913 2920 3261 3002 homine,
3298 2923 3375 2992 et
3412 2921 3681 3014 major
3717 2943 3902 3015 prae-

2371 3035 2830 3108 sentialitas
2875 3036 3091 3109 inter
3141 3057 3249 3116 se,
3297 3041 3600 3127 quanto
3649 3038 3903 3126 major

2369 3156 2491 3224 est
2552 3151 2821 3225 unitas
2869 3152 2946 3224 in
2989 3151 3315 3224 homine
3358 3151 3494 3243 qui
3534 3157 3660 3227 est
3712 3174 3904 3225 unus

2371 3292 2515 3363 per
2574 3270 3042 3351 essentiam,
3111 3290 3350 3361 quam
3395 3269 3474 3342 in
3525 3271 3903 3343 universo

2370 3386 2505 3478 qni
2539 3391 2661 3459 est
2697 3406 2898 3457 unus
2943 3406 3085 3477 per
3117 3385 3711 3459 collectionem.
3763 3386 3907 3457 Un-

2367 3501 2457 3573 de
2491 3501 2646 3573 etsi
2698 3500 2802 3573 ibi
2849 3505 3036 3573 sunt
3081 3500 3335 3573 inulta
3379 3500 3711 3591 agentia
3751 3502 3906 3573 uni·

2369 3617 2723 3688 versalia
2769 3617 2844 3688 in
2883 3618 3367 3706 generando,
3409 3617 3568 3698 Sol,
3606 3623 3688 3690 et
3724 3617 3908 3691 Stel-

2370 3734 2492 3816 lae,
2540 3739 2618 3806 et
2665 3735 2914 3816 Luna,
2963 3755 3122 3805 non
3166 3733 3536 3825 sequitur
3578 3736 3782 3825 quod
3832 3735 3907 3806 in

2370 3850 2695 3923 homine
2740 3849 2900 3922 sint
2929 3851 3201 3924 mnltfe
3236 3850 3588 3923 virtutes
3626 3852 3708 3923 in
3738 3872 3907 3942 cog·

2368 3967 2798 4046 noscendo,
2889 3966 3047 4038 imo
3145 3967 3517 4057 sequitur
3590 3967 3907 4061 opposi-

2374 4088 2540 4157 tum
2589 4087 2927 4176 propter
2963 4083 3357 4175 majorem
3394 4084 3813 4157 nnita-tem.

710 4203 792 4276 in
824 4200 966 4274 illo
1003 4200 1330 4272 semine.
1370 4204 1802 4275 Ostensum
1847 4205 1971 4274 est
2004 4204 2254 4276 etiam

713 4319 1032 4409 snpra‘,
1073 4315 1499 4408 quodlicet
1546 4316 1926 4411 potentia}
1964 4318 2254 4390 animae

715 4433 877 4505 sint
923 4432 1127 4505 idem
1171 4452 1284 4513 re,
1366 4432 1552 4524 quia
1625 4438 1896 4507 tamen
1955 4438 2079 4507 est
2150 4435 2254 4506 ibi

2461 4202 2599 4272 Est
2678 4204 2949 4272 antem
3021 4199 3615 4281 attendendum,
3709 4200 3903 4294 quod
3932 4205 4176 4332 tlffilffijff

2372 4315 2832 4389 intellectus
2869 4316 3314 4409 tripliciter
3345 4319 3731 4389 versatur
3761 4317 3906 4389 cir-
3965 4336 4160 4442 53⁸⁰ng

2370 4454 2456 4504 ca
2487 4433 3037 4524 cognitionem
3070 4433 3416 4506 actualis
3459 4433 3905 4507 existentiae
3932 4420 4130 4515 {fracm-

357 4362 375 4384 ·
417 4371 536 4406 num
564 4358 650 4409 21.

355 5185 454 5297 ign.
489 5184 568 5235 17.
605 5187 655 5232 et

717 4548 1145 4624 multitudo
1191 4548 1269 4622 in
1313 4569 1609 4640 genere
1666 4549 2250 4642 potentiarum,

710 4668 1011 4737 nonest
1047 4665 1614 4739 inconveniens
1646 4667 2255 4739 secundummo-

709 4782 893 4854 (lum
926 4783 1388 4875 expositum
1428 4784 1560 4866 ibi,
1608 4803 1851 4855 unam
1904 4804 2081 4855 esse
2129 4803 2258 4854 or·

714 4899 1109 4993 ganica-m,
1146 4901 1390 4973 aliam
1426 4921 1609 4972 non.

804 5020 1031 5101 Item,
1105 5019 1197 5090 ad
1262 5019 1775 5112 propositum
1840 5021 2256 5090 ostensum

713 5136 864 5209 fuit
907 5139 1197 5229 supra*
1234 5136 1439 5227 quod
1486 5135 1852 5227 potentia
1902 5136 2256 5208 intellec-

708 5255 901 5336 tiva,
952 5258 1076 5327 est
1114 5273 1467 5346 praesens
1523 5252 1890 5324 omnibns
1944 5250 2258 5326 sensiti-

706 5372 829 5444 vis
918 5392 1063 5464 per
1124 5369 1629 5441 influentiam
1691 5372 1770 5441 et
1863 5390 2004 5462 per
2083 5370 2258 5441 snb-

709 5489 1125 5570 stantiam,
1164 5490 1244 5559 et
1286 5485 1533 5559 etiam
1570 5485 1714 5556 sub
1744 5485 2059 5557 ratione
2088 5506 2258 5578 per-

705 5605 1054 5680 ficientis
1080 5625 1215 5676 eas
1252 5604 1329 5675 in
1365 5624 1659 5694 genere
1701 5602 2194 5693 cognitionis
2241 5628 2255 5683 ;

2372 4552 2514 4623 rei.
2569 4553 2742 4623 Uno
2798 4552 3031 4623 modo
3112 4552 3593 4643 speculando
3647 4552 3905 4644 ipsum

2370 4675 2556 4742 actu
2592 4690 2768 4740 esse
2798 4667 2874 4739 in
2911 4667 3082 4760 ipsa
3132 4667 3619 4748 sensatione,
3674 4674 3750 4741 et
3791 4668 3901 4739 sic

2368 4790 2494 4858 est
2569 4804 2724 4857 una
2793 4785 3010 4856 actio
3083 4783 3546 4858 intellectus
3611 4789 3691 4859 et
3742 4804 3906 4855 sen-

2373 4924 2533 4981 sus,
2603 4902 2832 4973 modo
2903 4901 3365 4993 jamdicto.
3437 4902 3616 4974 Alio
3683 4900 3905 4973 modo

2373 5017 2774 5099 reflexim,
2816 5016 3335 5108 intelligendo
3355 5040 3437 5089 se
3463 5017 3908 5109 intelligere

2377 5135 2566 5206 illud
2599 5157 2773 5206 esse
2811 5139 2992 5207 actu
3042 5161 3055 5203 :
3095 5140 3176 5207 et
3220 5133 3402 5225 qnia
3449 5156 3605 5206 non
3647 5139 3766 5207 est
3788 5152 3910 5203 ea-

2370 5250 2542 5322 dem
2620 5251 2831 5321 actio
2894 5249 3204 5345 ‹lii-‘ecta
3255 5254 3335 5323 et
3375 5250 3690 5331 reflexa,
3755 5251 3908 5321 ista

2373 5365 2587 5439 actio
2663 5365 3123 5438 intellectus
3203 5385 3361 5437 non
3439 5369 3563 5437 est
3641 5365 3902 5436 eadem

2373 5504 2553 5556 cum
2591 5482 2908 5555 actione
2945 5504 3254 5562 sensus,
3291 5502 3432 5553 nec
3460 5484 3898 5559 contracta,

2374 5622 2516 5671 nec
2555 5600 2632 5671 in
2672 5619 2981 5691 organo
3025 5597 3591 5671 determinata.
3637 5593 3897 5668 Tertio

3990 4522 4100 4573 tiam
4111 4551 4120 4563 .
