4252 6393
692 453 813 518 614

680 617 847 689 tate
882 611 1249 704 subjecti.
1289 614 1388 684 Et
1421 610 1571 682 hoc
1604 610 1781 682 dico
1830 630 1971 701 por
2014 629 2098 680 sc
2148 612 2227 682 ct

680 730 975 824 primo,
1017 729 1149 800 scd
1182 729 1376 799 benc
1423 748 1566 819 por
1607 726 1999 799 accidens.
2048 726 2229 796 Non

682 848 1082 920 unitatem
1126 846 1223 916 ab
1267 844 1579 916 unitate
1615 843 1992 932 subjecti;
2041 841 2231 932 quia

683 964 888 1056 quod
935 984 1078 1057 per
1119 984 1200 1034 sc
1244 968 1323 1035 et
1383 962 1645 1054 primo
1699 961 1908 1033 inest
1955 958 2228 1039 alicui,

679 1085 801 1153 cst
871 1081 961 1152 dc
1021 1079 1196 1171 ojus
1258 1078 1638 1158 essentia,
1712 1098 1854 1148 nec
1924 1076 2232 1151 virtuto

680 1199 952 1289 aliqua
987 1202 1255 1290 potest
1288 1197 1508 1267 abeo
1545 1195 1965 1286 separari:
2006 1194 2229 1266 etita

686 1316 890 1388 idem
933 1314 1300 1388 accidens
1353 1334 1718 1393 numero,
1774 1312 2020 1384 ctiam
2073 1311 2232 1382 vir-

685 1438 859 1507 tuto
890 1433 1153 1506 divina
1203 1453 1360 1502 non
1414 1434 1683 1522 posset
1726 1453 1902 1500 csso
1950 1431 2028 1500 in
2075 1429 2232 1521 plu·

689 1548 910 1618 ribus
947 1547 1357 1637 subjectis,
1397 1567 1537 1617 noc
1575 1545 1843 1626 simul,
1882 1566 2022 1615 noc
2059 1561 2233 1617 suo-

683 1665 995 1737 cossivc
1058 1691 1069 1733 :
1138 1664 1370 1754 cujus
1422 1660 1935 1734 contrarium
1979 1661 2229 1734 ctiam

683 1782 1042 1853 asseruit
1127 1781 1703 1873 p1·a³dictoru1u
1786 1778 2059 1871 opinio
2154 1779 2229 1850 iu

683 1897 1098 1989 speciebus
1162 1895 1706 1976 Sacramenti,
1781 1895 1987 1986 quod
2060 1917 2231 1987 pos-

683 2020 869 2087 sunt
902 2015 1150 2088 aliam
1199 2014 1742 2086 substantiam
1791 2012 2022 2105 panis
2066 2013 2230 2084 asli-

681 2153 892 2213 ccre,
949 2132 1015 2203 si
1069 2135 1280 2205 Deus
1316 2151 1494 2202 cam
1546 2136 1894 2210 crearet,
1975 2135 2054 2203 ct
2115 2152 2230 2200 es-

683 2254 803 2322 sct
852 2249 1052 2322 idem
1095 2247 1464 2320 accidens
1504 2267 1845 2317 numero
1895 2249 2232 2337 proptor

686 2364 1081 2438 unitatem
1149 2388 1284 2431 esse
1360 2362 1705 2434 actualis
1782 2362 1856 2432 iu
1924 2363 2229 2434 duobus

684 2481 1098 2570 subjectis.
1168 2482 1329 2552 Nec
1392 2479 1639 2551 etiam
1706 2477 1997 2551 liabent
2068 2480 2232 2571 plu-

685 2597 1102 2671 ralitatem
1166 2617 1204 2666 a
1295 2595 1766 2687 pluralitate
1841 2595 2226 2687 subjecti;

683 2735 897 2794 nam,
951 2718 1034 2785 ut
1090 2717 1505 2783 ostensum
1549 2716 1696 2790 est,
1766 2711 1964 2783 idem
2027 2714 2229 2786 acci-

680 2832 871 2902 dens
935 2828 1363 2901 continuat
1429 2848 1663 2898 suum
1725 2852 1855 2894 ans-se
1911 2829 2229 2901 actuale

684 2947 888 3019 idem
931 2965 1270 3016 numero
1328 2945 1404 3015 iu
1445 2944 1750 3016 duobus
1812 2944 2224 3034 subjectis,

684 3066 964 3155 utpote
1014 3062 1090 3132 in
1136 3080 1324 3132 acre
1377 3065 1456 3135 ot
1507 3062 1583 3133 in
1639 3060 1843 3150 igne,
1899 3067 1977 3135 ot
2056 3063 2227 3134 idco

681 3185 805 3254 cst
840 3178 1002 3252 illis
1043 3179 1241 3251 idem
1289 3199 1655 3250 numero.
1701 3180 1794 3250 Et
1830 3178 1896 3249 si
1932 3181 2229 3248 natura

684 3300 957 3391 posset
993 3315 1486 3368 conservare
1518 3320 1653 3362 esse
1686 3295 2004 3366 actuale
2030 3294 2229 3366 acci-

681 3412 944 3485 dentis
979 3413 1150 3484 sino
1195 3412 1581 3503 subjecto,
1623 3411 1824 3482 idom
1860 3410 2228 3482 accidens

684 3549 1025 3600 numero
1060 3534 1275 3601 essct
1313 3528 1765 3599 i11(liv‹·1·sis
1811 3528 2225 3613 subjectis,

681 3649 1420 3736 quantumcumque
1477 3665 1718 3715 uuum
1766 3643 2229 3717 succederet

681 3758 925 3830 altori
990 3777 1130 3850 per
1194 3756 1425 3828 unius
1485 3757 1822 3830 totalem
1893 3777 2229 3848 corrup-

683 3874 1012 3955 tionem,
1077 3878 1156 3946 ct
1207 3873 1551 3946 alterius
1615 3874 1953 3945 totalem
2000 3893 2227 3961 gonc-

685 3992 1088 4067 rationem
1179 3992 1436 4062 media.
1519 3991 2120 4082 interruptione
2210 4018 2223 4060 :

684 4110 816 4182 sed
851 4108 1034 4201 quia
1073 4112 1368 4180 natura
1404 4129 1560 4179 non
1600 4112 1866 4200 potest
1909 4128 2229 4179 conscr-

680 4247 879 4301 vare
945 4251 1079 4295 esse
1155 4225 1473 4298 actuale
1541 4224 1978 4299 accidentis
2059 4224 2229 4297 sinc

685 4341 1071 4431 subjecto,
1148 4340 1319 4412 idco
1390 4345 1784 4432 corrupto
1865 4341 2227 4432 subJ'octo

687 4460 1337 4549 corrumpuntur
1475 4458 1946 4539 accidentia,
2073 4459 2228 4531 nisi

686 4576 828 4653 liat
883 4594 1027 4667 per
1087 4574 1540 4664 quamdam,
1617 4579 1700 4647 ut
1767 4575 1876 4648 ita
1935 4576 2223 4659 dicam,

684 4690 1280 4765 successionem
1313 4691 1786 4763 continuam
1829 4692 2225 4782 subjecto-

682 4829 888 4887 rum,
939 4806 1150 4887 sicut
1181 4807 1345 4879 dixi
1378 4808 1468 4878 do
1502 4828 1715 4889 aero,
1753 4812 1833 4880 et
1875 4809 1964 4879 do
2010 4808 2220 4896 igno.

1235 5005 1638 5061 SCHOIAUM.

743 5162 864 5216 Hoc
926 5157 1093 5219 idem
1153 5158 1621 5215 as<eritseot11s
1679 5158 1741 5212 in
1804 5156 1857 5211 4.
1919 5156 2059 5213 dist.
2136 5159 2218 5211 12.

669 5260 974 5333 qua-..sna
1037 5271 1096 5312 n.
1163 5256 1246 5310 12.
1308 5259 1366 5310 et
1421 5255 1503 5308 15.
1569 5254 1872 5309 nimirum
1934 5254 2217 5311 eamdem

671 5358 1106 5430 quantitatem,
1167 5359 1226 5409 et
1283 5351 1653 5417 accidentia,
1715 5366 1854 5421 quae
1914 5358 2092 5407 eraut
2156 5354 2215 5408 iu

676 5457 873 5528 priori
911 5454 1252 5510 substantia
1286 5452 1486 5521 pani&
1522 5464 1851 5505 remancre
1900 5451 1963 5505 iu
1999 5456 2218 5507 sacra-

675 5557 876 5609 mento
919 5552 1342 5615 Eucharistiae,
1406 5548 1748 5617 eademque
1807 5563 2214 5619 perseverare

674 5653 738 5707 in
771 5651 894 5709 alia
926 5650 1264 5706 substantia
1298 5649 1370 5705 de
1405 5663 1563 5704 novo
1607 5646 1976 5713 introducta,
2019 5649 2068 5704 si
2103 5663 2215 5719 per

1853 449 1954 509 DE
2002 446 2269 510 RERUM
2314 444 2698 508 PRINCIPIO

2337 608 2740 674 creationem,
2771 611 2878 668 aut
2907 607 3031 666 alio
3060 621 3454 686 quocumque
3514 606 3691 672 modo
3743 609 3871 666 oub-

2347 706 2803 774 introducatur,
2839 710 2900 764 et
2960 707 3214 766 afficere
3245 723 3440 782 posse
3469 708 3631 774 hanc
3671 721 3877 774 secun-

2346 805 2483 862 dam
2517 805 2953 873 substantiam,
2987 821 3106 863 non
3138 820 3314 865 secus
3344 821 3413 866 ac
3445 807 3735 892 primam.

2456 991 2552 1060 Et
2634 986 2801 1060 haec
2888 987 3192 1061 solutio
3273 987 3520 1062 solvit
3603 1008 3871 1061 omncs

2350 1104 2713 1177 rationes
2802 1104 3333 1197 praecedentis
3430 1105 3870 1198 posltionis.

2347 1223 2567 1305 Quod
2615 1223 2829 1294 onim
2882 1222 3250 1295 accidens
3295 1223 3783 1316 simpliciter
3808 1227 3880 1296 et

2348 1338 2935 1410 universaliter
3026 1342 3619 1431 corrumpatur
3715 1358 3877 1411 cor-

2354 1459 2594 1547 rupta
2681 1455 2898 1526 omni
2986 1455 3257 1528 forma
3343 1454 3873 1534 substantiali,

2346 1593 2505 1644 non
2597 1573 2861 1645 solum
2955 1573 3214 1664 quoad
3306 1575 3515 1643 inesse
3608 1578 3688 1645 et
3785 1573 3879 1644 in-

2348 1689 3051 1769 terminationem,
3128 1689 3260 1761 sed
3319 1687 3567 1761 etiam
3635 1688 3878 1781 quoad

2344 1830 2479 1876 esse
2518 1812 2596 1879 et
2650 1805 3169 1898 simplicitor;
3233 1805 3398 1877 dixi
3467 1805 3676 1896 quod
3743 1804 3878 1877 hoc

2346 1926 2468 1995 est
2550 1943 2693 2014 por
2770 1920 3166 2000 accidens,
3241 1921 3428 2013 quia
3495 1925 3878 2014 corrupta

2345 2038 2613 2110 forma
2672 2037 3189 2112 substantiali
3262 2039 3341 2110 in
3406 2037 3873 2130 composito,

2345 2161 2426 2229 et
2460 2155 2608 2227 hoc
2647 2155 2726 2227 in
2760 2155 3120 2248 speciali,
3165 2155 3735 2248 corrumpitur
3761 2177 3878 2222 esse

2346 2273 2691 2354 actuale,
2750 2293 2906 2363 quo
2949 2277 3347 2364 corrupto
3396 2292 3541 2365 per
3579 2292 3665 2344 se
3721 2291 3875 2345 cor-

2351 2389 2765 2480 rumpitur
2796 2412 2928 2456 esse
2961 2388 3427 2468 accidentis,
3475 2392 3645 2461 tam
3688 2408 3877 2462 com-

2349 2506 2621 2598 positi,
2679 2526 2918 2597 quam
2972 2505 3214 2596 hujus
3268 2505 3707 2579 accidentis
3756 2525 3876 2576 nu-

2350 2623 2733 2694 meralis:
2783 2623 2993 2696 sicut
3033 2622 3227 2694 (licit
3277 2625 3878 2696 Commentator

2342 2740 2408 2809 8.
2449 2741 2816 2827 Meloplin.
2853 2753 3195 2807 comment.
3232 2741 3298 2809 5.
3339 2736 3529 2828 quia
3560 2757 3875 2828 corrup·

2347 2859 2425 2927 ta
2500 2855 2915 2928 caliditate
2991 2854 3557 2946 corrumpitur
3624 2854 3876 2926 forma

2348 2971 2914 3045 substantialis
2986 2970 3223 3060 ignis,
3300 2973 3433 3043 sed
3493 2973 3875 3066 corrupta

2346 3087 2611 3158 forma
2684 3087 3230 3168 substantiali,
3304 3108 3462 3158 non
3524 3106 3874 3159 corrum-

2350 3205 2571 3295 pitur
2628 3228 2763 3271 esse
2821 3204 3142 3276 actuale
3200 3203 3596 3284 accidens,
3641 3203 3874 3274 etiam

2350 3341 2491 3412 por
2559 3320 2953 3401 accidens,
3020 3320 3178 3393 nisi
3244 3325 3580 3413 propter
3649 3319 3876 3392 inter-

2347 3437 2838 3529 ruptionem.
2924 3440 3022 3510 Et
3110 3437 3179 3508 si
3275 3436 3423 3508 hoc
3494 3437 3635 3509 fiat
3716 3434 3878 3505 sine

2346 3554 2980 3646 interruptiono,
3065 3557 3149 3624 ut
3224 3553 3387 3625 dixi
3463 3554 3556 3625 de
3642 3550 3873 3643 quali·

2345 3670 2649 3743 tatibus
2694 3670 3192 3760 symbolicis,
3242 3674 3465 3763 patet
3520 3670 3719 3763 quod
3772 3667 3872 3739 ibi

2346 3809 2503 3859 non
2591 3788 2828 3860 habet
2907 3788 3200 3860 locum.
3290 3791 3404 3861 De
3482 3786 3872 3890 quantita-

2347 3909 2422 3978 tc
2471 3909 2690 3997 patet
2736 3904 2810 3976 in
2858 3905 3189 3997 speciali
3243 3905 3447 3997 quod
3497 3926 3655 3977 non
3703 3922 3869 3975 con·

2345 4022 2698 4100 cludunt,
2776 4021 2964 4112 quia
3005 4022 3182 4113 ejus
3236 4022 3685 4111 subjectum
3724 4038 3866 4090 non

2344 4143 2469 4210 est
2531 4139 2878 4211 materia
2940 4139 3173 4218 nuda,
3223 4140 3355 4210 sed
3416 4140 3564 4210 sub
3622 4138 3859 4211 forma

2343 4254 2784 4347 corporali,
2837 4260 2918 4327 et
2990 4256 3195 4329 idem
3246 4277 3569 4348 semper
3619 4255 3865 4327 manet

2344 4370 2518 4461 ejus
2582 4371 3029 4462 subjectum
3092 4392 3254 4443 non
3305 4372 3858 4464 interruptum.

2680 4675 3146 4757 QUAESTIO
3247 4676 3546 4751 XVIII.

2345 4874 2575 4939 Utrum
2615 4886 2890 4963 tempus,
2936 4888 2996 4942 el
3028 4889 3261 4959 motu-5,
3315 4879 3452 4951 sine
3505 4878 3677 4951 idem
3716 4874 3829 4949 re?

2424 4990 2548 5067 vel,
2619 4991 2848 5056 Utrum
2910 5002 3162 5078 tempus
3216 4996 3301 5059 si!
3360 4994 3621 5081 aliquid
3683 5002 3849 5061 exera

2424 5106 2777 5171 animam‘7

2330 5292 2635 5350 Aristoteles
2669 5294 2721 5350 4.
2754 5296 2970 5361 physic.
3010 5312 3131 5364 cap.
3167 5295 3254 5351 10.
3298 5303 3425 5351 text.
3463 5297 3550 5354 0⁴.
3574 5303 3619 5352 et
3647 5311 3754 5361 cap.
3780 5292 3849 5348 12.

2403 5372 2529 5421 tare.
2580 5366 2696 5420 118.
2742 5366 2970 5437 August.
3022 5366 3105 5423 11.
3153 5369 3486 5433 Confession.
3539 5386 3648 5437 cap.
3691 5367 3769 5427 ⁶23.
3812 5371 3851 5418 f!

2400 5438 2488 5493 24.
2523 5440 2586 5495 D.
2621 5437 2810 5493 Thon).
2854 5438 2901 5492 4.
2931 5439 3147 5505 physic.
3185 5443 3305 5495 lect.
3362 5442 3445 5495 11.
3482 5438 3787 5497 Richard.in
3805 5440 3849 5490 2-

2401 5513 2529 5565 dist.
2562 5516 2614 5565 2.
2650 5526 2698 5576 q.
2732 5510 2777 5565 1.
2807 5517 2914 5564 are.
2952 5511 2998 5564 I.
3032 5512 3279 5580 Maymn.
3306 5528 3356 5579 q.
3382 5511 3657 5583 &Argunt
3689 5514 3849 5579 qum.

2400 5582 2448 5635 1.
2487 5588 2599 5637 arc.
2641 5584 2684 5636 1.
2721 5580 2918 5637 Bassol.
2954 5588 3064 5638 art.
3102 5581 3148 5637 3.
3180 5582 3343 5639 Gabr.
3377 5590 3562 5650 φησι.
3599 5585 3644 5641 1.
3671 5586 3843 5639 Oetam

2396 5659 2587 5721 qua-se.
2644 5653 2725 5707 10.
2771 5656 2927 5710 Suat.
2966 5658 3026 5709 in
3060 5656 3179 5709 Met.
3209 5656 3351 5723 disp.
3387 5656 3475 5711 50.
3510 5663 3630 5711 sect.
3661 5653 3710 5710 9.
3747 5653 3837 5708 00-

3989 1036 4045 1087 &⁶1
