4252 6393
714 380 831 449 608

701 547 874 618 rius
946 567 1044 617 cx
1089 545 1350 638 priori
1410 553 1891 637 generatum
1932 577 1945 618 ;
1986 554 2063 622 et
2129 550 2242 623 sic

704 667 1029 755 oportet
1078 666 1338 737 totam
1380 665 1807 739 entitatem
1850 669 1928 739 et
1976 672 2245 742 actua-

701 781 1020 853 litatem
1083 786 1564 875 corruptam
1603 783 1901 867 fuisse,
1940 789 2019 856 et
2091 784 2243 858 hoc

698 902 818 971 cst
903 899 1426 992 impossibile.
1493 900 1717 974 Licet
1776 902 1992 974 enim
2043 902 2244 976 talia

700 1034 856 1086 non
919 1015 1080 1088 sint
1144 1015 1377 1108 plura
1446 1017 1807 1108 subjecta
1870 1022 2241 1111 respectu

699 1130 891 1205 talis
942 1132 1405 1212 accidentis,
1479 1136 1565 1205 ut
1620 1134 2246 1206 considerantur

699 1268 846 1341 per
880 1269 989 1331 se,
1044 1254 1124 1323 et
1159 1250 1592 1323 secundum
1631 1250 2037 1324 rationem
2075 1273 2242 1344 spe-

698 1367 874 1449 ciei,
924 1368 1236 1442 scilicet
1291 1368 1652 1461 subjecta
1696 1373 2114 1463 corrupta,
2164 1371 2241 1440 et

699 1489 1088 1572 generata
1141 1485 1767 1559 considerantur
1808 1487 2241 1558 secundum

700 1621 809 1680 se,
883 1619 1044 1671 non
1089 1606 1173 1674 ut
1214 1620 1499 1673 verum
1563 1602 2013 1693 subJectum
2073 1622 2242 1673 res-

700 1719 930 1806 pectu
969 1716 1157 1789 talis
1191 1717 1626 1790 accidentis
1664 1718 2097 1789 secundum
2129 1738 2236 1799 se,

695 1835 775 1905 et
820 1835 1252 1906 secundum
1280 1855 1510 1906 suam
1543 1833 1894 1926 speciem
1924 1858 1938 1914 ;
1971 1838 2241 1907 tamen

698 1950 783 2020 ut
861 1949 1489 2023 considerantur
1568 1949 1734 2022 haec
1807 1949 2241 2022 secundum

692 2089 825 2134 esse
869 2067 1111 2146 reale,
1161 2066 1520 2139 saetacst
1558 2067 1638 2139 in
1681 2067 1797 2139 cis
1833 2067 2241 2159 interrup-

691 2182 833 2256 tio.

783 2301 883 2372 Et
913 2319 1200 2370 verum
1233 2304 1358 2374 cst
1397 2299 1662 2372 dicere
1695 2300 1786 2370 de
1817 2300 2235 2391 corrupto,

697 2416 903 2506 quod
946 2416 1374 2508 aliquando
1419 2417 1597 2497 fuit,
1643 2421 1723 2488 et
1788 2417 2019 2488 modo
2079 2434 2238 2486 non

693 2536 842 2613 est,
888 2536 968 2606 et
998 2534 1089 2605 de
1125 2539 1542 2622 generatO,
1582 2534 1786 2624 quod
1809 2533 2237 2624 aliquando

693 2669 852 2719 non
917 2648 1095 2730 fuit,
1163 2653 1239 2722 ct
1301 2671 1510 2722 nunc
1578 2655 1771 2723 est:
1847 2649 2019 2722 ideo
2100 2648 2240 2720 illa

690 2769 1016 2857 oportet
1037 2787 1214 2838 0880
1251 2766 1486 2859 plura
1525 2766 1885 2856 subjecta
1919 2764 2239 2838 ratione

691 2882 1348 2975 interruptionis,
1406 2883 1840 2955 secundum
1901 2902 2238 2974 corrup-

687 2999 994 3073 tionem
1060 3006 1140 3073 et
1199 3002 1837 3090 generationem.
1895 3002 1996 3072 Et
2063 2999 2236 3071 ideo

689 3116 881 3191 licet
933 3115 1370 3189 humiditas
1412 3135 1640 3208 aquae
1683 3119 2095 3208 generatae
2136 3136 2233 3188 ex

690 3253 878 3306 aere
927 3253 1086 3307 non
1126 3234 1445 3307 dicatur
1492 3255 1670 3305 0880
1711 3232 1873 3306 alia
1934 3233 2033 3305 ab
2097 3232 2237 3304 liu-

692 3351 1058 3425 miditate
1112 3349 1353 3431 aeris,
1409 3352 1746 3442 propter
1787 3367 2236 3441 repugnan-

691 3468 890 3541 tiam
934 3488 1160 3559 aquae
1218 3469 1295 3538 ct
1338 3466 1556 3538 aeris
1621 3486 1767 3558 per
1829 3486 1936 3547 se,
1990 3469 2067 3537 et
2112 3487 2234 3538 se-

687 3586 1028 3659 cundum
1073 3604 1260 3656 suas
1305 3584 1641 3665 formaS,
1680 3582 1868 3675 quia
1900 3582 2233 3654 humidi-

685 3707 814 3775 tas
858 3702 1184 3792 utrique
1244 3700 1691 3790 contingit;
1753 3699 2053 3773 (licitur
2114 3705 2233 3774 ta-

688 3840 867 3891 men
910 3819 1073 3891 alia
1110 3820 1446 3911 propter
1486 3817 1660 3910 ejus
1698 3817 2234 3910 interruptio-

682 3957 892 4017 nem,
931 3940 1009 4009 et
1033 3935 1678 4027 corruptionem,
1718 3954 1960 4025 quam
1993 3934 2232 4009 habet

683 4053 760 4125 in
813 4052 1349 4146 corruptione
1392 4052 1637 4124 aeris.
1697 4054 1793 4125 Et
1859 4051 2029 4122 ideo
2093 4050 2230 4123 hu·

684 4167 1009 4242 miditas
1053 4166 1412 4240 existens
1465 4167 1543 4239 in
1613 4186 1822 4257 aqua
1881 4170 1961 4240 et
2011 4185 2225 4248 aere,

680 4286 803 4356 cst
847 4282 1034 4363 alia,
1080 4287 1160 4355 ct
1193 4280 1379 4362 alia,
1437 4283 1778 4373 propter
1810 4280 2229 4354 alietatem

684 4396 1027 4487 subjecti
1053 4397 1483 4469 secundum
1510 4393 2223 4487 interruptionem.

1125 4733 1367 4791 ARTIC.
1454 4731 1519 4788 11.
1583 4732 1786 4787 SECT.
1851 4732 1920 4786 11.

686 4918 1135 4997 Quantitalem
1170 4929 1229 4981 cl
1261 4915 1613 5003 qualitales
1650 4911 2047 4999 symbolicas
2085 4930 2227 4974 cas—

767 5036 918 5101 dem
972 5054 1317 5101 remanere
1367 5032 1439 5096 in
1478 5040 1789 5117 qmicralo
1835 5040 1893 5092 cl
1946 5028 2018 5091 in
2076 5046 2225 5090 cor-

764 5162 983 5237 rupea.

1870 386 1973 450 DE
2018 383 2282 452 RERUM
2329 388 2720 455 PRINCIPIO

2358 552 2561 625 tium
2604 553 3269 643 symbolicorum,
3331 560 3410 630 et
3457 556 3549 629 de
3593 557 3903 650 quanti-

2358 670 2551 750 tate,
2592 690 2766 761 quae
2807 670 3129 744 videtur
3175 674 3632 746 communis
3676 693 3902 764 gene·

2361 789 2543 858 rato
2577 789 2657 859 et
2688 793 3107 880 corrupto.
3160 791 3305 861 Sed
3338 791 3658 864 videtur
3706 790 3900 862 mihi

2360 904 2797 976 secundum
2854 906 3317 986 veritatem,
3396 907 3601 998 quod
3658 906 3906 978 aliter

2356 1024 2626 1112 potest
2670 1022 2978 1094 salvari
3045 1023 3359 1098 veritas
3415 1024 3557 1104 rei,
3634 1030 3902 1098 osten-

2354 1135 2600 1207 dendo
2680 1138 2884 1228 quod
2940 1138 3238 1209 eaedem
3280 1136 3697 1229 quantitas
3768 1158 3904 1208 nu-

2357 1267 2607 1331 mero,
2672 1254 2752 1324 et
2811 1252 3061 1324 etiam
3129 1254 3425 1326 eaedem
3462 1253 3902 1345 qualitates

2357 1368 2824 1456 symbolicae
2883 1374 3307 1445 remanent
3370 1373 3448 1443 in
3507 1377 3901 1463 generato

2356 1487 2435 1556 et
2469 1489 2893 1578 corrupto.

2480 1601 2591 1673 Ad
2671 1601 2911 1694 hujus
3004 1603 3118 1674 rei
3207 1603 3693 1678 evidentiam
3781 1610 3905 1679 est

2356 1717 2795 1798 sciendum,
2868 1719 3073 1809 quod
3163 1719 3550 1811 praedicta
3627 1719 3903 1813 opinio

2356 1834 2582 1927 ponit
2650 1854 2801 1926 pro
2845 1837 3020 1907 toto
3082 1834 3626 1919 fundamento,
3695 1839 3905 1930 quod

2354 1949 2793 2023 accidentia
2866 1950 3544 2024 contrarietatem
3615 1949 3905 2024 haben-

2355 2066 2503 2150 tia,
2648 2071 3299 2160 corrumpuntur
3436 2066 3899 2160 dupliciter.

2351 2185 2615 2255 Unum
2659 2188 2784 2259 est
2815 2205 2862 2258 a
2905 2207 3051 2258 suo
3086 2184 3536 2268 contrariO,
3585 2189 3673 2260 ut
3714 2186 3900 2259 dum

2352 2319 2453 2371 ex
2516 2318 2706 2372 aere
2756 2301 2847 2374 fit
2892 2299 3130 2392 ignis,
3176 2299 3618 2374 humiditas
3678 2301 3901 2373 aeris

2353 2416 2918 2510 corrumpitur
2958 2434 3005 2487 a
3046 2415 3460 2490 caliditate
3522 2415 3763 2506 Ignis,
3830 2421 3908 2491 et

2352 2549 2398 2600 a
2430 2534 2608 2604 tota
2649 2537 2949 2605 natura
2984 2531 3220 2623 ignis,
3260 2551 3436 2623 quae
3467 2530 3541 2603 ei
3576 2536 3904 2604 contra-

2355 2646 2649 2732 riatur,
2699 2655 2779 2723 et
2822 2649 2937 2723 sic
2978 2650 3547 2743 corrumpitur
3598 2669 3749 2741 per
3796 2669 3902 2721 80.

2352 2763 2532 2836 Alio
2578 2767 2811 2839 modo
2852 2767 3423 2860 corrumpitur
3474 2786 3520 2838 a
3560 2786 3904 2860 corrup-

2351 2881 2574 2955 tione
2646 2883 3014 2976 subjecti,
3068 2904 3115 2955 a
3184 2905 3341 2975 quo
3419 2881 3657 2954 habet
3739 2905 3899 2963 esse,

2352 2997 2664 3072 scilicet
2742 3019 2888 3091 per
2954 2998 3570 3091 corruptionem
3649 2998 3901 3080 aeris,

2352 3116 2537 3208 quia
2589 3114 3041 3209 subjectum
3082 3116 3216 3189 dat
3256 3139 3390 3184 esse
3438 3114 3843 3188 accidenti
3886 3142 3900 3184 ε

2348 3237 2428 3305 et
2490 3232 2678 3324 quia
2719 3232 3171 3326 subjectum
3232 3231 3675 3306 accidentis
3742 3252 3905 3305 non

2348 3352 2613 3424 solum
2646 3355 2770 3426 est
2803 3351 3176 3435 materia,
3223 3353 3357 3424 sed
3387 3355 3651 3426 totum
3686 3371 3909 3424 com-

2346 3467 2706 3561 positum
2747 3490 2845 3541 ex
2888 3466 3236 3544 materia
3269 3472 3349 3542 et
3390 3468 3687 3549 forma,
3729 3468 3905 3541 ideo

2348 3589 2744 3677 corrupto
2797 3584 2934 3656 illo
2987 3584 3475 3676 composito,
3523 3604 3905 3657 corrum-

2347 3704 2654 3793 puntur
2678 3701 2950 3774 omnia
2982 3701 3456 3783 accidentia,
3496 3722 3780 3793 quaecu
3797 3724 3904 3776 1n-

2347 3840 2498 3911 que
2529 3819 2603 3891 ei
2635 3817 2936 3901 insunt,
2988 3824 3156 3893 tam
3183 3819 3597 3912 quantitas
3651 3840 3903 3911 quam

2344 3935 2530 4018 alia,
2588 3957 2763 4027 quae
2829 3935 3121 4009 habent
3176 3935 3719 4019 contrarium,
3775 3937 3905 4009 vel

2343 4072 2504 4125 non
2566 4051 2862 4125 habent
2921 4051 3463 4125 contrarium.
3545 4054 3714 4126 Isto
3788 4075 3905 4125 se·

2342 4168 2599 4241 cundo
2638 4169 2870 4240 modo
2931 4173 3584 4261 corrumpuntur
3627 4169 3901 4241 solum

2343 4282 2791 4357 accidentia
2835 4283 3287 4375 symbolica
3318 4287 3399 4355 et
3444 4283 3897 4374 quantitas,

2344 4420 2518 4491 quae
2550 4405 2673 4473 cst
2715 4420 3041 4491 corpus,
3087 4421 3229 4492 per
3269 4400 3682 4480 accidens:
3731 4399 3903 4492 p'ri-

2345 4538 2474 4589 mo
2522 4522 2604 4592 et
2672 4517 3018 4591 secundo
3065 4519 3298 4590 modo
3351 4538 3898 4611 corrumpun-

2340 4636 2480 4706 tur
2519 4634 2992 4715 accidentia‚
3032 4654 3207 4725 quae
3241 4632 3539 4708 habent
3570 4640 3901 4709 contra-

2343 4750 2748 4825 rietatem.
2814 4753 2913 4823 Et
2979 4753 3153 4824 tota
3198 4749 3415 4824 ratio
3476 4755 3626 4831 est,
3703 4750 3900 4842 quia

2342 4868 2614 4941 omnia
2684 4867 3134 4941 accidentia
3210 4866 3507 4941 habent
3590 4888 3769 4940 0880
3852 4887 3901 4939 a

2341 4984 2729 5078 subjecto,
2778 5005 2933 5076 quo
2977 4989 3370 5077 corrupto
3423 4985 3900 5057 necessario

2340 5104 3013 5195 corrumpuntur.

2432 5221 2659 5300 Item,
2724 5220 3264 5310 argumentor
3298 5217 3414 5290 sic
3459 5242 3475 5287 ε
3533 5217 3717 5309 quia
3760 5238 3894 5291 ac·

772 5349 976 5420 Ecce
1019 5347 1321 5438 quanta
1364 5343 1595 5435 sylva
1647 5340 2088 5411 verborum
2144 5303 2269 5409 et⁸
2337 5333 2683 5407 cidentia
2760 5332 3212 5423 symbolica
3280 5352 3441 5403 non
3516 5334 3894 5408 determi-

682 5463 1151 5558 opinionum
1215 5461 1294 5532 in
1367 5460 1526 5532 ista
1599 5455 2070 5548 quaestione,
2134 5453 2225 5524 de
2337 5454 2534 5524 nant
2594 5449 2745 5522 sibi
2796 5448 3146 5523 formam
3212 5449 3649 5522 secundum
3708 5471 3895 5543 spe-

682 5582 911 5656 modo
975 5577 1336 5653 salvandi
1395 5573 1792 5645 unitatem
1871 5570 2226 5644 acciden-

2335 5566 2566 5646 ciem‚
2624 5565 2813 5659 quia
2864 5570 3205 5658 possunt
3238 5564 3504 5638 inesse
3544 5565 3894 5639 diversis
