4252 6393
552 390 675 455 654

1042 773 1469 831 ARTICULUS
1547 777 1588 831 Ι.

768 949 1173 1034 Resermzlur
1232 956 1441 1018 varia»
1495 958 1855 1021 sententia».

203 1178 397 1243 Opinio
414 1191 511 1232 ne.
596 1152 783 1225 Fuit
804 1151 1060 1242 igitur
1081 1152 1541 1244 aliquorum
1565 1154 1861 1247 opinio,
1884 1159 2088 1249 quod

195 1243 477 1309 qualium,

545 1268 883 1342 realiter
923 1274 1047 1343 tot
1106 1275 1376 1344 essent
1436 1276 1833 1365 tempora,
1892 1281 2087 1366 quot

543 1391 728 1459 sunt
781 1392 1075 1468 motus,
1158 1389 1326 1461 sive
1413 1394 1604 1482 quot
1684 1394 1869 1463 sunt
1947 1415 2088 1484 per

540 1503 861 1592 tempus
925 1508 1437 1586 mensurata;
1502 1511 1581 1578 ct
1642 1510 1846 1598 quod
1893 1513 2083 1581 tem-

538 1637 686 1709 pus
746 1617 1055 1689 nullam
1117 1619 1357 1695 habet
1427 1623 1850 1706 unitatem,
1926 1626 2080 1698 nisi

538 1734 937 1809 unitatem
984 1736 1486 1820 intentionis,
1536 1761 1776 1832 quam
1835 1744 1906 1815 ci
1949 1744 2084 1816 dat

541 1849 1028 1935 intellectuS,
1158 1857 1823 1946 quemadmodum
1892 1858 2084 1930 dici—

539 1986 743 2049 mus,
807 1970 1012 2059 quod
1071 1970 1438 2043 homines
1499 1978 1686 2047 sunt
1747 1974 2085 2047 realiter

535 2084 875 2165 diversi;
938 2086 1070 2158 scd
1113 2088 1508 2163 unitatem
1566 2090 1945 2171 hominis,
1996 2096 2083 2164 ut

535 2199 731 2274 dicit
782 2202 967 2292 quid
1018 2204 1506 2287 universale,
1565 2204 1866 2278 format
1930 2206 2081 2278 sibi

539 2320 1026 2403 intellectus,
1148 2325 1337 2416 quia
1405 2326 1868 2397 universale
1938 2325 2083 2397 sub

540 2438 858 2510 ratione
936 2440 1278 2514 unitatis
1339 2462 1497 2513 non
1576 2446 1700 2515 est
1763 2443 1921 2516 nisi
2003 2444 2081 2515 in

539 2554 979 2630 intellectu.
1067 2559 1289 2632 Sicut
1366 2560 1580 2631 enim
1645 2560 1712 2631 si
1770 2562 1940 2632 duae
1996 2561 2080 2632 li-

535 2693 736 2753 neae,
825 2676 953 2746 vel
1031 2676 1185 2748 duo
1290 2697 1647 2769 corpora
1750 2679 2078 2751 omnino

534 2791 879 2882 aequalia
936 2792 1151 2865 inter
1210 2814 1294 2864 sc
1355 2797 1650 2873 essent,
1728 2794 2080 2867 intellec-

532 2911 666 2981 tus
710 2908 991 2982 statim
1037 2908 1635 3001 imaginaretur
1673 2910 1789 2982 eis
1837 2931 2078 2983 unam

533 3042 1002 3097 mensuram
1062 3046 1602 3107 communem,
1675 3031 1753 3099 et
1827 3048 2075 3099 unum

532 3163 1044 3218 communem
1079 3144 1373 3226 locum,
1426 3144 1792 3238 quamvis
1827 3144 2078 3220 etiam

531 3273 692 3328 non
733 3259 1001 3328 essent
1056 3256 1200 3327 sub
1257 3256 1654 3330 exteriori
1698 3257 2069 3330 locante:

532 3371 647 3444 sic
685 3372 990 3444 duobus
1041 3372 1565 3452 mirabilibus,
1603 3372 1727 3442 vel
1773 3372 2075 3446 duabus

529 3510 818 3564 eorum
884 3490 1453 3563 durationibus
1533 3490 1684 3563 sibi
1767 3490 2074 3562 coexis-

527 3609 917 3691 tentibus‚
1008 3609 1469 3682 intellectus
1570 3608 2076 3698 imaginatur

523 3745 768 3798 unam
829 3746 1341 3798 communem
1383 3725 1926 3798 durationem.
1978 3728 2072 3796 Et

523 3841 673 3915 hoc
721 3841 1096 3922 maxime,
1137 3842 1323 3934 quia
1365 3862 1547 3915 cum
1604 3845 1918 3932 tempus
1967 3840 2074 3913 sit

529 3979 913 4031 mensura.
982 3959 1442 4033 durationis
1506 3959 1650 4040 rei,
1718 3979 1891 4049 quae
1949 3961 2070 4028 est

522 4075 915 4149 dimensio
1008 4078 1240 4168 quasi
1323 4077 1402 4148 in
1482 4077 1836 4167 longum,
1918 4076 2071 4146 duo

522 4194 922 4268 durabilia
991 4193 1235 4267 simul
1299 4197 1686 4286 protensa
1734 4211 1895 4263 non
1961 4190 2071 4261 fa-

523 4315 748 4387 ciunt
788 4311 1110 4403 aliquod
1146 4310 1409 4401 majus
1445 4338 1458 4381 :
1497 4313 1577 4382 et
1613 4308 1783 4381 ideo
1828 4327 2069 4399 quan-

529 4433 703 4500 tum
745 4424 841 4496 ad
885 4423 1515 4516 reputationem,
1557 4427 1636 4496 et
1670 4421 2067 4513 acceptio·

523 4563 707 4615 nem
786 4542 1276 4622 intellectuS‚
1355 4559 1515 4611 non
1576 4541 2070 4632 reputantur

521 4659 679 4732 nisi
714 4678 862 4752 pro
896 4677 1052 4729 uno
1084 4655 1455 4736 durabili,
1494 4654 1863 4746 quamvis
1899 4673 2069 4725 rca-

527 4777 717 4851 liter
777 4774 939 4847 sint
988 4774 1140 4844 duo
1182 4771 1608 4844 durabilia.
1658 4770 1883 4843 Sicut
1914 4772 2067 4842 duo

521 4913 879 4988 corpora
948 4890 1164 4964 inter
1247 4911 1331 4961 se
1398 4910 1494 4960 ex
1564 4892 1861 4961 natura
1923 4908 2069 4960 sua

523 5015 711 5085 sunt
761 5011 913 5082 duo
970 5005 1331 5086 realiter,
1401 5004 1769 5098 quamvis
1812 5005 1910 5076 ab
1958 5006 2065 5077 in-

522 5127 880 5204 tellectu,
928 5125 1016 5194 ut
1067 5139 1224 5191 una
1259 5117 1700 5210 quantitas,
1736 5118 1862 5189 vel
1911 5138 2065 5190 una

516 5243 912 5318 dimensio
946 5237 1458 5330 accipiantur
1504 5261 1516 5303 :
1569 5235 1644 5307 in
1696 5255 2063 5307 numera·

521 5361 739 5434 tione
762 5357 978 5431 enim
1009 5350 1537 5446 longitudinis
1572 5353 2059 5442 temporum,

521 5499 683 5551 non
722 5476 999 5549 valent
1033 5471 1214 5565 plus
1247 5470 1444 5548 duae,
1484 5485 1724 5558 quam
1761 5486 1943 5538 una.

610 5592 818 5669 Moti
886 5595 1158 5663 autem
1220 5589 1409 5658 sunt
1452 5581 1817 5675 praedicti
1857 5582 2063 5655 Doc-

1718 399 1820 462 DE
1865 398 2132 464 RERUM
2176 395 2562 472 PRINCIPIO

2209 568 2431 637 tores
2526 569 2621 641 ad
2707 570 2855 642 hoc
2951 572 3368 649 dicendum
3437 577 3754 672 triplici
3814 582 4085 633 Funda-

3780 646 4138 695 mentatu-

2207 682 2550 754 ratione.
2617 686 2894 760 Prima
2959 710 3059 761 ex
3103 695 3335 782 parte
3402 694 4138 788 subjectijmopinio-

2204 797 2319 870 sic
2388 820 2399 863 ε
2465 801 2653 891 quia
2719 824 2903 876 cum
2960 807 3588 886 determinatum
3641 814 3753 887 sit

2205 914 2278 985 in
2326 920 2666 1007 quadam
2713 926 3195 1014 praecedenti
3229 929 3672 1018 quaestione
3697 937 3745 1014 ‘,

3917 772 4038 819 nis.

3811 942 3836 961 ⁶
3881 946 4094 1002 quaest.

3813 1000 3912 1051 17.
3954 1015 4017 1051 n.
4048 1003 4106 1053 2.

2199 1034 2278 1103 et
2308 1037 2763 1109 communis
2827 1040 2933 1113 sit
2979 1042 3278 1133 opinio,
3347 1045 3547 1135 quod
3591 1046 3747 1117 sal·
3827 1069 3894 1113 et
3936 1078 4095 1129 seqq.

2200 1152 2363 1221 tem
2409 1171 2555 1243 per
2596 1155 2964 1228 accidens
3015 1159 3111 1230 ad
3179 1160 3746 1252 pluralitatem

2202 1264 2756 1355 subjectorum
2819 1273 3189 1363 sequitur
3246 1276 3749 1367 plurificatio

2203 1382 2731 1473 propriorum
2800 1388 3364 1473 accidentium,
3439 1396 3517 1464 et
3571 1413 3752 1485 pas-

2202 1498 2522 1570 sionum
2569 1529 2580 1571 :
2633 1503 2819 1593 quia
2869 1525 3105 1577 omne
3149 1507 3518 1580 accidens
3568 1530 3755 1582 con-

2201 1614 2458 1689 trahit
2502 1617 2898 1693 unitatem
2942 1624 3445 1696 numeralem
3482 1645 3528 1696 a
3562 1625 3751 1697 sub—

2191 1729 2410 1821 jecto
2493 1753 2664 1815 suo,
2760 1734 2968 1809 sicut
3053 1737 3302 1812 etiam
3377 1764 3532 1819 esse,
3618 1739 3752 1811 vel

2196 1846 2679 1929 existentiae,
2776 1855 2853 1922 et
2934 1873 3095 1924 non
3170 1876 3212 1927 e
3289 1856 3744 1930 contrario.

2197 1963 2415 2036 Unde
2466 1966 2676 2040 sicut
2738 1969 3196 2046 substantia
3237 1995 3335 2045 ex
3376 1973 3744 2048 naturali

2202 2079 2477 2153 ordine
2577 2086 3116 2177 praeexigitur
3200 2090 3294 2160 ad
3388 2089 3743 2165 existen-

2199 2195 2396 2269 tiam
2460 2200 2924 2284 accidentis,
3010 2204 3125 2276 sic
3195 2205 3373 2298 ejus
3463 2208 3740 2281 unitas

2197 2315 2292 2385 ad
2336 2316 2731 2389 unitatem
2792 2320 3256 2394 accidentis,
3327 2322 3545 2395 Unde
3614 2346 3742 2396 se-

2196 2434 2537 2506 cundum
2581 2433 2731 2508 hoc
2776 2438 2869 2509 ad
2928 2438 3325 2513 unitatem
3367 2461 3745 2513 numera-

2198 2549 2352 2621 lem
2395 2550 2834 2625 accidentis
2877 2574 3036 2625 non
3096 2555 3394 2630 sufficit
3438 2577 3748 2650 ponere

2199 2665 2428 2757 plura
2511 2668 2897 2760 subiecta,
2973 2692 3144 2762 quae
3232 2694 3391 2745 non
3469 2680 3750 2749 essent

2195 2781 2439 2855 aliter
2515 2804 2787 2867 unum,
2878 2786 3034 2859 nisi
3131 2790 3318 2881 quia
3397 2790 3750 2866 subsunt

2191 2898 2445 2970 eidem
2507 2901 2926 2984 accidenti,
2991 2905 3117 2977 vel
3187 2908 3482 2982 unitati
3555 2931 3748 2983 con-

2192 3019 2473 3107 ceptus
2518 3016 2837 3090 mentiS.

2282 3133 2504 3208 Sicut
2563 3134 2811 3209 etiam
2868 3136 3118 3230 aliqui
3173 3140 3468 3225 dicunt,
3526 3147 3741 3237 quod

2194 3271 2471 3323 omnes
2516 3258 2787 3326 motus
2839 3254 3079 3327 simul
3130 3258 3598 3342 existentes,
3649 3268 3740 3336 et

2195 3387 2336 3458 per
2405 3371 2726 3442 modum
2787 3369 3190 3445 linearum
3257 3376 3597 3451 fluentes
3652 3379 3740 3451 in

2190 3484 2557 3574 longum,
2641 3485 2939 3559 habent
3018 3489 3418 3564 rationem
3494 3497 3740 3568 unius

2192 3599 2532 3691 subjecti
2588 3607 2958 3696 respectu
3018 3608 3447 3699 temporis,
3501 3615 3580 3684 et
3634 3612 3744 3684 ab

2192 3716 2561 3789 omnibus
2611 3719 2911 3793 talibus
2966 3722 3345 3806 motibus,
3412 3732 3498 3800 ut
3563 3728 3741 3798 uni-

2187 3831 2570 3907 formiter
2619 3837 3052 3912 fluentibus
3115 3839 3387 3915 dicunt
3452 3841 3740 3917 haberi

2188 3950 2646 4024 unitatem:
2697 3952 2885 4044 quia
2948 3975 3224 4028 omnes
3289 3961 3553 4030 motus
3615 3960 3738 4032 sic

2184 4069 2493 4160 accepti
2537 4068 2835 4144 habent
2870 4071 3275 4146 rationem
3322 4074 3555 4147 unius
3596 4077 3738 4149 du-

2188 4182 2562 4265 rationis,
2618 4191 2700 4260 et
2752 4187 2988 4260 unius
3030 4190 3447 4272 durabilis,
3513 4193 3738 4265 scili-

2184 4302 2313 4372 cet
2354 4301 2434 4372 in
2474 4301 2834 4394 longum.
2883 4304 3106 4379 Sicut
3151 4326 3352 4399 ergo
3395 4307 3734 4382 infinitae

2184 4416 2416 4489 lineae
2479 4419 2723 4490 simul
2781 4443 2958 4493 esse
3031 4430 3371 4515 possunt
3430 4447 3524 4498 ex
3587 4427 3737 4500 illa

2184 4541 2445 4626 parte,
2495 4557 2650 4628 qua
2682 4538 3182 4614 dimensione
3219 4548 3527 4626 carent,
3577 4547 3738 4618 sci-

2183 4649 2445 4725 liceta
2499 4657 2731 4745 parte
2785 4654 3262 4740 latitudinis,
3307 4662 3478 4748 (nec
3516 4662 3737 4735 enim

2184 4770 2270 4841 ut
2305 4776 2890 4844 mensurantur
2925 4773 3002 4845 in
3036 4775 3395 4867 longum,
3435 4799 3742 4871 ponun-

2185 4887 2321 4957 tur
2366 4888 2443 4960 in
2485 4910 2953 4973 numerum;
3011 4894 3142 4965 sed
3185 4895 3458 4966 eadem
3520 4917 3738 4968 men-

2183 5022 2404 5085 sura,
2469 5008 2550 5078 et
2613 5004 2881 5088 simul,
2932 5007 3061 5079 vel
3117 5007 3371 5082 simili
3422 5031 3744 5083 mensu-

2185 5123 2519 5210 rantur)
2609 5120 2722 5194 ita
2811 5128 3081 5198 motus
3176 5146 3495 5210 omneS,
3598 5129 3740 5219 qui

2181 5237 2438 5310 fluunt
2469 5258 2613 5331 per
2656 5241 2976 5312 modum
3013 5242 3415 5315 linearum
3452 5244 3531 5316 in
3562 5245 3740 5318 lon-

2180 5374 2397 5444 gum,
2438 5355 2682 5428 simul
2727 5362 2911 5431 sunt
2953 5367 3325 5454 respectu
3369 5362 3738 5456 ejusdem

2179 5468 2415 5540 unius
2460 5473 2859 5564 temporis
2923 5503 2937 5546 :
3004 5482 3085 5549 ct
3155 5477 3346 5570 quia
3409 5485 3741 5573 tempus

2179 5593 2600 5660 mensurat
2645 5609 2924 5664 omnes
2968 5598 3239 5668 motus
3286 5597 3734 5674 secundum
