4252 6393
54 1188 380 1242 Secundam.

1761 418 2128 494 QUAEs‘rlo
2175 418 2362 480 xxm

410 600 654 674 quens
716 600 880 653 non
942 580 1281 671 grando.
1347 578 1430 651 Si
1494 577 1723 671 prius
1777 596 1958 649 eon-

410 701 786 771 vertatur
820 698 901 771 in
944 717 1269 790 aquam,
1318 694 1698 788 sequitur
1748 693 1957 786 quod

408 834 617 906 aqua
659 813 821 887 ista
869 815 1300 887 descendet
1340 812 1751 892 deorsum,
1810 829 1957 881 nee

407 934 793 1024 expectat
862 930 1214 1004 ulterius
1274 931 1522 1002 donee
1590 927 1958 1019 congele-

413 1055 570 1123 tur.

501 1162 889 1243 Secundo,
929 1164 1116 1256 quia
1147 1164 1455 1255 grando
1478 1162 1569 1237 fit
1592 1183 1635 1235 a
1658 1160 1962 1251 frigidi-

411 1286 583 1354 tate
605 1281 1155 1376 intemperata
1182 1308 1196 1352 :
1220 1301 1420 1372 ergo
1453 1299 1610 1351 non
1642 1279 1733 1353 fit
1763 1283 1958 1353 tem-

304 1458 313 1464 .
410 1402 748 1495 poribus
790 1399 1302 1494 temperatis,
1341 1420 1515 1491 quae
1550 1403 1737 1473 sunt
1768 1399 1954 1477 Ver,

84 2597 340 2648 Tertium.

66 3897 359 3950 Quartum.

102 5408 351 5470 Opposit.

402 1524 487 1592 et
531 1520 1021 1593 Autumnus,
1060 1515 1664 1609 Consequentia
1707 1517 1953 1595 tenet,

403 1635 597 1726 quia
656 1640 1032 1728 tempore
1100 1637 1562 1726 temperato
1622 1651 1782 1703 non
1834 1633 1960 1703 est

402 1753 686 1844 aliqua
737 1752 1095 1844 qualitas
1148 1750 1721 1843 intemperata,
1770 1747 1959 1839 quia

399 1870 599 1942 dato
669 1869 877 1960 quod
928 1867 1073 1950 sic,
1130 1866 1304 1960 jam
1357 1870 1575 1938 esset
1636 1869 1959 1957 tempus

404 1990 991 2077 temperatum.
1048 1986 1148 2057 Et
1194 1981 1679 2055 antecedens
1720 1999 1960 2074 appa·

406 2107 543 2175 ret
603 2122 751 2195 per
812 2100 1347 2176 Aristotelem
1410 2098 1489 2170 in
1552 2101 1808 2178 textu,
1881 2100 1961 2170 et

405 2238 562 2311 per
638 2217 1104 2297 Albertum,
1197 2215 1330 2307 qui
1406 2214 1673 2289 voluit
1756 2212 1962 2305 quod

404 2335 728 2425 grando
784 2333 928 2408 fiat
993 2353 1092 2406 ex
1152 2329 1586 2404 excellenti
1656 2327 1962 2419 frigidi·

407 2455 616 2524 tate.

505 2566 814 2648 Tertio,
860 2565 1052 2658 quia
1092 2565 1404 2654 grando
1429 2556 1537 2637 'fit
1570 2563 1670 2636 ab
1708 2562 1964 2636 excel-

405 2683 620 2756 lenti
654 2681 975 2774 frigido,
1012 2681 1136 2753 vel
1170 2702 1219 2753 a
1250 2679 1549 2771 frigido
1578 2679 1959 2760 remisso;

403 2800 483 2872 si
525 2800 631 2872 ab
667 2800 1124 2881 excellenti,
1171 2820 1358 2872 eum
1412 2799 1494 2871 in
1536 2797 1826 2889 hyeme
1858 2795 1965 2871 sit

402 2916 835 3008 frigiditas
892 2916 1157 3006 magis
1204 2916 1638 2997 excellcnS‚
1693 2934 1965 3005 seque-

404 3039 655 3107 retur
705 3033 913 3123 quod
967 3032 1045 3105 in
1087 3029 1376 3123 hyeme
1420 3030 1692 3123 potius
1742 3028 1965 3102 debe-

408 3155 547 3224 ret
620 3147 1003 3241 generari
1061 3149 1398 3241 grando,
1464 3166 1704 3239 quam
1778 3145 1965 3219 aliis

402 3267 961 3360 temporibus;
1037 3266 1106 3339 si
1185 3286 1233 3337 a
1318 3264 1619 3356 frigido
1696 3263 1961 3345 debili,

408 3388 614 3457 tunc
660 3382 853 3454 illud
883 3401 1045 3454 non
1078 3380 1429 3453 sufficiet
1457 3397 1969 3469 congregare

404 3519 818 3593 vaporem
862 3518 1352 3572 conversum
1397 3496 1479 3569 in
1519 3517 1842 3588 aquam,
1888 3498 1993 3581 et,

410 3638 573 3711 per
637 3636 1142 3708 consequens
1212 3634 1375 3687 non
1439 3613 1969 3705 generabitur

414 3731 764 3823 grando,

525 3852 866 3931 Quarto,
942 3847 1012 3919 si
1084 3846 1225 3920 illo
1292 3850 1665 3938 tempore
1740 3846 1968 3922 debet

418 3963 737 4056 grando
779 3961 1187 4054 generari,
1222 3965 1303 4035 et
1337 3961 1659 4054 saepiuS,
1698 3962 1777 4033 in
1812 3981 1966 4053 quo

412 4086 553 4154 est
583 4078 983 4152 intensior
1013 4077 1426 4169 srigiditas
1458 4080 1799 4150 causata
1827 4097 1970 4169 per

413 4194 1053 4289 antiperistasin
1120 4214 1167 4265 a
1232 4191 1512 4265 calore
1581 4193 1968 4266 circums-

414 4317 682 4394 tante;
729 4314 863 4385 sed
902 4310 1054 4384 hoe
1083 4314 1210 4384 est
1245 4310 1323 4382 in
1355 4314 1674 4391 aestate;
1715 4310 1971 4402 igitur

419 4432 503 4503 in
538 4433 826 4504 aestate
861 4428 1122 4520 magis
1152 4427 1382 4501 debet
1413 4425 1598 4499 fieri
1629 4427 1965 4519 grando,

421 4568 670 4641 quam
716 4548 952 4626 Vere,
1015 4543 1142 4616 vel
1210 4544 1652 4618 Autumno.
1702 4544 1972 4637 Major

421 4667 657 4758 patet
712 4683 811 4734 ex
854 4661 1088 4734 modo
1131 4660 1691 4751 generationis
1734 4681 1971 4752 gran·

419 4781 664 4855 dinis.
718 4781 820 4852 Et
865 4776 1135 4851 minor
1176 4780 1425 4870 patet,
1474 4777 1664 4869 quia
1710 4778 1787 4852 in
1830 4800 1971 4850 aes-

419 4901 598 4972 tate
649 4901 774 4969 est
833 4893 1100 4987 major
1141 4894 1375 4967 calor
1417 4894 1971 4969 circumstans

415 5013 716 5086 nubem
749 5030 1175 5103 aquosam.

517 5127 1004 5223 Oppositum
1038 5126 1425 5218 arguitur
1468 5148 1613 5220 per
1661 5127 1972 5202 Aristo-

421 5247 675 5322 telem
721 5247 801 5318 in
838 5244 997 5318 isto
1041 5244 1336 5338 primo.

526 5366 617 5435 In
669 5363 832 5435 ista
886 5362 1356 5454 quaestione,
1395 5362 1662 5454 primo
1712 5363 1976 5435 viden-

422 5482 620 5554 dum
662 5483 789 5553 est
830 5479 920 5550 de
972 5477 1292 5570 pruina,
1336 5480 1416 5551 et
1461 5479 1692 5550 modo
1745 5498 1978 5569 gene-

424 5598 789 5673 rationis
822 5596 1022 5689 ejus,
1067 5615 1253 5667 nam
1288 5594 1517 5686 prius
1557 5595 1823 5668 visum
1855 5600 1981 5670 est

3535 417 3646 482 109

2068 576 2161 647 de
2203 575 2388 649 aliis
2422 575 3098 670 impressionibus
3132 578 3437 668 aqueis.
3488 583 3616 654 Se·

2072 693 2329 765 eundo
2375 693 2780 767 videbitur
2828 694 2918 765 de
2972 694 3344 785 quaesite.

2571 1027 3010 1086 ARTICULUS
3061 1027 3105 1083 1.

2072 1201 2169 1266 De
2217 1203 2472 1287 pruina
2535 1213 2596 1268 et
2661 1202 2854 1268 modo
2918 1204 3372 1290 qenerationis
3440 1208 3607 1295 ejus,

2163 1402 2569 1480 Quantum
2621 1401 2716 1472 ad
2760 1400 3143 1493 primum,
3200 1401 3611 1475 sciendum
3767 1433 3816 1484 2,

2073 1513 2279 1605 quod
2333 1515 2624 1606 pruina
2674 1521 3121 1607 generatur
3167 1537 3265 1589 ex
3304 1538 3609 1611 vapore
3637 1495 3966 1626 {3²2⁶ssssssss

2075 1631 2418 1713 modico,
2471 1636 2551 1706 et
2605 1633 2908 1715 subtili,
2945 1633 3262 1707 clevato
3311 1656 3455 1728 per
3485 1657 3611 1708 ea·
3643 1635 3784 1710 ω’,

2074 1747 2333 1819 lorem
2379 1747 2459 1821 in
2492 1749 2966 1824 inferiorem
3003 1756 3319 1843 partem
3357 1751 3616 1842 regio-

2073 1863 2200 1936 nis
2239 1864 2486 1947 aeriS,
2524 1866 2656 1957 qui
2689 1886 2951 1958 vapor
2985 1866 3462 1958 priusquam
3501 1868 3617 1941 sic

2077 1981 2581 2056 sufficienter
2648 1981 3190 2064 humefactus,
3243 1983 3618 2075 congela-

2076 2103 2238 2180 tur,
2284 2103 2365 2171 et
2405 2099 2885 2188 congelatus
2926 2097 3140 2171 cadit
3183 2100 3618 2172 secundum

2078 2218 2357 2306 partes
2409 2214 2945 2287 insensibiles.
3010 2216 3128 2285 Ex
3181 2235 3338 2306 quo
3396 2219 3620 2309 patet
3709 2230 3967 2282 convenit

2079 2327 2286 2419 quod
2337 2348 2473 2400 ros
2524 2333 2603 2402 et
2647 2329 2940 2421 pruina
2989 2331 3485 2405 conveniunt
3536 2332 3619 2405 in
3645 2310 3767 2345 ‘'⁸⁰'‘
3801 2307 3943 2342 'm‘

2081 2445 2456 2526 materia,
2515 2446 2595 2518 in
2647 2467 2803 2538 qua
2857 2451 3383 2539 generantur,
3431 2449 3623 2540 quia

2080 2566 2517 2654 utrumque
2607 2569 3054 2655 generatur
3129 2587 3229 2638 ex
3317 2586 3622 2658 vapore

2081 2679 2395 2753 modico
2442 2685 2522 2754 et
2568 2681 2874 2755 subtili.
2927 2685 3288 2757 Secundo
3338 2705 3622 2757 eonve-

2080 2795 2315 2869 niunt
2386 2796 2465 2869 in
2536 2798 2715 2871 loco
2794 2820 2960 2870 suae
3032 2800 3618 2888 generationis,

2082 2911 2274 3003 quia
2313 2918 2755 3006 utrumque
2804 2921 3253 3005 generatur
3305 2917 3383 2989 in
3433 2917 3622 2990 infe·

2086 3027 2290 3102 riori
2326 3029 2660 3119 regione
2704 3032 2948 3103 aeris.
3007 3031 3286 3105 Tertio
3337 3053 3623 3106 conve·

2081 3143 2316 3219 niunt
2377 3145 2457 3218 in
2518 3147 2750 3220 modo
2809 3147 3160 3230 cadendi,
3209 3148 3397 3241 quia
3455 3153 3623 3224 tam

2086 3279 2248 3342 rOS,
2291 3282 2530 3353 quam
2578 3262 2871 3355 pruina
2922 3263 3138 3337 cadit
3191 3265 3623 3336 secundum

2085 3383 2361 3470 partes
2399 3379 2930 3453 insensibiles.
2969 3388 3303 3464 Quarto,
3342 3403 3624 3454 eonve-

2082 3496 2318 3570 niunt
2413 3496 2494 3569 in
2584 3498 2989 3590 aliquibus
3085 3499 3623 3591 qualitatibus

2084 3615 2508 3707 temporis,
2571 3616 2760 3706 quia
2810 3620 3247 3709 utrumque
3303 3618 3389 3689 fit
3433 3622 3624 3690 tem-

2084 3750 2283 3823 pore
2337 3751 2629 3805 sereno
2688 3732 3093 3807 existente
3157 3731 3618 3823 tranquilli-

2085 3851 2280 3921 tate.

2175 3964 2322 4035 Sed
2386 3963 2795 4047 differunt,
2887 3964 3153 4057 primo
3223 3965 3413 4058 quia
3481 3985 3620 4039 ros
3783 3996 3830 4045 3.

2085 4078 2612 4170 ingrossatur
2650 4101 2697 4153 a
2735 4081 3109 4155 debiliori
3161 4082 3485 4175 frigido,
3539 4059 3906 4172 etrofefffm
3936 4077 3973 4111 ‘⁸

2084 4195 2380 4289 pruina
2421 4196 2520 4270 ab
2569 4197 3029 4273 intensiori.
3082 4201 3439 4273 Secundo
3484 4200 3622 4273 dif-

2085 4313 2386 4395 ferunt,
2424 4313 2614 4405 quia
2645 4315 2942 4407 pruina
2973 4316 3062 4388 fit
3087 4320 3455 4409 tempore
3488 4317 3624 4391 fri-

2085 4429 2293 4519 gido,
2351 4430 2485 4502 sed
2548 4450 2684 4502 ros
2757 4430 2836 4503 in
2896 4435 3266 4525 tempore
3335 4432 3622 4515 calido,

2081 4544 2212 4616 vel
2255 4545 2554 4619 saltem
2592 4549 3049 4638 temperato
3109 4549 3479 4622 tendente
3533 4548 3627 4621 ad

2084 4660 2611 4736 caliditatem.
2648 4662 2926 4737 Tertio
2949 4663 3333 4739 differunt
3359 4664 3439 4738 in
3466 4686 3628 4737 mo-

2084 4777 2182 4849 do
2204 4778 2785 4869 generationis,
2817 4780 3006 4872 quia
3040 4781 3390 4855 materia
3415 4781 3629 4875 prui-

2087 4915 2209 4966 nae
2268 4894 2494 4987 prius
2552 4897 3063 4985 congelatur,
3141 4919 3380 4989 quam
3448 4919 3631 4970 eon-

2085 5017 2467 5086 vertatur
2525 5013 2605 5085 in
2664 5032 2983 5104 aquam,
3048 5017 3181 5087 sed
3237 5036 3279 5086 e
3337 5020 3632 5090 contra

2087 5132 2214 5201 est
2252 5130 2344 5203 de
2379 5128 2728 5202 materia
2764 5130 3007 5202 roris.
3046 5134 3380 5214 Quarto,
3417 5133 3629 5206 diffe-
3688 5212 3693 5217 ,

2092 5252 2283 5320 runt
2328 5247 2406 5318 in
2438 5247 2741 5328 colore,
2781 5250 3448 5339 quemadmodum
3492 5250 3629 5322 nix

2091 5369 2171 5437 et
2206 5362 2504 5456 pluvia,
2549 5368 2628 5437 et
2669 5365 2944 5437 eadem
2976 5369 3100 5439 est
3133 5387 3382 5437 causa
3424 5366 3628 5438 albe-

2091 5481 2298 5552 dinis
2335 5478 2645 5571 pruinae
2686 5486 2766 5554 et
2808 5481 3042 5553 nivis.
3082 5482 3377 5564 Quinto
3416 5481 3629 5554 diffe-

2100 5602 2313 5681 runt,
2352 5598 2539 5691 quia
2584 5618 2718 5669 ros
2770 5601 2894 5671 est
2954 5596 3278 5686 signum
3331 5599 3630 5670 sereni-
