4252 6393
1680 430 2045 509 QUAEs'rlo
2091 431 2224 496 xvl

325 615 599 669 sorum
669 594 1504 668 Praedicamentorum
1547 616 1692 687 per
1757 596 1872 671 di-

320 733 581 796 versa,
667 716 752 786 ut
815 712 1537 806 praedicamentum
1599 713 1872 795 Quali-

320 832 539 916 tatis,
586 831 774 924 quia
806 835 928 905 est
975 832 1181 905 idem
1228 852 1313 903 re
1373 852 1555 905 cum
1627 832 1875 924 quali·

319 953 511 1033 tate,
551 972 726 1043 quae
772 970 918 1044 per
977 954 1288 1023 motum
1350 948 1841 1042 acquiritur,

319 1071 390 1141 et
434 1068 670 1142 sicin
702 1069 890 1142 aliis
935 1096 948 1140 :
1025 1069 1159 1141 sed
1218 1088 1609 1140 numerus
1670 1067 1872 1139 acci-

319 1185 663 1257 dentalis
696 1188 819 1258 est
863 1186 1132 1278 primo
1176 1185 1414 1257 unius
1465 1186 1611 1268 rei,
1660 1186 1872 1259 scili-

320 1302 437 1373 cet
477 1299 965 1392 quantitatis
1032 1300 1462 1383 continuae,
1515 1322 1689 1393 quae
1749 1304 1871 1374 est

322 1419 586 1491 solum
622 1419 702 1492 in
760 1439 1056 1512 genere
1117 1422 1644 1503 Quantitatis,
1700 1422 1872 1495 ideo

321 1556 711 1609 numerus
751 1537 1273 1610 accidentalis
1306 1541 1428 1611 est
1463 1539 1731 1611 solum
1795 1538 1875 1611 in

324 1671 622 1743 genere
662 1652 1192 1735 Quantitatis.

157 1768 198 1819 3.
405 1770 642 1842 Nunc
678 1790 881 1843 vero
908 1768 1272 1843 occurrit
1304 1769 1627 1842 dubium
1656 1770 1877 1844 circa

326 1886 747 1978 praedicta;
786 1887 974 1979 quia
1005 1886 1310 1960 dictum
1342 1890 1466 1960 est
1502 1888 1706 1978 quod
1739 1909 1876 1959 nu-

325 2023 600 2076 merus
675 2003 1222 2086 accidentali8‚
1280 2003 1415 2095 qui
1485 2008 1878 2077 causatur

322 2141 417 2192 ex
484 2119 886 2194 divisione
926 2121 1317 2203 continui,
1367 2122 1735 2213 procedit
1796 2121 1878 2195 in

156 2235 756 2330 mfinfinitum,
882 2237 1346 2330 accipiendo
1479 2238 1878 2312 unitatem

156 2344 508 2455 ζξξξζροπ
571 2354 995 2427 unitatem.
1043 2354 1372 2428 Dictum
1424 2357 1545 2427 est
1597 2354 1874 2437 etiam,

156 2483 271 2581 232²·
328 2471 532 2562 quod
598 2470 974 2562 quaelibet
1045 2469 1317 2544 unitas
1380 2474 1641 2545 mutat
1711 2491 1881 2563 spe·

327 2585 533 2659 ciem
603 2586 971 2667 numeri;
1016 2605 1217 2678 ergo
1262 2588 1698 2659 secundum
1728 2587 1879 2659 1100

328 2708 511 2777 sunt
559 2705 897 2777 infinitae
944 2703 1256 2797 species
1312 2723 1875 2786 numerorum,

325 2841 498 2914 quae
551 2821 927 2914 quamvis
979 2841 1141 2894 non
1186 2824 1371 2893 sunt
1406 2824 1618 2904 actu,
1668 2821 1881 2895 sicut

321 2956 463 3009 nec
505 2937 986 3011 continuum
1055 2936 1307 3008 etiam
1356 2935 1705 3009 divisum
1757 2941 1881 3010 est

320 3055 539 3135 actu,
575 3055 853 3126 tamen
886 3054 1073 3124 sunt
1117 3051 1197 3124 in
1236 3051 1507 3124 divina
1551 3053 1877 3136 notitia,

322 3172 404 3243 ut
441 3171 562 3244 sic
592 3191 925 3245 necesse
957 3169 1065 3243 sit
1095 3167 1386 3252 dicere,
1434 3170 1637 3262 quod
1664 3172 1880 3244 Deus

322 3289 756 3380 cognoscit
810 3287 1175 3362 infinitas
1239 3288 1547 3380 species
1615 3309 1882 3359 nume-

324 3425 642 3478 rorum.
683 3408 786 3479 Et
823 3403 980 3478 hoc
1028 3407 1177 3487 est,
1225 3405 1430 3496 quod
1482 3403 1674 3477 dicit
1733 3406 1886 3476 Au-

324 3524 708 3612 gustinus
761 3525 869 3595 12.
907 3525 990 3591 cle
1051 3525 1348 3590 Ciuitate
1377 3524 1525 3608 Dei,
1572 3546 1718 3611 cap.
1770 3524 1878 3594 18.

322 3641 453 3708 Eos
520 3644 768 3730 quippe
826 3638 1002 3730 (ait)
1088 3642 1394 3725 infinitos
1462 3662 1619 3721 0330,
1663 3643 1885 3707 cerlis-

321 3759 567 3825 simum
605 3770 726 3837 est,
786 3760 880 3824 ita
939 3778 1096 3824 vero
1159 3759 1301 3823 suis
1361 3757 1887 3843 proprietatibus

324 3877 781 3962 unusquisque
809 3895 1126 3941 numerus
1166 3874 1592 3954 terminatur,
1635 3884 1704 3939 uc
1737 3873 1886 3939 nul-

325 3993 425 4058 lus
483 4014 716 4059 eorum
744 4014 874 4079 par
904 4013 1039 4057 esse
1085 3993 1471 4077 cumamque
1500 3990 1705 4056 alleri
1738 4011 1886 4075 pos-

323 4109 407 4174 sit
434 4132 450 4190 ;
489 4130 650 4195 erqo
682 4120 744 4175 ec
774 4109 1084 4195 dispares
1114 4109 1292 4173 inter
1319 4128 1411 4186 30,
1448 4118 1642 4193 atque
1672 4106 1887 4172 diver·

322 4226 380 4290 si
417 4237 601 4308 sunl,
673 4237 733 4293 el
787 4227 1044 4313 sinyuli
1079 4228 1322 4313 quique
1362 4226 1550 4309 finili
1613 4235 1789 4302 sunl,
1827 4235 1888 4290 ee

322 4362 551 4408 omnes
594 4343 856 4426 infiniti
891 4353 1045 4408 sunt
1079 4369 1099 4407 .·
1134 4343 1212 4411 et
1248 4338 1653 4430 Sequitur;
1703 4340 1886 4406 Itane

325 4477 639 4524 numeros
673 4470 951 4545 propter
987 4459 1388 4543 infinitatem
1431 4459 1883 4523 11031111οΜ1ιὶ-

319 4585 559 4659 potens
603 4576 799 4654 Dem,
834 4586 894 4641 cc
935 4596 1136 4662 usque
1175 4574 1265 4640 ad
1305 4573 1663 4660 qnamdam
1717 4596 1887 4640 sum-

323 4711 503 4757 mam
546 4712 981 4757 numerorum
1017 4692 1300 4757 scientia
1358 4692 1482 4755 Dei
1550 4690 1881 4776 pervenit,

326 4818 603 4873 caeteros
645 4808 912 4894 iqnorut
955 4807 988 4873 :²
1037 4809 1186 4894 quis
1233 4809 1354 4874 hoc
1393 4808 1595 4872 etiam
1634 4807 1737 4872 vel
1776 4805 1888 4871 dc-

326 4923 781 4990 menti-seimus
811 4923 1125 4990 dixerit?
1155 4923 1339 4989 Absit
1373 4925 1596 5010 itaque
1653 4934 1721 4988 ut
1760 4922 1887 4987 clu-

327 5038 616 5106 bicemus
654 5040 829 5127 quod
858 5042 920 5107 ei
949 5052 1144 5107 nolus
1191 5042 1279 5106 sit
1309 5043 1527 5106 omnis
1573 5060 1890 5105 numerus

330 5160 523 5244 cujus
551 5158 1047 5243 ἰηιεὶἰίρεηιὶω,
1099 5159 1268 5224 sicut
1299 5159 1372 5223 in
1397 5157 1665 5222 Psalmo
1705 5156 1887 5222 cani-

332 5284 459 5354 tur,
490 5293 638 5341 non
661 5286 750 5340 est
781 5294 1116 5339 numerus.
1139 5272 1326 5343 Haec
1351 5269 1881 5361 Augustinus.

915 5470 1313 5528 SCHOLIUM.

403 5647 616 5703 Movet
666 5643 765 5701 1110
812 5644 1095 5711 dubium,
1137 5659 1218 5703 an
1268 5610 1505 5718 possint
1556 5643 1691 5701 dari
1743 5643 1889 5701 infl-

3427 430 3538 498 5:11

1987 598 2102 654 niti
2146 599 2417 665 numeri,
2472 613 2579 655 seu
2631 595 2894 657 infinitae
2941 612 3345 656 numerorum
3396 613 3538 670 spe-

1985 698 2134 764 cies,
2169 697 2388 754 saltem
2429 696 2494 752 in
2526 694 2833 768 potentia?
2864 700 2925 754 et
2963 712 3040 753 an
3071 696 3311 769 possint
3349 712 3384 754 a
3417 698 3535 752 Deo

1985 795 2268 861 cognosci
2302 793 2476 851 actu?
2509 799 2570 852 et
2599 795 2861 852 resolvit
2899 794 3277 852 affirmative
3308 809 3385 851 ex
3419 798 3539 851 Au-

1986 896 2267 965 gustin03
2308 893 2538 951 deinde
2588 892 2803 963 objicit
2851 893 3034 966 plura
3083 894 3541 950 inconvenien-

1986 994 2091 1058 tia,
2116 1008 2255 1064 quae
2287 1008 2362 1048 ex
2396 998 2661 1064 utraque
2691 993 3033 1050 assertione
3063 996 3311 1064 possent
3342 991 3542 1048 inser-

1986 1093 2064 1160 ri,
2087 1097 2146 1150 et
2167 1093 2507 1150 solutiones
2529 1091 2781 1150 adhibet
2803 1106 2877 1148 ex
2899 1092 3065 1161 aliiS,
3089 1106 3242 1162 quas
3265 1104 3385 1148 non
3406 1105 3542 1163 pro·

1985 1192 2107 1259 bat,
2148 1191 2253 1248 sed
2285 1193 2538 1266 propria
2561 1193 2760 1264 ipsius
2794 1193 3064 1249 Doctoris
3087 1193 3407 1264 responsio
3437 1193 3541 1249 de·

1987 1290 2350 1362 sideratur3
2408 1289 2571 1346 unde
2622 1292 2844 1348 mutila
2894 1295 2954 1348 et
3009 1306 3226 1348 manca
3282 1290 3539 1349 videtur

1986 1391 2116 1447 haec
2150 1390 2521 1449 dissertatio.
2554 1391 2759 1459 Quoad
2811 1395 3016 1449 tamen
3067 1393 3337 1465 primam
3389 1407 3539 1465 par-

1985 1494 2136 1557 tem,
2213 1488 2346 1545 dari
2397 1489 2639 1546 scilicet
2696 1504 2872 1561 posse
2931 1505 3263 1551 numerum
3323 1490 3540 1548 infini-

1986 1591 2118 1644 tum
2170 1589 2235 1644 in
2287 1589 2582 1661 potentia,
2617 1587 2978 1646 nullatenus
3024 1592 3235 1646 tamen
3275 1590 3343 1645 in
3373 1593 3537 1656 actu,

1988 1685 2164 1745 docet
2220 1689 2285 1744 in
2332 1688 2387 1744 3.
2439 1686 2581 1744 dist.
2636 1686 2724 1744 13.
2776 1692 2991 1758 quaest.
3043 1690 3097 1745 4.
3150 1702 3324 1746 num.
3378 1691 3433 1744 2.
3475 1692 3538 1754 ἓ,

1986 1787 2092 1844 Sed
2137 1794 2335 1843 contra
2366 1791 2529 1844 illam
2556 1789 2983 1858 propositionem
3015 1807 3028 1844 :
3061 1791 3122 1845 et
3172 1786 3374 1860 quoad
3433 1801 3533 1843 se-

1989 1887 2259 1944 cundam
2337 1892 2603 1960 partem,
2636 1888 2920 1958 cognosci
3000 1887 3242 1945 scilicet
3315 1903 3350 1946 a
3422 1890 3540 1944 Deo

1989 1985 2267 2044 infinitas
2313 1987 2558 2059 species
2609 2000 3046 2055 numerorum,
3098 1987 3243 2044 licet
3293 1988 3419 2044 sint
3466 1986 3533 2042 in

1989 2085 2286 2157 potentia,
2349 2087 2431 2143 ita
2491 2087 2674 2144 habet
2721 2101 3017 2159 expresse
3066 2086 3131 2142 in
3184 2087 3235 2143 1.
3286 2084 3429 2143 dist.
3478 2087 3533 2142 3.

1990 2190 2207 2262 quaest.
2257 2189 2311 2242 2.
2355 2200 2525 2243 num.
2578 2186 2670 2241 20.
2720 2191 2775 2252 §-
2820 2188 2901 2242 Aa
2949 2188 3177 2242 tertium
3225 2186 3345 2240 dico
3380 2203 3395 2241 ε
3428 2185 3536 2241 ubi

1991 2289 2099 2355 ait,
2158 2289 2454 2355 Infinitum
2526 2290 2824 2356 potentiale
2909 2291 2982 2341 est
3061 2288 3350 2355 iynotum;
3401 2287 3537 2354 quia

1992 2397 2425 2465 unumquodque
2497 2400 2572 2450 est
2646 2396 2999 2464 coquoscibile
3065 2396 3403 2462 inquantum
3463 2400 3537 2447 est

1993 2505 2054 2558 in
2085 2508 2242 2568 actm
2279 2519 2392 2557 non
2432 2509 2618 2558 tamen
2650 2505 2730 2559 ita
2761 2508 2834 2558 est
2877 2505 3150 2572 ἰρηοιυιη,
3182 2503 3327 2571 quod
3368 2516 3539 2570 repu-

1991 2618 2116 2682 9net
2145 2613 2251 2667 sibi
2281 2612 2524 2679 intelliqi
2556 2613 2625 2666 ab
2654 2612 2937 2666 intellectu
2979 2611 3223 2678 infinito.

2085 2820 2231 2894 Sed
2273 2818 2425 2892 1100
2490 2821 2613 2892 est
2652 2817 2881 2889 valde
2920 2817 3288 2900 dubium;
3355 2819 3542 2912 quia

1998 2936 2272 3010 omnia
2299 2934 2973 3017 inconvenientia,
3001 2954 3175 3026 quae
3209 2957 3543 3029 sequun-

1995 3059 2159 3134 tur,
2234 3053 2301 3126 si
2371 3056 2781 3144 ponantur
2822 3054 3007 3124 actu
3087 3052 3403 3128 infinita
3462 3053 3544 3128 in

1996 3191 2083 3244 re
2125 3175 2391 3251 extra,
2425 3170 2806 3243 videntur
2838 3168 3092 3261 sequi,
3131 3170 3199 3243 si
3236 3191 3533 3265 ponan-

1997 3292 2134 3361 tur
2179 3286 2491 3359 infinita
2534 3305 2581 3357 a
2616 3287 2786 3359 Deo
2818 3307 2996 3358 esse
3028 3286 3358 3378 cognita
3403 3313 3417 3358 :
3455 3292 3543 3361 ut

1997 3404 2202 3495 quod
2238 3422 2428 3495 pars
2464 3400 2567 3474 sit
2608 3402 2948 3496 aequalis
2990 3402 3172 3483 toti,
3226 3406 3307 3477 ct
3340 3404 3545 3495 quod

1999 3521 2103 3593 sit
2141 3519 2410 3611 maJor
2451 3521 2628 3592 1010
2666 3544 2680 3588 :
2721 3518 2787 3590 si
2839 3516 3055 3590 enim
3105 3520 3320 3591 Deus
3352 3540 3543 3611 cog-

1997 3640 2262 3712 noscit
2336 3639 2676 3723 infinita,
2750 3646 3292 3716 amoveantur
3367 3659 3541 3713 cen-

1997 3759 2195 3837 tum,
2227 3756 2368 3828 illa
2401 3777 2576 3848 quae
2612 3761 3032 3831 remanent
3065 3757 3320 3833 adhuc
3357 3761 3544 3831 sunt

1999 3870 2315 3946 infinita
2350 3899 2363 3943 :
2439 3873 2628 3965 quia
2705 3874 2920 3948 sicut
2979 3872 3276 3949 additio
3333 3872 3542 3946 finiti

3631 2843 3717 2894 41.

1997 4011 2160 4063 non
2188 3991 2381 4065 facit
2424 3991 2857 4073 infinitum,
2914 3991 3030 4065 sic
3062 4013 3207 4064 nec
3239 3990 3544 4064 ablatio
3650 4048 3656 4055 .

1995 4109 2087 4182 de
2123 4108 2439 4183 infinito
2485 4109 2681 4181 facit
2740 4108 3084 4183 finitum.
3151 4113 3350 4184 Cum
3401 4109 3545 4200 igi-

1996 4229 2136 4298 tur
2209 4225 2349 4297 illa
2426 4246 2598 4317 quae
2680 4227 3207 4302 remanebant
3302 4226 3545 4299 simul

2000 4347 2325 4433 sumpta
2356 4362 2538 4414 cum
2590 4339 2781 4425 iuis,
2856 4363 3030 4436 quae
3074 4342 3548 4416 amoveban-

1998 4461 2160 4540 tur,
2211 4458 2373 4532 sint
2414 4461 2682 4531 totum
2752 4463 3124 4552 respectu
3186 4459 3545 4539 illorum,
3652 4470 3655 4475 '

1998 4595 2173 4666 quae
2207 4575 2840 4650 removebantur
2872 4567 3045 4648 solu
3062 4597 3161 4659 m,
3201 4596 3394 4669 pars
3427 4580 3553 4651 est

1997 4691 2334 4783 aequalis
2375 4691 2556 4772 toti,
2601 4696 2681 4764 ct
2725 4695 2846 4765 tot
2891 4692 3331 4766 millenarii
3366 4697 3552 4764 sunt

1999 4807 2078 4879 in
2138 4826 2479 4879 numero
2539 4806 2884 4889 infinito,
2944 4813 3138 4899 quot
3196 4807 3547 4880 binarii:

1969 4927 2075 4996 -et
2145 4924 2508 4997 breviter
2564 4923 2837 4995 omnia
2900 4923 3554 4998 inconvenientia

1999 5041 2276 5114 eadem
2314 5041 2693 5115 videntur
2727 5041 2953 5133 sequi
3006 5063 3104 5115 ex
3166 5045 3401 5135 parte
3435 5041 3550 5114 di-

1999 5159 2208 5232 vinae
2290 5157 2816 5249 cognitioniS,
2884 5158 3098 5232 sicut
3164 5179 3262 5230 ex
3314 5162 3549 5251 parte

2002 5277 2146 5358 rei,
2185 5277 2251 5348 si
2287 5279 2725 5369 ponantur.
2761 5276 2952 5349 Haec
2986 5275 3259 5348 omnia
3287 5276 3547 5348 viden-

1998 5398 2139 5466 tur
2173 5393 2425 5486 sequi,
2494 5394 2682 5487 quia
2751 5393 3111 5487 ponitur,
3158 5393 3365 5485 quod
3409 5414 3548 5465 nu-

2002 5530 2276 5584 merus
2328 5510 2851 5585 accidentalis
2889 5510 3255 5603 procedit
3297 5509 3377 5581 in
3437 5509 3546 5582 in-

1999 5627 2343 5701 linitum.
