4252 6393
388 1312 633 1445 Objeffisso,

390 1438 638 1550 1X¹ggl=gfi
654 1498 700 1552 1.
730 1528 795 1598 d
1112 1528 1124 1540 .
1372 1527 1385 1538 .
2140 1555 2151 1572 .

430 1563 658 1615 Salutio.
778 1548 904 1600 cm
966 1533 1286 1601 ratlone
1310 1528 1634 1601 videtur
1676 1548 1913 1619 posse
1955 1530 2273 1601 conclu·

737 430 855 494 466

726 590 924 669 tivo,
1019 590 1224 680 quod
1303 591 1720 662 contineat
1799 589 1939 661 illa
2004 591 2267 663 solum

1898 429 1999 492 DE
2044 430 2308 495 RERUM
2352 430 2742 495 PRINCIPIO

2384 593 2480 663 ad
2552 592 3140 665 intellectivum
3211 588 3594 670 hominis,
3659 591 3909 661 tamen

722 706 1055 787 virtute,
1111 710 1192 779 et
1236 726 1399 779 non
1433 707 2090 780 substantialiter
2132 731 2268 780 seu
2381 709 2937 800 vegetativum
2984 712 3065 781 et
3150 705 3631 779 sensitivum
3678 703 3907 775 homi-

723 821 1215 903 formaliter,
1308 828 1393 896 ut
1474 823 1773 915 positio
1872 825 2114 897 dicit:
2192 829 2272 897 et

726 937 915 1009 illud
974 937 1296 1011 videtur
1361 959 1656 1011 sonare
1710 939 2051 1011 verbum
2122 941 2271 1011 Au-

727 1054 1035 1144 gustini
1077 1057 1158 1123 de
1209 1058 1475 1145 Spiritu
1523 1069 1582 1124 el
1621 1060 1892 1138 Anima,
1967 1056 2271 1129 ot'aliae

726 1170 1271 1244 auctoritates
1307 1170 1683 1262 superius
1734 1170 2136 1260 allegatae.

819 1297 899 1369 Si
966 1296 1178 1369 forte
1218 1295 1461 1376 dicaS,
1527 1295 1735 1386 quod
1767 1293 1920 1368 hoc
1975 1300 2099 1368 est
2143 1316 2273 1387 po-

730 1431 921 1483 nere
953 1411 1353 1484 unitatem
1395 1410 1882 1493 formarum,
1921 1411 2109 1503 quia
2151 1432 2273 1482 ea-

730 1644 830 1726 di,
865 1643 1041 1717 dico
1076 1644 1282 1735 quod
1306 1663 1464 1714 non
1489 1647 1961 1716 estverum:
2002 1665 2275 1736 quam·

732 1760 854 1832 vis
880 1760 1095 1833 enim
1140 1759 1473 1831 infinitae
1510 1759 1673 1833 sint
1699 1760 2063 1833 rationes
2097 1782 2277 1833 con-

732 1878 1172 1958 cludenteS,
1297 1876 1504 1968 quod
1606 1897 1766 1948 non
1876 1878 2271 1968 sequitur,

736 1993 1107 2083 quamvis
1158 2011 1316 2063 una
1376 1991 1645 2063 forma
1684 1992 2116 2065 rationalis
2149 1993 2277 2065 det

735 2130 914 2183 esse
955 2108 1283 2201 triplex,
1346 2108 1660 2182 scilicet
1690 2110 2274 2201 vegetativum,

736 2216 1215 2290 sensitivum
1283 2219 1367 2289 et
1412 2216 2025 2299 intellectivum‚
2074 2216 2280 2309 quod

736 2338 1077 2427 propter
1121 2333 1271 2405 hoc
1309 2336 1433 2406 est
1493 2354 1822 2405 neeesse
1891 2333 2095 2424 quod
2151 2333 2281 2406 det

735 2473 914 2523 esse
954 2450 1333 2531 aliarum,
1389 2469 1588 2540 quas
1626 2450 1987 2523 rationes
2042 2471 2281 2541 prop·

740 2571 867 2639 ter
946 2565 1515 2658 prolixitatem
1614 2566 1931 2645 omitto,
2010 2570 2281 2639 tamen

739 2704 837 2754 ex
890 2682 1209 2755 ratione
1243 2681 1632 2773 praedicta
1664 2681 1815 2754 hoc
1858 2682 2082 2753 nullo
2121 2703 2282 2753 mo-

738 2800 833 2871 do
879 2793 1270 2889 sequitur.
1312 2796 1771 2870 Perfectum
1822 2797 2037 2870 enim
2082 2818 2282 2868 sem·

743 2935 888 3007 per
935 2914 1298 2987 continet
1359 2913 1927 3007 imperfectum
1992 2914 2116 2986 sui
2164 2933 2284 3004 ge-

739 3028 959 3101 neris
1034 3027 1671 3122 propinquioris,
1734 3049 1892 3099 non
1985 3028 2284 3101 remoti

739 3149 761 3238 (
811 3144 1199 3228 continet,
1271 3144 1475 3227 dicO,
1522 3144 1830 3218 virtute
1890 3149 2282 3236 quantum

739 3263 834 3333 ad
892 3267 1168 3336 actum
1238 3261 1591 3354 primum
1666 3265 2040 3352 respectu
2111 3260 2288 3331 sub-

732 3378 958 3471 jecti,
1000 3383 1080 3452 et
1123 3382 1515 3470 quantum
1573 3377 1668 3449 ad
1701 3382 1973 3451 actum
2006 3396 2288 3449 sccun-

740 3497 926 3568 dum
991 3500 1365 3589 respectu
1418 3494 1946 3586 operationis,
1999 3498 2084 3568 111
2148 3513 2289 3584 001

746 3613 1223 3705 praedictum
1249 3611 1709 3703 exemplum
1757 3613 2004 3702 patet,
2064 3612 2143 3681 et
2212 3609 2291 3679 in

748 3729 1230 3821 quantitate,
1277 3733 1357 3801 et
1402 3728 1479 3799 in
1543 3726 1915 3799 omnibus
1989 3724 2291 3818 persec-

749 3846 852 3919 tis
931 3852 1010 3921 et
1096 3843 1596 3939 imperfectis
1694 3843 2089 3915 ordinatis
2176 3862 2295 3912 es-

750 3962 1240 4051 sentialiter)
1300 3961 1365 4032 si
1403 3963 1589 4031 sunt
1661 3958 1739 4029 in
1799 3959 2077 4029 eodem
2160 3976 2295 4046 ge-

745 4098 937 4150 nere
1016 4077 1497 4171 propinquo,
1589 4079 1667 4146 et
1740 4073 2297 4145 essentialiter

748 4195 1158 4274 ordinata,
1208 4193 1395 4285 quia
1436 4192 1735 4283 absque
1795 4190 1946 4261 hoc
2019 4189 2295 4262 identi-

744 4316 873 4385 tas
950 4310 1273 4401 generis
1374 4307 1810 4400 propinqui
1906 4326 2065 4377 non
2139 4304 2294 4376 suf-

746 4429 1053 4499 ficeret.
1108 4428 1289 4497 Non
1347 4426 1561 4496 enim
1607 4424 2060 4516 perfectum
2116 4442 2295 4493 sen-

751 4543 1082 4616 sitivum
1141 4540 1351 4613 asini
1433 4540 1559 4611 vol
1625 4560 1948 4618 muscae,
2025 4540 2294 4631 potest

751 4662 943 4734 darc
1014 4658 1495 4730 sensitivum
1555 4655 1764 4747 equi,
1831 4655 2016 4747 quia
2050 4674 2295 4725 unum

750 4776 846 4847 ad
918 4775 1273 4847 alterum
1350 4792 1510 4845 non
1573 4770 2024 4844 ordinatur.
2096 4770 2296 4842 Dico

752 4897 1028 4966 autom
1086 4914 1324 4980 qenere
1384 4892 1785 4979 propinque,
1864 4887 2051 4978 quia
2110 4885 2297 4959 eali·

749 5010 936 5081 dum
987 5006 1436 5100 perfectum
1524 5024 1684 5075 non
1734 5002 2096 5075 continet
2164 5003 2300 5074 im·

758 5124 1206 5219 perfectum
1306 5120 1641 5200 coloris,
1715 5120 1842 5190 vel
1931 5119 2299 5192 substan-

755 5243 888 5316 tiae
923 5240 1049 5312 vel
1102 5237 1613 5330 quantitatis,
1682 5237 1813 5307 scd
1883 5235 2299 5328 imperfec-

755 5365 928 5433 tum
1019 5357 1141 5429 sui
1248 5353 1598 5446 generis
1698 5355 1928 5426 Nunc
2026 5356 2299 5425 autem

753 5474 1121 5569 quamvis
1215 5469 1767 5562 vegetativum
1826 5471 2146 5563 plantae,
2221 5475 2301 5544 01

757 5594 1239 5668 sensitivum
1310 5587 1518 5680 equi,
1593 5608 1752 5660 non
1823 5588 2304 5660 ordinentur

2384 823 2508 894 nis
2588 825 3073 896 ordinantur
3148 822 3242 893 ad
3313 818 3904 898 intellectivum,

2385 935 2466 1004 et
2535 936 2722 1004 sunt
2791 932 3147 1023 ejusdem
3217 928 3541 1019 generis
3585 927 3908 1018 quodam

2388 1048 2619 1119 modo
2679 1047 3140 1140 propinqui,
3205 1045 3518 1118 scilicet
3575 1048 3739 1113 vivi.
3801 1048 3912 1116 Se-

2386 1165 2666 1247 cundO,
2712 1185 2870 1256 non
2906 1164 3299 1256 sequitur,
3357 1161 3561 1255 quod
3606 1161 3675 1233 si
3709 1161 3913 1236 intel-

2389 1281 2774 1354 lectivum
2867 1282 2995 1353 det
3045 1303 3223 1353 esse
3299 1279 3783 1352 sensitivum
3845 1283 3916 1350 et

2386 1398 2968 1488 vegetativum,
3027 1397 3158 1470 det
3188 1418 3366 1469 esse
3409 1414 3913 1488 corporeum,

2385 1515 2513 1586 vel
2574 1514 2946 1596 mixtum,
2985 1536 3158 1606 quae
3193 1517 3382 1587 sunt
3413 1513 3736 1604 generis
3769 1532 3920 1583 ma-

2389 1631 2514 1721 gis
2566 1632 2889 1705 remoti.

2482 1758 2711 1838 Item,
2749 1756 3241 1848 cumplures
3289 1760 3566 1847 partes
3634 1753 3921 1826 forma·
4037 1771 4095 1820 11.

2392 1872 2507 1943 105
2547 1871 2892 1945 habeant
2926 1873 3344 1963 aspectum
3380 1871 3474 1942 ad
3499 1890 3743 1942 unam
3775 1890 3924 1942 ma-

2393 1991 2714 2072 teriam,
2761 2012 2945 2063 00111
2989 1990 3331 2082 propria
3365 1990 3634 2060 forma
3689 1990 3797 2061 sit
3857 1988 3928 2058 in

2394 2107 2734 2199 propria
2786 2107 3159 2188 materia,
3211 2127 3541 2178 necesse
3574 2108 3699 2177 est
3737 2104 3929 2196 quod

2395 2224 2606 2296 sicut
2661 2229 2934 2315 partes
2986 2223 3378 2295 formales
3452 2225 3642 2294 sunt
3705 2222 3787 2294 in
3858 2242 3934 2292 se

2392 2340 2797 2412 distinctae
2847 2341 3279 2412 secundum
3364 2340 3708 2430 gradum
3771 2359 3934 2430 per-

2394 2456 2797 2537 fectioniS,
2892 2457 3097 2547 quod
3203 2456 3426 2527 illam
3510 2455 3936 2529 materiam

2396 2573 2802 2665 aspiciant
2951 2574 3383 2644 secundum
3508 2572 3764 2643 alium
3867 2573 3939 2641 ct

2398 2689 2648 2762 alium
2770 2689 3089 2761 modum
3187 2689 3780 2781 (1150051110015,
3860 2691 3940 2758 111

2399 2809 2685 2897 patet:
2750 2804 2936 2896 quia
3001 2805 3270 2877 forma
3355 2805 3740 2896 00100115
3806 2803 3944 2875 sub

2400 2921 2564 2992 alia
2633 2920 3191 3013 dispositione,
3294 2921 3614 3014 perficit
3709 2925 3944 2993 mate-

2404 3037 2610 3108 riam
2651 3037 3098 3129 propriam,
3134 3042 3213 3109 et
3242 3036 3511 3109 forma
3533 3036 3774 3110 mixti
3811 3034 3951 3106 sub

2399 3150 2600 3230 alia;
2639 3170 2837 3241 ergo
2881 3171 3205 3224 necesse
3244 3154 3367 3224 est
3402 3150 3482 3223 in
3524 3151 3672 3223 illa
3707 3153 3950 3224 mate·

2404 3267 2528 3339 ria
2588 3267 3003 3359 spirituali
3088 3269 3280 3340 darc
3347 3269 3722 3341 diversos
3777 3286 3953 3359 gra-

2401 3385 2543 3455 dus
2589 3384 3160 3477 perfectibiles,
3201 3385 3269 3457 si
3311 3385 3729 3477 praedictae
3789 3390 3959 3459 tres

2405 3505 2682 3592 partes
2745 3506 2929 3574 sunt
2993 3506 3270 3593 partes
3304 3500 3732 3584 formales,
3792 3521 3961 3595 quae

2406 3624 2678 3693 tamen
2737 3619 3173 3691 diversitas
3243 3639 3404 3691 non
3465 3621 3849 3693 occurrit
3894 3620 3966 3690 in

2408 3726 2760 3799 matoria
2831 3727 3273 3819 spirituali.

2499 3844 2728 3923 Item,
2787 3844 3099 3934 quando
3132 3842 3474 3916 diversae
3518 3845 3823 3919 formae
3861 3846 3974 3918 10-

2410 3962 2597 4030 sunt
2649 3958 2904 4030 eidem
2961 3958 3352 4041 materiae,
3417 3980 3575 4031 non
3623 3964 3978 4053 possunt

2409 4096 2587 4146 0550
2643 4075 2998 4164 ejusdcm
3061 4056 3359 4163 gradus
3406 4075 3483 4146 in
3536 4077 3975 4169 perficien-

2408 4191 2504 4261 (10
2577 4217 2590 4259 :
2663 4211 2822 4261 non
2891 4191 3106 4261 enim
3176 4196 3365 4265 sunt
3428 4193 3602 4264 duze
3677 4194 3977 4266 sormae.

2409 4305 2792 4397 corporis
2870 4311 2950 4379 et
3024 4305 3300 4379 eadem
3371 4310 3766 4392 materia,
3844 4310 3974 4382 sed

2413 4442 2568 4492 una
2633 4428 3004 4513 respectu
3074 4426 3418 4499 alterius
3482 4428 3975 4500 necessario

2408 4544 2532 4611 est
2592 4540 3143 4614 universalior
3201 4546 3278 4616 et
3338 4545 3592 4636 prior.
3645 4546 3978 4617 Talium

2412 4660 2682 4729 autem
2744 4661 3041 4731 natura
3109 4659 3571 4733 formarum
3654 4667 3820 4744 est,
3895 4665 3980 4733 ut

2413 4776 2636 4864 patet
2691 4772 2769 4844 in
2815 4775 3212 4858 omnibus,
3260 4778 3465 4868 quod
3507 4784 3807 4853 amoto
3863 4799 3984 4849 su-

2417 4890 2721 4981 periori
2756 4896 2835 4963 et
2879 4891 3379 4984 perfectiori,
3434 4915 3597 4967 non
3654 4917 3987 4969 amove-

2415 5008 2551 5077 tur
2597 5006 2823 5098 prius
2875 5011 2953 5080 et
3000 5007 3585 5101 imperfectiuS,
3640 5013 3848 5104 quia
3897 5012 3988 5082 de

2414 5129 2711 5198 natura
2757 5145 2902 5195 sua
2945 5126 3235 5199 saltem
3289 5131 3561 5219 posset
3601 5150 3992 5202 remane-

2418 5261 2527 5320 re,
2612 5242 2986 5331 quamvis
3057 5263 3204 5333 per
3280 5244 3658 5317 accidens
3740 5244 3993 5319 simul

2415 5360 3004 5448 corrumpatur
3057 5380 3242 5430 eum
3305 5361 3767 5452 superiori.
3847 5365 3993 5435 Re-

2417 5472 2716 5545 mansit
2775 5473 2989 5546 enim
3040 5477 3313 5547 eadem
3374 5476 3657 5550 forma
3702 5482 3992 5555 carnis

2417 5593 2498 5662 01
2540 5590 2916 5683 00100115
2951 5591 3260 5668 Christi
3295 5596 3568 5667 anima
3609 5600 3994 5671 receden-
