4252 6393
1673 445 2032 520 QUAESTIO
2079 448 2160 510 lx
3433 449 3511 512 37

320 608 562 685 terra,
600 603 967 678 alterant
1010 625 1285 675 aerem
1335 604 1743 676 violenter
1774 604 1869 675 ad

320 720 889 812 frigiditatem.
961 722 1364 796 Similiter
1420 720 1867 794 exhalatio-

321 858 481 918 nes,
537 841 621 910 et
662 858 1018 931 vapores
1071 837 1370 912 elevati
1411 857 1459 909 a
1506 841 1736 911 terra
1787 840 1870 910 et

321 956 413 1027 ab
443 974 682 1047 aqua,
713 960 1058 1049 propter
1091 956 1631 1030 remotionem
1666 954 1868 1027 cale-

322 1071 696 1145 facientis
734 1077 1269 1148 revertuntur
1301 1073 1397 1144 ad
1440 1071 1866 1165 propriam

320 1194 732 1272 naturam,
769 1195 851 1265 et
919 1191 1114 1285 ipsae
1179 1190 1540 1265 alterant
1592 1209 1867 1262 aerem

320 1307 581 1400 ipsum
612 1307 1183 1400 infrigidando.
1210 1307 1611 1382 Similiter
1627 1326 1867 1399 quan·

318 1426 572 1516 doque
606 1430 1039 1500 transacto
1085 1424 1272 1499 Sole
1305 1429 1544 1498 extra
1574 1423 1867 1496 hemis-

322 1539 747 1633 phaerium,
793 1561 939 1614 aer
979 1540 1510 1632 infrigidatur
1569 1540 1667 1611 ab
1727 1539 1868 1611 ali·

319 1678 471 1750 qua
531 1659 1168 1735 constellatione
1209 1659 1416 1741 coeli,
1475 1679 1651 1750 quae
1708 1657 1868 1729 vir-

320 1776 663 1850 tualiter
742 1781 869 1850 est
948 1775 1270 1868 frigida.
1347 1775 1574 1850 Sicut
1644 1778 1870 1867 patet

319 1894 527 1985 quod
567 1900 694 1969 est
726 1893 1027 1987 triplex
1060 1893 1424 1967 alterans
1468 1911 1742 1965 aerem
1776 1892 1870 1963 ad

317 2011 887 2103 frigid‘tatem,
931 2009 1251 2084 scilicet
1281 2009 1688 2082 elementa
1734 2006 1870 2079 fri-

321 2129 531 2222 gida,
582 2126 1176 2210 exhalationes,
1214 2131 1295 2200 et
1326 2145 1679 2219 vapores
1720 2125 1872 2198 ele-

322 2248 520 2328 vati,
569 2249 651 2320 et
692 2266 993 2339 corpus
1034 2245 1386 2320 coeleste.

100 2362 167 2411 M
217 2361 304 2461 ³⁶.
412 2366 532 2438 Ad
574 2364 940 2445 tertium,
994 2362 1172 2436 dico
1215 2364 1423 2456 quod
1463 2382 1610 2435 aer
1642 2362 1709 2434 si
1761 2384 1877 2434 es-

42 2454 304 2571 ωἶῖἶιῖωηῧ
329 2484 452 2553 set
498 2498 778 2573 purus,
838 2478 1062 2552 nullo
1116 2480 1350 2553 modo
1406 2476 1880 2551 conveniret

60 2590 135 2620 uam
156 2581 265 2619 esset

43 2634 301 2694 asturem.
331 2597 425 2668 ad
508 2594 1038 2687 refrigerium
1114 2596 1699 2676 animatorum,
1783 2614 1879 2665 eo

42 2699 304 2808 ssggagm'·
334 2709 543 2800 quod
592 2708 748 2782 iste
789 2729 933 2780 aer
975 2713 1193 2782 esset
1242 2708 1487 2780 nimis
1543 2706 1876 2789 calidus,

331 2823 650 2898 scilieet
720 2824 942 2897 ultra
999 2823 1499 2897 caliditatem
1551 2828 1879 2897 natura·

320 2941 481 3013 lem
553 2942 944 3024 omnium,
992 2942 1121 3013 vel
1181 2942 1475 3016 saltem
1516 2940 1877 3033 plurium

316 3059 806 3141 viventium,
873 3064 962 3132 ut
1029 3059 1322 3151 probat
1391 3079 1549 3130 una
1629 3058 1870 3132 ratio.

315 3176 743 3270 Optimum
780 3176 1035 3268 igitur
1065 3175 1621 3268 refrigerium,
1670 3176 1875 3270 quod

305 3294 706 3366 habemus
739 3314 840 3366 ex
878 3314 1093 3375 aere,
1142 3294 1522 3386 provenit
1545 3315 1646 3366 ex
1687 3295 1875 3368 duo-

311 3412 486 3492 buS‚
522 3410 654 3482 vel
680 3410 950 3483 altero
983 3410 1358 3492 duorum,
1407 3409 1724 3485 scilicet
1773 3431 1905 3484 ex·

312 3527 608 3620 primis
640 3526 1128 3619 corporibus
1152 3527 1624 3603 commixtis
1666 3529 1866 3610 aeri,

310 3664 488 3734 quae
521 3643 897 3715 resoluta
933 3643 1241 3716 suntab
1272 3642 1698 3719 elementis
1733 3644 1869 3718 fri-

311 3761 549 3852 gidis,
611 3759 931 3833 scilicet
985 3779 1195 3852 aqua
1234 3764 1313 3835 et
1367 3764 1620 3844 terra,
1695 3782 1871 3854 quai

310 3895 677 3969 corpora
762 3875 1019 3948 adhuc
1105 3873 1400 3952 habent
1481 3880 1869 3951 naturam

311 3991 846 4083 frigiditatis;
885 3992 1026 4064 'vel
1094 3992 1473 4086 provenit
1535 3993 1870 4087 refrige-

311 4110 534 4183 rium
569 4130 670 4181 ex
712 4106 1164 4199 frigiditate
1215 4113 1561 4184 causata
1604 4111 1685 4184 in
1746 4133 1870 4185 ae-

310 4249 489 4301 rem
523 4227 626 4298 ab
657 4226 1084 4300 elementis
1112 4225 1460 4318 frigidis,
1508 4230 1873 4322 supposi-

313 4349 395 4419 to
433 4344 649 4438 quod
692 4362 851 4415 non
885 4347 1159 4418 essent
1201 4343 1663 4437 hujusmodi
1697 4368 1872 4419 cor-

314 4482 524 4554 pora
569 4459 861 4554 prima.

85 4580 225 4694 (ἐξ.
410 4577 532 4650 Ad
591 4576 842 4650 aliam
909 4576 1001 4650 de
1058 4576 1544 4653 humiditate
1606 4583 1878 4671 potest

30 4693 483 4819 niffssdg'fssdmi
579 4693 787 4787 quod
863 4713 1007 4765 aer
1080 4693 1434 4769 desiccat
1519 4717 1878 4789 corpora

43 4837 99 4872 ca
145 4846 305 4896 corpo.
329 4813 677 4895 madida,
730 4811 1199 4887 humefacta
1254 4812 1736 4889 humiditate
1803 4836 1879 4887 a·

33 4903 93 4936 η
329 4951 567 5022 quea,
653 4931 974 5005 ratione
1035 4931 1159 5002 sui
1235 4930 1540 5004 caloris
1629 4934 1876 5006 resol-

318 5047 621 5130 ventis,
688 5052 770 5122 et
836 5067 1000 5120 non
1052 5047 1375 5122 ratione
1446 5048 1872 5125 siccitatis.

318 5164 592 5236 Aliter
635 5168 907 5256 potest
938 5164 1120 5244 dici,
1169 5167 1377 5257 quod
1432 5167 1875 5243 desiccatio

322 5280 487 5354 ista
542 5282 924 5373 provenit
965 5304 1064 5355 ex
1133 5287 1370 5377 parte
1431 5305 1877 5378 corporum

316 5400 977 5473 commixtorum
1044 5403 1244 5486 aeri,
1315 5423 1492 5495 quae
1563 5403 1877 5476 elevan-

316 5519 460 5586 tur
492 5535 543 5586 a
571 5519 822 5588 terra.

1978 608 2264 696 negari
2307 610 2809 692 antecedens,
2878 610 3066 703 quia
3119 609 3188 681 si
3242 609 3521 700 imagi·

1980 727 2224 797 netur
2261 724 2752 798 diametrum
2799 726 3350 819 spissitudinis
3401 746 3524 796 su-

1980 838 2336 933 perioris
2371 840 2731 931 regionis
2752 841 2969 914 aeris
2995 842 3237 914 dividi
3270 842 3351 914 in
3374 843 3527 913 duo

1979 958 2350 1049 aequalia,
2404 963 2593 1031 tunc
2631 962 2899 1051 potest
2931 959 3089 1031 dici
3139 959 3356 1031 forte
3402 980 3528 1030 ve-

1981 1074 2474 1159 risimiliter,
2521 1081 2600 1150 et
2630 1078 2853 1158 bene,
2902 1078 3109 1170 quod
3145 1077 3530 1151 medietas

1982 1188 2330 1261 inferior
2382 1194 2508 1263 est
2565 1209 2711 1262 aer
2754 1211 3034 1285 purus,
3091 1190 3528 1262 secundum

1980 1307 2187 1401 quod
2255 1326 2398 1379 aer
2447 1308 3210 1383 convenientissime
3273 1307 3530 1397 exigit

1978 1424 2482 1499 caliditatem
2552 1445 2734 1498 cum
2817 1424 3326 1505 humiditate,
3394 1424 3528 1496 sed

1982 1542 2364 1635 superior
2431 1542 2819 1617 medietas
2869 1545 2993 1616 est
3051 1540 3526 1633 aliqualiter

1979 1659 2412 1740 desiccata,
2466 1663 2546 1733 et
2578 1660 2890 1743 adusta,
2945 1658 3269 1732 ratione
3312 1657 3524 1748 ignis

1983 1776 2135 1850 sibi
2170 1776 2631 1869 propinqui.
3193 1796 3199 1800 ·

2406 2143 2865 2226 QUAESTIO
2974 2143 3111 2215 IX.

1997 2398 2230 2467 Utrum
2320 2396 2543 2465 media
2605 2399 2790 2486 reyio
2847 2397 3026 2463 acris
3107 2398 3195 2463 sit
3277 2416 3532 2486 semper

2595 2513 2914 2602 friyida?

2080 2710 2484 2803 Arguitur
2526 2708 2733 2802 quod
2782 2726 2968 2789 non,
3015 2707 3207 2800 quia
3258 2707 3327 2781 si
3387 2709 3604 2832 sic,A
3687 2718 3738 2770 ¹-
3825 2781 3838 2795 ,

1993 2831 2476 2921 sequeretur
2506 2826 2710 2919 quod
2746 2825 3004 2898 media
3045 2827 3273 2917 regio
3315 2829 3534 2901 aeris
3611 2796 3861 2894 ”ssuff'

1991 2947 2157 3021 cito
2223 2945 2768 3026 descenderet,
2827 2946 3169 3037 propter
3227 2943 3538 3036 frigidi-

1990 3067 2272 3145 tatem,
2319 3062 2414 3134 ad
2446 3065 2785 3136 terram.
2824 3060 3233 3133 Probatur
3263 3080 3537 3135 conse-

1992 3179 2349 3274 quentia,
2416 3177 2604 3271 quia
2667 3176 2927 3250 media
3008 3176 3236 3268 regio
3314 3177 3533 3251 aeris

1986 3318 2174 3371 cum
2243 3315 2567 3389 semper
2637 3294 2746 3368 sit
2824 3292 3145 3384 frigida,
3212 3314 3535 3387 semper

1986 3411 2426 3507 gravescit,
2481 3414 2562 3485 et
2602 3409 3171 3492 condensatur,
3240 3413 3322 3484 et
3389 3431 3535 3503 per

1983 3548 2485 3620 consequens
2516 3526 2745 3602 debet
2774 3527 3277 3599 descendere.

2072 3648 2459 3729 Secundo,
2543 3645 2913 3738 sequitur
2988 3644 3196 3737 quod
3273 3644 3535 3716 media
3563 3660 3878 3713 Secundum

1987 3765 2218 3858 regio
2252 3764 2471 3837 aeris
2494 3761 2778 3836 statim
2809 3760 3135 3833 deberet
3159 3759 3534 3833 converti

1983 3885 2062 3959 in
2096 3901 2417 3975 aquam.
2454 3882 2972 3970 Consequens
2992 3874 3314 3957 falsum,
3346 3877 3536 3969 quia

1982 4006 2178 4077 tunc
2230 4019 2393 4072 non
2443 4000 2663 4071 esset
2710 3995 2972 4069 media
3033 3994 3261 4085 regio
3314 3995 3533 4067 aeris

1983 4116 2364 4211 amplius,
2428 4120 2511 4188 et
2585 4134 2733 4207 per
2800 4130 3304 4204 consequens
3373 4131 3533 4185 non

1986 4255 2311 4327 semper
2405 4235 2624 4306 esset
2709 4229 3035 4321 frigida.
3123 4229 3535 4304 Probatur

1984 4348 2598 4442 consequentia,
2639 4347 2827 4438 quia
2865 4366 2964 4417 0)(
3000 4365 3191 4416 aere
3237 4365 3382 4437 per
3424 4344 3532 4416 in-

1986 4464 2601 4556 frigidationem
2645 4463 3094 4553 generatur
3135 4480 3368 4551 aqua,
3417 4480 3533 4532 re-

1989 4586 2365 4655 manente
2395 4580 2903 4654 humiditate.

2075 4700 2380 4780 Tertio,
2402 4698 2528 4771 vel
2552 4697 2811 4770 media
2838 4696 3067 4788 regio
3088 4696 3305 4768 aeris
3328 4716 3528 4768 sem·
3576 4715 3830 4766 Tem-um.

1993 4837 2139 4911 per
2177 4821 2301 4890 est
2331 4816 2630 4907 frigida
2671 4835 2770 4887 ex
2815 4833 2961 4886 sua
3003 4813 3345 4905 propria
3398 4831 3532 4883 na·

1992 4942 2208 5017 tura,
2253 4935 2379 5007 vel
2438 4955 2537 5007 ex
2596 4936 2899 5007 natura
2963 4931 3148 5004 loci.
3205 4932 3386 5003 Non
3443 4930 3535 5003 de

1993 5073 2140 5126 sua
2192 5050 2536 5144 propria
2604 5053 2932 5130 natura,
3009 5047 3198 5140 quia
3270 5047 3534 5119 omnis

1991 5191 2136 5243 aer
2181 5172 2308 5243 est
2350 5167 2850 5241 naturaliter
2899 5165 3234 5246 caliduS,
3280 5170 3360 5240 et
3395 5164 3533 5235 hu-

1993 5288 2276 5367 midus,
2315 5291 2402 5359 ut
2464 5288 2688 5377 patet
2729 5284 3236 5377 praecedente
3282 5303 3530 5374 quaes·

1990 5405 2237 5479 tione.
2267 5404 2431 5475 Nec
2466 5422 2565 5473 ex
2598 5405 2899 5474 natura
2936 5399 3119 5480 loci,
3158 5398 3346 5490 quia
3377 5398 3528 5470 elc-

1993 5525 2290 5601 menta,
2365 5524 2668 5611 quanto
2729 5521 2915 5591 sunt
2976 5515 3428 5589 remotiora
3484 5536 3530 5586 a

90 5631 215 5681 aas,
415 5634 535 5714 Ad
617 5634 834 5710 aliud
916 5643 1517 5728 argumentum,
1614 5642 1880 5736 potest
1994 5639 2226 5712 nobis
2267 5659 2554 5712 vorsus
2593 5656 2944 5715 sursum,
2987 5631 3528 5710 suntealidio-
