4252 6393
1767 465 2128 540 QUAEs'rlo
2176 466 2306 527 ΧΧΙ

350 626 692 716 tempus,
741 622 948 714 quod
982 628 1406 696 mensurat
1459 624 1898 696 successio-

351 764 530 814 nem
603 743 891 817 talium
950 742 1616 836 applicationum,
1709 764 1897 837 qua-

356 882 533 934 rum
636 860 1044 935 successio
1143 866 1269 936 est
1361 863 1535 954 ejus
1628 866 1897 936 motus

356 979 685 1061 localis,
795 984 920 1054 est
1020 984 1341 1073 tempus
1454 980 1899 1053 discretum

354 1098 901 1190 compositum
961 1119 1059 1169 ex
1103 1098 1620 1179 instantibus,
1690 1095 1901 1169 sicut

353 1214 525 1307 ejus
570 1219 839 1287 motus
884 1215 1169 1287 localis
1228 1218 1349 1286 cst
1395 1215 1898 1308 compositus

353 1354 449 1406 cx
485 1338 756 1403 mutatis
795 1357 951 1414 esse,
1000 1332 1169 1405 sive
1217 1333 1899 1426 applicationibus

359 1451 923 1525 instantaneis.
1017 1454 1212 1525 Cum
1276 1452 1489 1523 enim
1578 1456 1899 1544 tempus

356 1589 515 1641 non
550 1568 842 1642 habeat
878 1568 1532 1650 continuitatem,
1574 1569 1900 1659 inquan-

360 1693 527 1760 tum
606 1691 728 1760 est
800 1707 1215 1768 numeruS‚
1292 1688 1424 1758 sed
1501 1707 1600 1756 ex
1668 1688 1902 1778 parte

359 1809 653 1886 motuS,
720 1804 804 1876 in
847 1824 1002 1895 quo
1054 1807 1179 1876 est
1243 1808 1329 1875 ut
1379 1802 1456 1873 in
1511 1801 1897 1892 subjecte,

358 1925 625 1995 motus
706 1926 979 1995 autem
1046 1920 1333 1992 localis
1421 1917 1905 1991 continuita-

360 2045 520 2112 tem
592 2037 834 2112 habet
893 2060 991 2110 cx
1059 2037 1656 2129 magnitudin&
1733 2036 1902 2107 ideo

357 2176 538 2227 cum
577 2161 847 2229 motus
911 2155 1199 2244 Angeli
1251 2175 1409 2226 non
1465 2153 1570 2227 sit
1633 2173 1907 2225 secun-

357 2274 543 2345 ‹lum
622 2272 1249 2345 continuitatem
1328 2269 1599 2362 spatii,
1694 2269 1907 2343 sicut

363 2394 633 2463 motus
683 2390 1089 2482 corporiS,
1139 2389 1345 2481 quod
1381 2410 1464 2459 se
1508 2407 1907 2460 commen-

364 2510 594 2578 surat
644 2505 1012 2598 partibus
1083 2505 1327 2597 spatii
1402 2509 1672 2578 motus
1733 2502 1909 2593 ejus

360 2625 797 2698 continuus
831 2646 989 2696 non
1042 2629 1190 2705 θεῖ,
1254 2624 1385 2695 sed
1444 2627 1567 2694 est
1609 2621 1909 2694 discre-

362 2749 493 2816 tus
553 2763 653 2814 ex
692 2746 963 2810 mutatis
1020 2766 1154 2810 csse
1219 2739 1748 2833 compositu&
1812 2760 1909 2810 ex

363 2860 562 2953 ipsis
633 2859 947 2932 scilicet
1017 2857 1703 2952 applicationibus
1759 2856 1913 2927 ins-

362 2977 799 3057 tantaneis,
844 2977 924 3047 in
969 2975 1255 3067 quibus
1300 2975 1522 3047 nulla
1564 2977 1688 3047 est
1729 2992 1910 3044 con-

366 3096 732 3176 tinuitas,
771 3094 958 3186 quia
1028 3093 1386 3187 applicat
1430 3093 1784 3184 Angelus
1829 3112 1912 3163 εθ

361 3212 1094 3286 commensurando
1171 3211 1540 3303 partibus
1638 3207 1908 3302 spatii,

364 3330 497 3402 sed
560 3351 645 3400 se
706 3332 968 3401 totum
1014 3325 1254 3399 simul
1309 3330 1385 3399 et
1440 3326 1519 3396 in
1573 3324 1911 3399 instanti

364 3449 499 3521 uni
542 3449 725 3521 loco
768 3447 1267 3540 applicandO,
1313 3446 1504 3518 etin
1549 3443 1708 3516 alio
1762 3443 1916 3515 ins-

365 3565 576 3640 tanti
648 3565 727 3636 in
798 3564 961 3636 alio
1042 3564 1244 3635 loco.
1315 3563 1497 3634 Ideo
1566 3566 1912 3653 tempus,

368 3684 576 3774 quod
609 3685 733 3754 θεῖ
777 3700 1161 3753 mensura
1203 3680 1392 3753 talis
1439 3683 1734 3758 motus,
1783 3678 1916 3769 qui

371 3803 643 3874 motus
685 3820 844 3870 non
885 3802 1009 3871 est
1053 3797 1292 3878 aliud,
1360 3818 1601 3887 quam
1660 3797 1919 3869 varic-

372 3921 522 3998 tas,
560 3920 641 3989 et
686 3914 1096 3988 successio
1136 3914 1730 4006 operationum,
1780 3935 1917 3986 seu

369 4032 1039 4127 applicationum‚
1077 4035 1381 4104 nonest
1414 4031 1915 4112 continuum,

372 4152 505 4223 sed
546 4154 672 4224 est
731 4150 1281 4241 compositum
1326 4170 1423 4219 ex
1482 4153 1752 4217 mittatis
1791 4172 1923 4216 esse

372 4268 525 4339 sihi
570 4266 1205 4347 succedentibus,
1255 4271 1341 4339 ut
1387 4265 1492 4338 sit
1533 4284 1923 4336 numerus

374 4386 742 4477 ipsarum
800 4383 1372 4476 operationum
1435 4381 1585 4454 sibi
1657 4401 1925 4454 succc-

372 4499 759 4578 dentium,
800 4512 1051 4586 tempus
1082 4500 1446 4578 vocetur,
1487 4497 1700 4569 sicut
1749 4496 1926 4588 ipsa

376 4616 787 4690 successio
834 4613 1432 4708 operationum,
1488 4615 1612 4685 vel
1676 4613 1925 4706 appli-

374 4734 794 4808 cationum
853 4731 1154 4805 dicitur
1193 4745 1428 4801 motus.
1484 4732 1662 4803 Non
1711 4730 1927 4803 enim

376 4849 821 4945 applicatio
866 4850 1154 4940 Angeli
1198 4850 1292 4920 ad
1354 4869 1597 4919 unum
1662 4849 1927 4919 solum

377 4966 669 5051 locum,
750 4967 917 5039 sive
998 4987 1157 5037 una
1233 4967 1408 5038 sola
1485 4965 1927 5058 applicatio

378 5086 689 5178 Angeli,
752 5084 1054 5158 dicitur
1100 5088 1369 5157 motus
1416 5109 1429 5152 ε
1477 5104 1659 5155 cum
1711 5082 1927 5154 enim

376 5225 533 5283 esse,
572 5201 778 5293 quod
816 5204 1214 5281 movetur,
1253 5198 1497 5271 aliter
1521 5222 1603 5270 se
1641 5198 1931 5270 habeat

380 5335 614 5395 nunc,
677 5320 757 5387 et
822 5314 1076 5407 prius,
1142 5313 1366 5386 circa
1419 5313 1623 5405 quod
1669 5332 1930 5383 move·

380 5433 517 5504 tur
557 5431 974 5513 localiter;
1021 5431 1146 5502 vel
1195 5430 1403 5522 quod
1452 5431 1763 5501 motum
1806 5431 1930 5500 θεῖ

382 5546 785 5632 localiter,
833 5550 913 5620 in
964 5548 1127 5622 alio
1173 5549 1353 5620 loco
1413 5550 1563 5628 est,
1639 5545 1804 5616 imo
1852 5545 1929 5616 in

383 5664 544 5736 alio
610 5665 763 5739 fuit
816 5665 1069 5759 prius,
1146 5664 1251 5738 ita
1322 5667 1590 5736 motus
1645 5661 1926 5750 Angeli

3442 466 3561 531 679

2013 627 2299 700 localis
2361 648 2522 701 non
2571 632 2695 702 est
2741 628 2820 702 in
2889 651 3046 703 una
3088 630 3263 704 sola
3304 632 3556 727 appli-

2010 748 2332 822 catione
2373 749 2467 820 ad
2509 749 2778 823 locum
2815 771 3086 831 unum,
3137 752 3269 823 sed
3308 754 3434 825 est
3479 751 3558 822 in

2012 866 2190 947 hoc,
2229 868 2431 957 quod
2483 867 2573 938 de
2636 887 2793 937 uno
2865 868 3073 948 loco,
3139 868 3221 940 in
3276 889 3432 959 quo
3479 870 3557 942 in

2014 986 2358 1059 instanti
2434 1007 2517 1057 se
2586 985 2970 1080 applicat,
3047 1008 3130 1057 se
3210 986 3407 1060 facit
3477 986 3556 1058 in

2012 1103 2176 1175 alio
2212 1103 2552 1178 instanti
2587 1103 2665 1174 in
2700 1103 2863 1175 alio
2899 1105 3104 1176 loce.

2108 1220 2275 1291 Hoc
2350 1220 2599 1291 etiam
2689 1224 2935 1311 patet,
3029 1221 3217 1312 quia
3296 1220 3557 1293 omnis

2016 1336 2363 1410 mutatio
2442 1336 2909 1409 necessario
2978 1337 3314 1410 includit
3362 1337 3558 1409 duos

2017 1454 2440 1534 terminos,
2517 1453 2645 1544 qui
2727 1473 2886 1525 non
2965 1457 3306 1545 possunt
3381 1476 3561 1527 esse

2017 1568 2283 1648 simul,
2330 1572 2410 1641 et
2447 1568 2562 1640 ita
2598 1567 2932 1641 includit
2964 1571 3310 1660 tempus,
3357 1568 3563 1659 quod

2016 1688 2141 1756 est
2199 1706 2587 1757 numerus
2659 1685 2966 1777 prioris
3025 1689 3103 1758 et
3167 1686 3562 1778 posterio-

2021 1804 2163 1882 ris,
2239 1802 2318 1873 in
2386 1802 2671 1894 quibus
2729 1802 3110 1875 consistit
3171 1806 3346 1876 tota
3387 1822 3565 1875 suc-

2018 1920 2416 1993 cessionis
2475 1920 2715 1994 ratio.
2765 1922 2910 1995 Sed
2944 1924 3263 2013 tempus
3309 1919 3565 1992 diver-

2020 2040 2326 2113 simode
2394 2038 2835 2111 includitur
2898 2039 2975 2110 in
3016 2038 3360 2110 diversis
3397 2058 3566 2109 mu-

2021 2158 2469 2231 tationibus
2506 2184 2521 2227 :
2561 2156 2872 2248 quando
2917 2156 3129 2228 enim
3168 2155 3565 2229 terminus

2025 2280 2291 2348 motus
2360 2277 2449 2343 ad
2506 2298 2694 2363 quem
2751 2278 2875 2344 est
2947 2272 3340 2344 mediatus
3412 2276 3568 2345 tcr-

2026 2389 2246 2460 mino
2287 2415 2328 2456 (ι
2368 2412 2515 2477 quo,
2583 2391 2662 2460 et
2723 2386 2873 2458 hoc
2950 2388 3076 2457 vel
3136 2387 3569 2459 secundum

2026 2505 2372 2578 medium
2484 2503 2970 2597 quantitatis
3074 2503 3565 2587 dimensivae,

2024 2627 2113 2696 ut
2180 2627 2306 2697 est
2374 2623 2453 2694 in
2498 2627 2719 2696 motu
2801 2622 3041 2694 locali
3099 2641 3568 2714 corporum,

2026 2746 2104 2814 ct
2186 2741 2266 2812 in
2362 2744 2589 2813 motu
2681 2740 3102 2831 augmenti
3183 2744 3263 2813 et
3340 2740 3572 2811 dimi-

2025 2857 2436 2939 nutionis;
2500 2858 2626 2929 vel
2699 2859 3133 2955 secundum
3224 2857 3570 2929 medium

2027 2975 2511 3066 quantitatis
2554 2975 2963 3056 virtualis,
3002 2974 3232 3065 cujus
3281 2973 3571 3046 divisio

2025 3092 2476 3165 attenditur
2527 3093 2962 3164 secundum
3008 3091 3571 3172 intensionem,

2027 3215 2108 3285 et
2169 3210 2738 3282 remissionem
2826 3210 3180 3301 alicujus
3258 3209 3572 3293 formae,

2029 3330 2238 3402 sicut
2288 3329 2365 3400 in
2409 3349 2706 3420 genere
2776 3327 3265 3419 qualitatum
3334 3329 3581 3400 sensi-

2026 3446 2358 3527 bilium;
2446 3449 2525 3518 et
2593 3445 2780 3517 dum
2872 3444 2987 3517 sic
3067 3444 3470 3519 terminus
3539 3471 3580 3513 α

2029 3589 2156 3653 quo
2196 3568 2318 3637 est
2381 3562 2775 3636 mediatus
2819 3562 3172 3636 termino
3232 3565 3323 3631 ad
3362 3587 3575 3651 quem,

2031 3686 2221 3755 tunc
2266 3680 2454 3754 talis
2509 3680 2854 3752 mutatio
2899 3699 3043 3772 per
3094 3701 3178 3751 se
3211 3684 3582 3771 tempore

2033 3802 2587 3878 mensuratur,
2662 3797 2850 3888 quia
2903 3797 2984 3868 in
3016 3797 3314 3870 talibus
3401 3816 3581 3889 per-

2034 3916 2361 3988 venitur
2402 3915 2859 3987 successive
2902 3935 2948 3984 a
2983 3913 3336 3987 termino
3385 3938 3427 3981 a
3457 3937 3581 4002 quo

2035 4033 2129 4103 ad
2165 4031 2605 4105 terminum
2628 4033 2717 4099 ad
2747 4055 2963 4121 quem,
2997 4031 3317 4104 ratione
3346 4029 3581 4102 medii

2033 4146 2463 4219 divisibilis
2535 4147 2748 4219 inter
2804 4150 3239 4239 utrumque
3310 4144 3585 4220 termi-

2037 4286 2258 4336 num.

2126 4380 2450 4461 Quando
2497 4382 2769 4452 autem
2817 4379 2906 4452 fit
2963 4378 3580 4461 transmutati0‚

2040 4498 2520 4589 inquantum
2590 4496 2992 4569 terminus
3051 4499 3142 4564 ad
3198 4521 3381 4585 quem
3426 4514 3586 4566 non

2039 4620 2166 4687 est
2272 4613 2711 4694 mediatim,
2810 4613 2972 4685 imo
3073 4613 3588 4689 immediatus

2043 4732 2395 4806 termino
2447 4756 2489 4798 α
2554 4754 2703 4819 quc,
2776 4731 3034 4818 (sicut
3090 4735 3215 4805 est
3285 4732 3366 4803 in
3427 4733 3590 4806 illis

2045 4846 2658 4928 mutationibus,
2705 4847 2785 4918 in
2819 4847 3105 4938 quibus
3147 4853 3270 4922 est
3333 4855 3594 4923 muta-

2041 4964 2156 5037 tio
2216 4964 2307 5034 de
2372 4962 2832 5055 privatione
2891 4964 2986 5034 ad
3044 4962 3423 5045 formam,
3469 4966 3596 5036 vel

2042 5103 2084 5152 e
2118 5078 2544 5153 contrario
2573 5084 2658 5152 ut
2681 5079 2953 5153 dicunt
2989 5080 3127 5153 isti
3153 5080 3231 5150 in
3266 5100 3598 5169 genera-

2044 5197 2266 5270 tione
2329 5198 2616 5268 l'ormae
2677 5195 3269 5276 substantialis,
3309 5200 3388 5268 ct
3431 5218 3602 5268 cor-

2048 5311 2454 5405 ruptione,
2537 5316 2616 5384 ct
2680 5311 2758 5382 in
2822 5310 3448 5392 illuminatione,
3521 5318 3601 5386 et

2048 5431 2124 5501 in
2165 5427 2560 5510 omnibuS,
2601 5448 2946 5519 quorum
2992 5427 3440 5519 productio,
3477 5429 3601 5500 vel

2046 5545 2476 5637 corruptio
2546 5548 2670 5617 θεῖ
2745 5544 2822 5614 in
2901 5543 3286 5634 instanti)
3362 5545 3596 5628 ta-leS,

2049 5664 2408 5753 inquam,
2459 5660 2958 5733 mutationes
3020 5664 3393 5752 tempore
3447 5681 3606 5733 non

3719 4397 3801 4450 2⁸.
