4252 6393
1703 408 2064 485 QUAES'I'lO
2112 409 2245 471 xv1

309 569 491 664 quit)
530 583 592 639 et
613 573 686 639 ln·
711 574 850 639 sint
878 593 1097 653 εαηθε,
1124 573 1198 638 Izi
1226 582 1444 636 aulem
1466 573 1638 658 equi,
1667 573 1831 636 utri-

307 713 415 780 que
434 701 653 756 aulem
681 695 956 775 septeni,
989 689 1160 754 idem
1188 709 1504 754 numerus
1527 698 1639 766 est,
1681 698 1833 752 tem-

301 830 413 895 pus
440 818 658 873 autem
702 807 939 892 ubique
983 805 1183 885 idem,
1239 807 1398 892 quia
1421 815 1481 869 el
1519 825 1837 870 nze-merus

306 944 479 1002 tantas,
537 934 598 988 e!
649 922 822 988 idem
879 921 1120 1007 ubique
1186 932 1301 999 est,
1348 921 1463 1006 qui
1501 930 1592 985 est
1626 940 1833 1005 (cqua-

304 1041 476 1121 lium,
513 1050 573 1105 et
600 1039 801 1104 simul
821 1063 845 1117 ,·
880 1039 960 1107 et
986 1034 1299 1114 ibidem,
1341 1047 1499 1102 teme.
1539 1035 1685 1104 1:34.
1721 1037 1834 1099 Di-

301 1158 461 1223 citur
508 1167 726 1222 autem
772 1165 942 1220 recle
983 1154 1157 1240 quod
1215 1174 1531 1218 wunnerus
1570 1152 1837 1238 quidem

303 1274 465 1339 idem
507 1285 623 1353 ese,
661 1285 723 1339 el
764 1275 1011 1350 ovium,
1050 1284 1109 1337 cl
1160 1293 1424 1348 canum,
1460 1272 1520 1336 si
1560 1272 1837 1356 (vqualis

303 1401 558 1476 uterque
625 1391 714 1454 sic
758 1415 779 1454 .·
812 1390 1032 1455 decem
1081 1400 1456 1454 autemnon
1497 1387 1692 1465 idem,
1731 1407 1835 1450 nc-

301 1527 409 1593 que
438 1505 660 1571 decem
691 1506 914 1571 eadem
947 1517 1122 1582 sune,
1161 1506 1313 1582 etc,

128 1643 187 1695 εδ.
382 1621 524 1692 Sed
595 1619 1169 1691 advertendum
1238 1617 1442 1708 quod
1507 1616 1831 1706 inquan-

301 1741 462 1807 tum
542 1736 812 1807 forma
887 1733 1202 1806 numeri
1279 1731 1834 1804 Mathematici

301 1857 415 1926 est
460 1853 539 1923 in
589 1852 953 1922 numeris
1017 1850 1528 1921 sensibilibus
1573 1852 1650 1919 ct
1705 1868 1835 1918 na-

301 1970 722 2049 turalibus,
772 1969 876 2041 ibi
920 1968 1387 2040 necessario
1453 1965 1837 2057 multipli-

303 2092 530 2161 catur
571 2089 1003 2159 secundum
1047 2106 1477 2157 numerum
1513 2083 1840 2154 sensibi-

306 2204 516 2287 lium,
553 2209 631 2277 et
679 2203 1273 2278 multitudinem
1318 2205 1834 2273 naturarum.

58 2323 274 2444 ἔέῗῖιῗᾶἶ
305 2323 512 2394 Unde
582 2324 783 2414 quod
858 2342 1245 2393 numerus
1329 2317 1838 2390 Mathemati-

61 2457 269 2575 umyuffii.
304 2461 435 2510 cus
506 2459 662 2511 non
747 2437 1339 2530 multiplicetur
1408 2435 1837 2506 secundum

65 2565 253 2628 ‘mamea
306 2557 894 2629 multitudinem
1006 2574 1541 2626 numerorum
1672 2570 1839 2622 rea-

308 2674 520 2754 lium,
561 2673 710 2746 hoc
753 2671 1151 2763 contingit
1195 2671 1268 2742 ei
1309 2673 1648 2762 propter
1683 2687 1840 2738 ma-

299 2790 557 2881 jorem
613 2789 1254 2863 abstractionem
1323 2793 1402 2858 ct
1461 2785 1838 2877 simplici-

307 2911 573 2989 tatem,
624 2927 861 2999 quam
906 2906 1193 2976 habent
1228 2902 1548 2974 numeri
1597 2922 1842 2993 super

309 3023 920 3114 magnitudines.
969 3021 1213 3095 Ratio
1273 3022 1545 3090 autem
1602 3018 1837 3111 liujus

309 3140 639 3233 majoris
711 3143 789 3212 et
853 3138 1192 3211 minoris
1256 3134 1839 3209 abstractionis

308 3261 427 3329 est
458 3257 910 3329 differentia
949 3256 1162 3329 inter
1194 3254 1618 3333 unitatem,
1668 3274 1840 3343 quse

309 3376 428 3445 est
490 3372 978 3466 principium
1046 3371 1391 3450 numeri,
1449 3374 1528 3441 et
1608 3388 1840 3460 punc-

314 3493 474 3561 tum
552 3491 757 3583 quod
817 3493 939 3560 θεῖ
1002 3487 1489 3581 principium
1537 3484 1842 3574 magni-

312 3606 623 3678 tudinis.
661 3606 948 3680 Unitas
982 3604 1194 3677 enim
1225 3604 1316 3674 de
1345 3601 1662 3675 ratione
1697 3620 1843 3671 sua

315 3726 432 3794 est
506 3722 844 3814 majoris
914 3717 1520 3797 abstractionis,
1600 3736 1840 3808 quam

319 3842 730 3927 punctum3
807 3836 992 3929 quia
1055 3838 1434 3930 punctum
1502 3835 1624 3904 est
1670 3834 1842 3904 sub-

319 3956 609 4029 stantia
642 3954 1041 4047 positiva;
1111 3952 1385 4024 unitas
1419 3958 1692 4026 autem
1751 3952 1842 4023 de

324 4072 624 4145 ratione
667 4092 816 4144 sua
864 4092 1023 4143 non
1065 4069 1257 4142 dicit
1326 4070 1837 4163 positionem,

324 4209 447 4259 seu
499 4190 770 4263 situm.
819 4191 917 4260 Et
952 4187 1122 4258 ideo
1160 4186 1368 4259 sicut
1404 4186 1671 4259 unitas
1703 4204 1845 4277 per

327 4304 787 4377 additionem
868 4305 1072 4375 situs
1120 4303 1369 4374 induit
1443 4303 1841 4376 rationem

331 4423 606 4512 puncti,
681 4422 797 4492 ita
874 4440 1264 4490 numerus
1325 4440 1466 4511 per
1519 4419 1844 4491 additio-

332 4557 490 4609 nem
525 4538 729 4611 situs
780 4537 996 4611 cadit
1040 4538 1117 4607 in
1179 4537 1651 4609 continuum
1697 4564 1710 4606 :
1767 4540 1845 4608 et

61 4738 74 4755 ‚
338 4655 498 4743 quia
577 4655 1001 4728 abstracta
1083 4653 1375 4725 liabent
1451 4653 1848 4744 majorem

59 4776 72 4813 ¹
339 4772 730 4853 unitatem,
773 4772 942 4843 ideo
986 4790 1372 4841 numerus
1411 4771 1850 4841 Mathema-

341 4887 524 4958 ticus
589 4891 711 4961 θεῖ
783 4905 1012 4966 unus,
1096 4886 1465 4977 quamvis
1532 4885 1850 4956 numeri

348 5005 580 5076 reales
623 5002 1299 5095 multiplicentur.

151 5144 310 5181 mero-
421 5122 524 5190 Ex
587 5118 999 5213 praedictis
1062 5121 1309 5209 patet,
1371 5118 1576 5209 quod
1644 5137 1851 5196 cum,

122 5209 316 5325 ‘32⁰3ss
351 5236 750 5309 secundum
812 5232 1221 5326 praedicta,
1271 5234 1531 5305 omnis
1589 5253 1857 5305 nume-

127 5314 223 5366 ἀπ’
355 5367 472 5421 rus
528 5353 619 5421 ab
689 5351 1001 5423 unitate
1077 5349 1424 5429 oriatur,
1502 5350 1859 5420 oninium

355 5484 849 5541 numerorum
885 5471 1005 5539 θεῖ
1042 5468 1629 5557 quodammodo
1658 5466 1862 5537 idem

358 5583 809 5677 principium
871 5588 952 5656 et
1025 5582 1279 5654 radix.
1359 5586 1456 5655 Et
1517 5581 1682 5653 lucc
1742 5585 1863 5654 est

3382 404 3491 467 581

1953 569 2129 661 ipsa
2194 570 2566 650 materia,
2616 590 2789 660 quae
2859 589 3041 640 cum
3109 565 3496 641 dividitur

1953 686 2383 757 secundum
2418 686 2783 757 diversas
2836 685 3146 755 formas
3191 682 3494 774 specifi-

1951 823 2113 882 cas,
2170 807 2293 875 est
2341 802 2566 874 radix
2608 799 2926 871 numeri
2985 797 3489 870 essentialis:

1951 921 2027 988 et
2063 918 2246 988 dum
2272 916 2656 990 dividitur
2679 918 3109 988 secundum
3133 914 3497 986 diversas

1952 1033 2473 1108 actualitates
2534 1034 2616 1104 in
2673 1033 3017 1105 diversis
3077 1031 3499 1105 individuis

1947 1151 2305 1242 ejusdem
2388 1150 2710 1242 speciei,
2793 1154 2915 1222 θεῖ
3006 1148 3497 1242 principium

1946 1267 2263 1338 numeri
2310 1267 2734 1339 formalis:
2783 1271 2860 1338 et
2894 1267 3077 1339 dum
3111 1265 3496 1338 dividitur

1950 1386 2025 1456 in
2097 1385 2462 1456 diversas
2527 1388 2801 1478 partes
2873 1384 3316 1474 integrales
3381 1406 3494 1455 εθ-

1949 1504 2289 1574 cundum
2359 1502 2835 1574 divisionem
2924 1500 3311 1583 continui,
3368 1505 3491 1573 θεῖ

1951 1619 2437 1711 principium
2536 1618 2854 1690 numeri
2945 1617 3487 1689 accidentalis.

1952 1741 2050 1810 Et
2122 1742 2204 1808 ut
2286 1742 2821 1829 comparatur
2918 1737 3010 1807 ad
3092 1757 3221 1807 res
3302 1735 3496 1807 alio-

1953 1876 2132 1925 rum
2208 1855 3036 1926 l‘iwtlicamentorum
3081 1874 3126 1924 a
3186 1854 3495 1944 quanti-

1948 1976 2143 2053 tate,
2217 1978 2340 2044 θεῖ
2400 1991 2785 2042 numerus
2855 1969 3351 2051 essentialis;
3413 1975 3498 2044 ut

1951 2095 2485 2183 comparatur
2575 2091 2667 2161 ad
2740 2111 2894 2169 res,
2969 2110 3142 2179 quae
3204 2109 3349 2180 per
3415 2109 3499 2159 se

1954 2212 2139 2279 sunt
2192 2208 2267 2278 in
2305 2226 2598 2297 genere
2652 2203 3159 2297 quantitatis,
3206 2206 3328 2275 est
3361 2223 3496 2274 nu-

1956 2343 2229 2393 merus
2264 2322 2667 2392 naturalis
2713 2349 2725 2391 :
2773 2324 2957 2393 dum
3018 2324 3289 2391 autem
3340 2338 3499 2390 una

1960 2462 2148 2535 pars
2192 2442 2366 2530 ejus
2412 2437 2923 2530 quantitatis,
2959 2436 3085 2507 vel
3124 2455 3280 2506 una
3323 2435 3497 2506 sub-

1956 2559 2262 2631 stantia
2315 2557 2460 2628 sul)
2510 2555 2962 2647 quantitate
3008 2551 3496 2643 intelligitur

1956 2674 2345 2767 replicari
2384 2673 2553 2744 sine
2591 2672 2911 2742 ratione
2953 2668 3318 2750 unitatis,
3372 2670 3494 2740 θεῖ

1957 2790 2449 2884 principium
2517 2788 2836 2859 numeri
2910 2785 3494 2857 Mathematici.

1959 2911 2056 2980 1⁴3¹:
2093 2907 2258 2977 llaec
2299 2908 2389 2977 de
2442 2905 2827 2998 praedicto
2889 2901 3237 2974 articulo
3289 2901 3502 2974 suffi-

1955 3027 2197 3107 ciant,
2280 3023 2486 3095 sicut
2565 3022 2937 3093 sufficere
3041 3020 3348 3102 debent,
3433 3021 3499 3092 si

1957 3141 2345 3235 p1·a>dicta
2382 3139 2972 3229 intelligantur.

2447 3453 2874 3511 ARTICULUS
2952 3453 3022 3507 11.

1972 3640 2188 3707 Variis
2218 3637 2591 3703 rationibus
2606 3635 2931 3721 probatur
2951 3654 3304 3699 numerum
3324 3636 3503 3701 nihil

2082 3759 2259 3822 reale
2288 3754 2537 3821 addere
2583 3774 2783 3839 super
2818 3774 2925 3817 res
2962 3763 3369 3819 numeratas.

2047 3952 2285 4025 Circa
2319 3950 2773 4028 secundum,
2815 3947 2890 4018 in
2946 3968 3101 4039 quo
3144 3953 3267 4023 est
3302 3969 3499 4042 prae-
3563 3955 3835 4071 Nufflgm

1956 4071 2165 4142 dicta
2207 4067 2655 4140 declaratio
2729 4065 3181 4139 rationibus
3217 4068 3501 4139 confir-
3531 4080 3834 4158 affe-‚maus

1961 4187 2271 4265 manda,
2318 4189 2439 4256 est
2483 4183 2916 4264 sciendum,
2990 4184 3195 4275 quod
3235 4185 3504 4257 nullus
3531 4143 3853 4269 ”gsssseffiss‘

1960 4324 2347 4375 numerus
2388 4299 2877 4372 'essentialis
2940 4301 3149 4373 addit
3210 4301 3509 4393 aliquid
3560 4282 3825 4383 ngzscira·

1963 4442 2209 4513 super
2249 4420 2679 4490 numerata
2722 4445 2735 4487 :
2794 4418 2983 4510 quia
3033 4418 3509 4510 inquantum

1967 4538 2154 4611 talis
2255 4534 2780 4626 componitur
2856 4556 2953 4605 ex
3034 4534 3507 4619 unitatibuS,

1966 4677 2136 4748 quw.
2180 4655 2775 4725 convertuntur
2808 4671 2991 4723 cum
3024 4652 3389 4736 entitate,
3435 4657 3514 4727 θῖ

1965 4768 2422 4841 substantia
2469 4767 2587 4838 rei
2643 4794 2654 4835 :
2726 4769 2803 4836 ct
2848 4765 3057 4838 sicut
3092 4768 3363 4840 unitas
3400 4773 3515 4842 ta-

1965 4887 2067 4957 lis
2099 4883 2300 4955 nihil
2338 4882 2547 4953 addit
2598 4883 2689 4952 ad
2741 4881 2837 4962 id,
2903 4884 3134 4975 cujus
3183 4887 3305 4955 est
3349 4884 3515 4956 uni-

1968 5011 2121 5085 tas,
2179 5002 2292 5073 sic
2323 5021 2465 5073 nec
2501 5020 2885 5071 numerus
2916 5021 3014 5072 ex
3047 5001 3209 5074 illis
3268 5001 3524 5073 unita-

1970 5122 2185 5193 tibus
2228 5118 2753 5197 constitutus,
2802 5117 3098 5210 aliquid
3154 5120 3362 5191 addit
3399 5144 3520 5193 su-

1974 5259 2118 5331 per
2177 5237 2632 5307 numerata.
2703 5234 2924 5307 Sicut
2968 5234 3216 5307 etiam
3288 5257 3522 5311 omne

1977 5354 2317 5433 actuale,
2367 5352 2569 5443 quod
2639 5357 2762 5423 est
2812 5372 3058 5423 causa
3112 5352 3523 5427 individui-

1977 5469 2201 5547 tatis,
2258 5466 2458 5538 nihil
2509 5467 2721 5538 addit
2777 5487 3027 5559 supra
3083 5470 3523 5543 essentiam

1982 5583 2462 5663 absolutam,
2527 5585 2613 5653 ut
2684 5583 2888 5654 alias
2930 5582 3360 5667 declaravi,
3409 5586 3523 5661 sic
