4252 6393
239 1983 260 2005 ’
287 1983 389 2035 dist
420 1984 500 2037 15.

566 407 702 476 ‘446

570 580 762 654 tuor
829 578 1419 672 quantitatibus
1485 579 1860 650 discretis
1932 600 2110 672 pro-

568 706 1150 802 portionaliter
1191 727 1274 778 se
1307 703 1809 785 habentibus,
1847 706 2110 796 cujus-

568 825 779 898 modi
813 828 1002 899 sunt
1048 827 1112 896 4.
1149 823 1575 895 elementa.
1622 824 1701 896 Si
1737 842 1933 911 ergo
1977 844 2109 894 na-

562 946 754 1016 tura
785 941 1163 1038 corporis
1196 940 1763 1034 corruptibilis
1798 939 1877 1011 in
1924 960 2111 1032 qua·

563 1063 782 1142 tuor,
842 1062 921 1132 et
963 1080 1125 1131 non
1167 1058 1248 1131 in
1289 1058 1685 1151 pluribus,
1731 1058 1859 1128 vel
1920 1079 2105 1150 pau·

563 1177 925 1250 cioribus
961 1176 1670 1270 proportionatum
1709 1195 1890 1246 cum
1946 1195 2107 1246 om-

560 1315 658 1367 ne
692 1295 1177 1388 productum
1220 1313 1266 1364 a
1307 1296 1601 1367 natura.
1637 1291 1740 1362 sit
1783 1312 2107 1383 compo-

561 1410 810 1482 situm
919 1408 1681 1503 proportionatum,
1778 1409 2105 1498 oportet

559 1527 765 1619 quod
807 1525 947 1597 illa
982 1529 1334 1625 quatuor
1366 1523 1530 1597 sint
1561 1523 1834 1616 aliquo
1870 1524 2105 1596 modo

556 1640 637 1712 in
665 1638 1017 1732 quolibet
1052 1638 1444 1733 producto
1478 1659 1524 1709 a
1556 1642 1877 1711 natura.
1924 1639 2106 1710 Non

554 1756 771 1829 enim
833 1760 1175 1849 possunt
1217 1756 1836 1849 proportionari
1883 1776 2104 1848 sepa·

558 1873 808 1946 ratim
847 1872 972 1945 vel
1007 1873 1186 1956 duo,
1224 1874 1350 1946 vel
1395 1875 1584 1956 tria,
1651 1875 1783 1946 sed
1836 1873 2103 1946 solum

558 1992 939 2083 quatuor,
995 1989 1205 2064 sicut
1240 1990 1321 2063 in
1341 1993 1407 2063 2.
1448 1990 2104 2065 Sententiarum*

551 2099 792 2188 habet
865 2108 1201 2192 ostendi,
1291 2108 1478 2181 dum
1563 2109 1805 2181 datur
1886 2106 2101 2178 suffi-

549 2224 848 2300 cientia
927 2228 1281 2317 quatuor
1353 2224 1944 2297 elementorum
2017 2221 2098 2294 in

550 2342 867 2418 mundo,
1536 2437 1541 2446 ⁴

641 2472 873 2551 Item,
922 2488 1446 2561 quaecumque
1478 2468 1770 2541 cadunt
1824 2466 1901 2539 in
1956 2466 2094 2538 ali-

547 2609 705 2681 qua
739 2590 965 2661 recta
1014 2587 1252 2668 linea,
1306 2606 1635 2658 necesse
1684 2588 1806 2657 est
1888 2584 2095 2677 quod

550 2704 618 2777 si
689 2699 1053 2778 alterum
1105 2702 1212 2776 sit
1254 2701 1828 2794 compositum,
1887 2700 2093 2792 quod

549 2821 819 2894 omnia
863 2820 1026 2894 sint
1066 2819 1547 2912 composita,
1593 2822 1682 2891 ut
1730 2816 1797 2890 si
1850 2816 2091 2889 homo

541 2940 664 3010 cst
719 2935 1252 3030 compositus,
1324 2956 1655 3008 necesse
1720 2937 1842 3006 est
1890 2935 2091 3027 quod

544 3053 839 3136 omnia,
898 3076 1073 3147 quae
1142 3055 1327 3127 sunt
1399 3052 1481 3125 in
1544 3055 1770 3130 recta
1846 3051 2083 3132 linea,

541 3170 706 3247 sint
746 3171 1228 3267 composita.
1274 3171 1480 3247 Hinc
1513 3176 1637 3246 cst
1682 3170 1890 3263 quod
1940 3168 2089 3243 (lif-

539 3289 908 3364 fcrentiae
942 3288 1378 3383 simplices,
1418 3310 1559 3361 nec
1598 3289 1889 3369 forma,
1944 3309 2087 3362 nec

543 3407 915 3489 materia,
956 3411 1142 3480 sunt
1178 3406 1258 3478 in
1302 3409 1529 3479 recta
1573 3405 1810 3478 linea.
1867 3408 2085 3495 Ergo

542 3544 722 3596 cum
770 3523 1032 3596 omnis
1111 3522 1328 3596 actio
1398 3526 1742 3605 naturae,
1808 3527 1888 3596 ct
1943 3543 2087 3615 per

538 3660 1039 3732 consequens
1075 3662 1309 3713 omne
1360 3642 1907 3733 compositum
1961 3661 2085 3711 or-

536 3758 861 3831 dinetur
904 3763 1123 3832 recte
1165 3761 1260 3831 ad
1307 3759 1746 3841 hominem,
1795 3761 1874 3832 in
1928 3781 2083 3853 quo

533 3879 656 3949 est
732 3876 994 3949 omnis
1076 3877 1355 3951 modus
1432 3878 2079 3970 compositionis,

537 3997 866 4086 oportet
910 3993 1117 4086 quod
1178 3993 1343 4077 illa,
1394 4015 1565 4087 quae
1621 3994 2083 4088 principali-

530 4114 661 4183 ter
689 4131 736 4184 a
767 4117 1065 4186 natura
1098 4114 1623 4202 generantur,
1676 4111 1838 4185 sint
1871 4133 2082 4187 oom-

532 4228 827 4321 posita.

623 4357 1039 4429 Praeterea
1106 4354 1595 4448 compositio
1647 4358 2083 4430 elemento-

533 4498 752 4559 rum;
825 4478 1226 4551 elementa
1320 4482 1593 4551 autem
1686 4480 1866 4561 duo,
1954 4482 2080 4554 vel

530 4603 718 4687 tria,
793 4604 951 4678 nisi
1020 4605 1178 4677 sint
1278 4608 1654 4697 quatuor,
1753 4628 2083 4700 compo-

526 4729 811 4803 nibilia
877 4731 1005 4802 vel
1089 4730 1521 4804 miscibilia
1596 4753 1757 4804 non
1847 4736 2076 4815 sunt;

527 4874 729 4947 ergo
765 4875 1000 4928 omne
1033 4855 1580 4948 compositum
1617 4856 2081 4951 principali-

526 4988 657 5059 ter
731 5004 779 5057 a
864 4987 1161 5057 natura
1238 4988 1595 5075 quatuor
1677 4985 2080 5059 elementa

526 5110 802 5204 aliquo
838 5111 1070 5184 modo
1106 5110 1492 5184 continet.

617 5241 846 5320 Item,
920 5238 1131 5311 sicut
1203 5241 1505 5312 natura
1575 5260 1736 5312 non
1806 5244 2076 5333 potest

524 5353 794 5449 prima
845 5352 1289 5424 seminaria
1331 5373 1750 5443 generare,
1809 5359 1937 5430 sed
1978 5380 2076 5431 cx

522 5480 688 5553 illis
740 5479 913 5572 agit
953 5481 1033 5552 et
1086 5477 1224 5549 illa
1273 5480 1682 5572 supponit,
1758 5483 1873 5555 sic
1917 5504 2077 5555 non

520 5610 795 5701 potest
864 5609 1040 5681 tota
1100 5608 1402 5679 natura
1464 5607 1732 5700 prima
1803 5611 2074 5684 funda-

521 5734 797 5807 menta
871 5733 1191 5808 naturae
1269 5747 1690 5822 generare,
1767 5736 1899 5808 sed
1975 5757 2073 5811 ex

1757 407 1859 471 DE
1900 408 2170 474 RERUM
2214 411 2601 482 PRINCIPIO

2235 579 2395 651 illis
2438 580 2634 670 agit.
2690 583 2908 656 Unde
2967 607 3225 681 neque
3284 611 3496 683 aqua
3545 613 3768 686 pura,

2224 717 2367 770 nec
2442 700 2653 790 ignis
2715 724 2990 795 purus,
3039 729 3182 780 nec
3248 716 3475 784 terra
3540 732 3768 805 pura,

2225 819 2496 905 potest
2529 838 2673 909 per
2715 825 3096 894 naturam
3133 829 3538 916 generari,
3588 833 3776 922 quia

2225 930 2384 1020 ista
2440 938 2628 1007 sunt
2696 957 2742 1007 a
2783 940 2976 1020 Deo,
3037 946 3116 1015 et
3178 948 3445 1035 prima
3507 947 3776 1021 funda-

2225 1052 2495 1121 menta
2563 1056 2904 1126 naturae.
2970 1058 3189 1130 Unde
3259 1061 3327 1133 si
3387 1063 3477 1135 de
3548 1069 3774 1139 terra

2222 1163 2498 1255 aliqua
2593 1178 3130 1258 generentur,
3225 1197 3554 1252 necesse
3649 1189 3772 1258 cst

2224 1278 2484 1371 ipsam
2519 1307 2697 1357 csse
2739 1291 3311 1382 compositam,
3362 1297 3573 1372 sicut
3608 1305 3771 1374 sta-

2223 1398 2369 1472 tim
2416 1404 2856 1476 ostendam.
2914 1410 3013 1481 Et
3059 1407 3301 1502 hujus
3365 1414 3768 1506 opinionis

2220 1516 2541 1589 videtur
2563 1542 2739 1592 esse
2768 1527 3488 1602 Commentatoris.
3521 1552 3769 1624 super

2220 1634 2282 1703 4.
2321 1635 2513 1707 Coeli
2557 1641 2635 1711 et
2708 1640 3004 1723 Mundi,
3042 1645 3063 1669 ·
3105 1645 3293 1736 quia
3333 1646 3527 1722 dicit
3560 1651 3766 1741 quod
3800 1669 4069 1726 ·oom.:³2.

2220 1750 2432 1839 ignis
2477 1752 2557 1824 in
2619 1755 2940 1847 sphaera
3000 1780 3144 1831 sua
3187 1760 3388 1834 nihil
3449 1750 3769 1838 combu-
3822 1734 4039 1786 ‘'¹⁴⁰⁶“

2223 1866 2333 1941 rit
2386 1894 2400 1937 ε
2440 1873 2521 1942 ct
2555 1892 2800 1963 super
2829 1886 2876 1954 †
2910 1876 3267 1966 primum
3310 1880 3401 1952 dc
3443 1882 3760 1966 Anima,
3795 1897 3832 1961 †
3860 1899 4071 1950 videto.

2221 1986 2425 2076 quod
2450 2006 2660 2079 aqua
2694 2010 2900 2082 pura
2941 2012 3101 2064 non
3139 1998 3411 2086 *potest
3446 1998 3762 2072 calefie-
3793 1978 4076 2078 ιᾶοἶιῖὀῑι.

2218 2103 2315 2184 ri,
2381 2103 2543 2176 imo
2577 2128 2675 2178 cx
2717 2107 2869 2181 hoc
2916 2113 3291 2195 ostendit,
3340 2116 3550 2206 quod
3583 2120 3758 2191 tota

2215 2218 2373 2293 ista
2417 2242 2626 2314 aqua
2659 2230 2945 2299 nostra
2975 2232 3100 2302 est
3134 2229 3417 2304 mixta.
3464 2234 3757 2307 Utrum

2211 2342 2486 2412 autem
2558 2340 2673 2414 ita
2743 2343 2873 2426 sit,
2964 2366 3126 2417 non
3182 2366 3496 2432 assero,
3570 2351 3758 2441 quia

2209 2460 2500 2529 contra
2532 2478 3047 2534 communem
3074 2463 3537 2555 opinionem
3557 2468 3755 2540 Doc-

2211 2574 2484 2644 torum
2579 2575 2958 2651 videntur
3062 2579 3247 2654 ista.
3333 2582 3479 2655 Sed
3582 2583 3754 2655 ideo

2211 2690 2551 2763 recitavi
2616 2693 2803 2784 quia
2856 2695 3148 2778 audivi,
3217 2703 3303 2772 ut
3358 2697 3426 2771 si
3480 2720 3756 2793 repro-

2205 2806 2548 2881 bandum
2582 2813 2730 2892 est,
2772 2812 3285 2904 reprobetur.

2294 2925 2597 3009 TertiO,
2665 2930 2998 3001 ostendo
3069 2933 3277 3021 quod
3352 2932 3428 3003 in
3492 2938 3747 3016 terra,
3910 2948 3981 2999 Γ).

2205 3058 2378 3129 quae
2420 3046 2543 3116 est
2615 3044 3104 3138 principium
3181 3050 3618 3140 passivum,
3671 3009 4064 3146 etssfiffsszlsss

2204 3156 2433 3249 quasi
2477 3160 3028 3238 materialiter
3067 3164 3554 3250 effectivum,
3603 3170 3754 3242 sci·
3814 3137 4066 3263 022}ssss-

2202 3276 2392 3349 licet
2425 3278 2954 3361 naturalium,
3009 3285 3134 3355 est
3195 3285 3553 3375 quaedam
3595 3286 3749 3359 dis·
3875 3270 4004 3312 ‘⁸⁰²⁸‘

2203 3396 2527 3488 positio,
2595 3399 2954 3488 quendam
3017 3399 3495 3492 imperfecta
3538 3425 3749 3477 coni-

2205 3512 2503 3607 positio
2548 3516 2642 3587 ad
2701 3538 2879 3587 esse
2920 3518 3494 3610 compositum,
3544 3522 3754 3613 quod

2202 3653 2347 3724 per
2413 3638 2795 3706 naturam
2877 3635 3381 3727 producitur,
3455 3659 3551 3709 ex
3596 3658 3753 3729 quo

2200 3749 2681 3843 imperfecto
2726 3751 2993 3843 surgit
3038 3755 3298 3826 omnis
3355 3755 3753 3847 perfectio

2198 3866 2632 3959 compositi
2720 3869 3149 3942 naturalis.
3242 3872 3386 3944 Est
3476 3875 3754 3943 autem

2199 4005 2483 4056 sensus
2551 3984 2796 4075 hujus
2867 3987 3297 4069 sermonis,
3377 3987 3584 4079 quod
3651 4008 3753 4059 ex

2200 4121 2405 4192 puro
2450 4100 2803 4193 simplici
2852 4123 3260 4195 nunquam
3301 4103 3390 4177 fit
3426 4124 3753 4197 compo-

2199 4214 2449 4288 situm
2504 4240 2518 4284 ε
2567 4217 2635 4287 si
2696 4215 2910 4289 enim
2954 4238 3051 4289 ex
3097 4216 3455 4309 simplici
3514 4220 3754 4291 fieret

2197 4330 2769 4423 compositum,
2807 4354 2904 4404 ex
2947 4331 3099 4404 hoc
3165 4334 3369 4425 quod
3406 4334 3758 4428 simplex

2199 4449 2675 4540 procederet
2714 4450 2806 4520 de
2877 4449 3357 4542 imperfecto
3418 4452 3513 4523 ad
3577 4473 3755 4545 per·

2197 4564 2524 4648 fectum,
2564 4570 2754 4639 tunc
2792 4566 3056 4638 forma.
3084 4567 3344 4658 magis
3385 4569 3754 4661 perfecta

2193 4687 2410 4756 essct
2449 4683 2710 4772 magis
2784 4684 3268 4776 composita,
3354 4688 3560 4779 quod
3619 4695 3751 4763 cst

2194 4798 2517 4871 falsum.
2548 4801 2765 4872 Unde
2789 4801 3006 4873 aliud
3030 4806 3154 4875 est
3187 4803 3743 4894 compositum

2194 4938 2395 4999 esse,
2426 4917 2640 4989 aliud
2665 4917 3245 5011 perfectiorem
3271 4920 3610 5011 gradum
3628 4942 3747 4993 es·

2195 5035 2414 5108 sendi
2437 5034 2758 5107 habere.
2789 5035 3008 5107 Unde
3033 5037 3385 5111 vultista
3405 5038 3737 5131 positio,

2194 5152 2398 5246 quod
2443 5150 2599 5223 nisi
2633 5150 2791 5223 ista
2826 5154 3054 5223 terra
3094 5157 3310 5228 esset
3342 5155 3746 5247 composi-

2193 5274 2300 5351 ta,
2347 5289 2758 5360 nunquam
2817 5270 3115 5340 natura
3167 5291 3265 5340 ex
3306 5290 3402 5342 ea
3451 5270 3742 5362 produ-

2191 5391 2413 5461 ccrct
2456 5385 3026 5479 compositum.
3075 5385 3294 5457 Unde
3324 5387 3497 5458 vult
3536 5388 3747 5479 quod

2193 5507 2503 5600 primus
2547 5506 2844 5597 gradus
2906 5502 3324 5577 inxitionis
3375 5509 3453 5580 et
3529 5527 3748 5581 com-

2193 5621 2650 5716 positionis,
2697 5641 2793 5691 ox
2831 5640 2987 5710 quo
3022 5618 3290 5711 surgit
3321 5641 3512 5693 vere
3562 5643 3747 5694 csse

2189 5736 2733 5831 compositum
2774 5733 3176 5816 naturale,
3209 5740 3335 5809 est
3369 5735 3450 5808 in
3480 5739 3739 5821 terra,
