4252 6393
730 426 848 492 344
1901 428 2004 490 DE
2047 424 2315 490 RERUM
2359 423 2749 490 PRINCIPIO

705 595 785 663 ct
870 593 1262 662 creatura
1332 588 1809 681 principale,
1893 587 2100 679 quod
2157 607 2258 659 ex

711 705 1117 798 praedictis
1154 708 1377 797 patet
1409 726 1587 777 esse
1630 703 1974 787 falsum3
2021 707 2164 777 aut
2215 725 2258 776 e

705 824 1161 905 contrario,
1199 827 1278 896 ct
1312 828 1503 897 tunc
1536 825 1924 895 creatura
1967 842 2259 914 coope-

709 940 1029 1014 rabitur
1081 944 1168 1013 ut
1213 939 1876 1019 instrumentum,
1932 943 2014 1012 et
2065 943 2258 1015 tunc

709 1060 1034 1150 oportet
1063 1055 1270 1147 quod
1314 1074 1459 1148 per
1491 1055 1844 1127 formam
1877 1074 2110 1127 suam
2143 1060 2259 1131 at·

707 1174 972 1265 tingat
1042 1172 1268 1254 nihil,
1318 1172 1522 1264 quod
1584 1171 1824 1264 paulo
1884 1176 2072 1245 ante
2133 1192 2260 1244 os-

709 1294 1030 1365 tensum
1063 1294 1187 1364 est
1220 1309 1400 1361 esse
1435 1288 1962 1380 impossibile.

372 1431 686 1504 creaefoese
802 1406 1162 1479 Secunda
1205 1404 1420 1478 ratio
1475 1404 1832 1479 sumitur
1878 1425 1976 1476 ex
2033 1406 2259 1473 condi·

368 1500 477 1542 m‘*
498 1492 891 1593 '‘m“l'tione
963 1524 1365 1602 σνεαιίοηίες
1431 1541 1616 1594 cum
1668 1520 1882 1593 enim
1943 1520 2256 1594 creatio

709 1659 871 1709 non
955 1637 1249 1710 habeat
1340 1635 2011 1719 divisibilitatem,
2118 1640 2259 1711 aut

710 1754 1311 1828 successionem
1354 1775 1452 1826 ex
1487 1758 1719 1847 parte
1770 1753 1917 1837 rei,
1962 1772 2106 1826 nec
2159 1774 2257 1825 ex

711 1873 945 1963 parte
1025 1869 1393 1962 subjecti,
1470 1873 1797 1961 oportet
1875 1869 2083 1961 quod
2151 1868 2261 1942 sit

708 1986 926 2060 actio
964 1985 1256 2068 subita,
1306 1988 1481 2059 tota
1525 1983 1768 2056 simul
1812 1989 1891 2058 et
1954 1985 2258 2077 simpli-

708 2103 1094 2176 cissima:
1142 2122 1377 2173 omne
1430 2105 1706 2175 autem
1766 2101 1930 2174 tale
1971 2120 2019 2173 a
2070 2121 2258 2194 quo·

707 2240 1051 2311 cumque
1110 2217 1497 2310 procedit,
1561 2222 1825 2291 totum
1876 2217 2114 2290 simul
2162 2218 2260 2290 ab

2372 584 2875 678 impossibile
2916 588 3042 662 est
3101 584 3309 676 quod
3358 579 3637 674 aliqua
3696 597 3907 652 crea·

2370 707 2559 777 tura
2598 702 2904 776 directe
2936 705 3392 782 conservet,
3438 720 3582 772 nec
3617 716 3760 790 per
3798 716 3901 778 se,

2368 838 2512 891 nec
2558 838 2704 910 per
2771 817 3167 898 accidens,
3215 835 3388 888 rem
3456 833 3504 886 a
3562 810 3907 887 termino

2371 933 3016 1016 annihilationis,
3063 953 3248 1006 cum
3296 930 3559 1004 omnis
3603 933 3912 1002 creatu·
3951 955 4170 1007 omem

2373 1071 2468 1124 ra
2509 1052 2803 1126 habeat
2837 1051 3066 1125 illum
3093 1049 3500 1126 defectum
3554 1046 3635 1120 in
3668 1068 3753 1120 se
3792 1048 3913 1121 ad·

2374 1287 2581 1378 quod
2612 1290 3003 1360 creatura
3042 1285 3318 1380 aliquo
3365 1285 3599 1358 modo
3636 1283 3911 1376 produ·

2372 1405 2504 1475 cat
2545 1402 2636 1475 de
2669 1403 2950 1477 nihilo.

2462 1519 2546 1592 Si
2586 1518 2952 1613 objicias,
3000 1518 3209 1613 quod
3260 1517 3554 1593 saltem
3597 1537 3743 1611 per
3790 1536 3911 1590 ac·

2371 1634 2641 1709 cidens
2709 1641 3098 1712 creatura
3155 1633 3599 1717 annihilat,
3672 1638 3757 1709 et
3820 1633 3915 1706 ab

2371 1752 2964 1829 annihilatione
3031 1756 3513 1847 praeservat,
3584 1756 3675 1827 ut
3732 1750 3915 1825 libe·

2373 1889 2556 1941 rum
2597 1870 3039 1945 arbitrium
3073 1870 3462 1963 gratiam.
3519 1868 3919 1944 Similiter

2371 1986 2779 2071 claudens,
2840 1989 2968 2060 vel
3019 1987 3396 2082 aperiens
3446 1985 3916 2068 fenestram,

2370 2107 2496 2177 est
2529 2123 2778 2177 causa
2822 2106 3033 2198 quod
3075 2104 3349 2177 lumen
3388 2102 3914 2185 annihiletur,

2369 2220 2499 2292 vel
2557 2225 3099 2297 conservetur
3158 2221 3258 2294 ab
3297 2219 3914 2295 annihilatione.

3934 1026 4188 1129 ἓὲἒωέῗὲ

2373 1168 2755 1250 mixtum;
2856 1188 3057 1261 ergo
3177 1164 3679 1262 impossibile
3763 1169 3906 1248 est,
3962 1142 4166 1193 ''ww‘’

4043 1526 4109 1579 29.

712 2336 851 2408 illo
898 2334 1284 2428 procedit,
1349 2336 1427 2405 et
1480 2332 1596 2406 ita
1658 2332 1725 2405 si
1769 2333 2083 2407 creatio
2135 2335 2260 2407 est
2463 2338 2965 2431 Respondeo,
3030 2339 3237 2433 quod
3299 2336 3453 2412 hoc
3502 2357 3665 2411 non
3725 2337 3922 2412 facit
3986 2350 4160 2401 solmo-

710 2472 757 2524 a
796 2454 989 2532 Deo,
1062 2453 1239 2523 tota
1310 2449 1552 2521 simul
1618 2448 2090 2522 necessario
2134 2454 2260 2524 est
2372 2453 2720 2528 liberum
2782 2454 3223 2530 arbitrium
3281 2455 3590 2530 directe
3649 2413 4194 2541 manu-,fflffl

710 2569 807 2640 ab
847 2589 969 2649 66,
1006 2570 1083 2639 et
1119 2586 1166 2638 a
1197 2566 1421 2637 nullo
1465 2570 1755 2657 agente
1787 2565 1975 2638 alio.
2028 2566 2262 2641 Simi-
2374 2570 2712 2645 tenendo
2742 2572 3137 2665 gratiam:
3174 2591 3321 2646 nec
3353 2575 3634 2646 tenens
3674 2545 4198 2651 senes-3⁰33*

709 2684 903 2757 liter
938 2682 1004 2756 si
1037 2685 1158 2754 est
1194 2681 1291 2754 ab
1322 2685 1614 2773 agente
1646 2686 1953 2764 creato,
1991 2703 2260 2756 neces·
2375 2689 2595 2762 tram
2655 2692 3032 2781 apertam
3082 2689 3389 2762 directe
3450 2689 3922 2764 manutenet
3944 2669 4197 2775 ,0232

711 2822 796 2873 se
837 2803 987 2882 est,
1026 2798 1233 2892 quod
1269 2801 1445 2872 tota
1497 2798 1739 2871 simul
1784 2798 1891 2873 sit
1937 2800 2035 2871 ab
2088 2799 2255 2882 illo,
2378 2802 2692 2876 radium
2747 2824 2845 2877 ne
2895 2803 3429 2886 annihiletur;
3482 2825 3629 2878 nec
3668 2803 3919 2879 etiam
3999 2800 4138 2851 ''⁰⁸'‘
4199 2796 4200 2831 ¹

712 2923 793 2993 et
845 2918 961 2991 ita
1001 2915 1224 2989 nullo
1261 2916 1495 2988 modo
1538 2936 1585 2988 a
1624 2918 1818 2999 Deo,
1871 2918 2078 3009 quod
2132 2938 2262 3011 pa-

716 3037 834 3109 tet
864 3054 963 3105 ex
1007 3030 1420 3125 praedictis
1452 3050 1631 3103 esse
1663 3030 1989 3104 falsum.

373 3159 693 3273 ‘2325‘22-222
806 3157 1086 3272 'IJertia
1156 3156 1372 3232 ratio
1443 3156 1799 3230 sumitur
1853 3177 1951 3230 ex
2026 3162 2263 3251 parte

365 3280 1071 3346 reiereatoe·totalitatis
1126 3297 1379 3357 causoe,·
1432 3273 1744 3347 creatio
1784 3272 2024 3356 enim,
2079 3293 2263 3348 cum

717 3395 808 3466 de
843 3394 1162 3467 ratione
1206 3411 1354 3464 sua
1392 3389 1596 3462 nihil
1650 3395 2258 3483 praesupponat,

717 3513 1045 3601 oportet
1089 3507 1294 3601 quod
1327 3526 1616 3579 creans
1654 3507 1761 3580 sit
1804 3510 1980 3580 tota
2014 3526 2264 3579 causa

711 3625 969 3700 creati
1018 3650 1032 3694 ε
1074 3623 1576 3716 impossibile
1609 3628 1734 3697 est
1768 3642 1992 3714 ergo,
2032 3628 2122 3698 ut
2156 3624 2264 3700 sit

709 3742 1011 3835 aliquid
1089 3745 1460 3815 creatum
1528 3739 1627 3811 ab
1694 3740 1994 3832 aliquo,
2072 3740 2262 3833 quin

709 3856 903 3931 illud
973 3855 1265 3929 habeat
1343 3854 1746 3927 rationem
1819 3854 2263 3930 totalitatis

712 3976 1086 4066 respectu
1151 3970 1397 4053 illius,
1466 3969 1600 4042 sed
1645 3970 1958 4043 nullum
2008 3990 2263 4064 agens

712 4111 857 4185 per
882 4089 1228 4161 medium
1265 4086 1503 4160 habet
1539 4087 1944 4160 rationem
1979 4089 2263 4162 totalis

710 4227 978 4282 causae
1023 4231 1036 4286 ;
1083 4225 1282 4295 ergo
1319 4203 1819 4296 impossibile
1861 4208 2009 4286 est,
2058 4206 2265 4297 quod

714 4327 929 4397 Deus
972 4325 1193 4394 ercet
1241 4320 1638 4392 mediante
1681 4326 2097 4395 creatura.

805 4444 1115 4523 Quarta
1186 4439 1399 4512 ratio
1471 4439 1826 4512 sumitur
1886 4460 1985 4512 ex
2032 4444 2262 4531 parte

711 4564 1024 4650 potencioe
1053 4561 1309 4647 ayeneis
1346 4558 1437 4624 ad
1476 4580 1685 4625 unum
1716 4561 2017 4644 effectum
2040 4583 2064 4638 ‚·
2100 4575 2262 4626 om-

713 4698 810 4749 nc
853 4675 1068 4748 enlm
1112 4693 1385 4764 agenS,
1435 4693 1573 4744 seu
1637 4672 2086 4764 producens
2122 4671 2264 4744 ali-

713 4791 921 4884 quid,
979 4790 1190 4863 sicut
1250 4810 1335 4861 se
1397 4787 1634 4860 habet
1678 4787 1773 4858 ad
1827 4786 2263 4878 producen-

712 4907 924 4986 dum,
992 4905 1106 4978 ita
1151 4925 1233 4975 se
1303 4903 1541 4976 habet
1612 4902 1708 4973 ad
1778 4920 2264 4974 conservan-

712 5021 942 5100 dum;
1037 5017 1245 5091 sicut
1298 5015 1377 5088 in
1435 5013 1739 5086 lumine
1812 5012 2049 5095 Solis,
2128 5015 2263 5088 Sol

715 5133 1285 5231 principaliter
1318 5134 1781 5212 conservat,
1830 5129 2017 5222 quia
2054 5130 2264 5224 prin-

716 5251 1094 5344 cipaliter
1120 5247 1524 5320 illuminat
1550 5270 1564 5327 ;
1602 5245 1978 5340 aperiens
2010 5246 2265 5320 fenes-

714 5373 961 5448 tram,
1000 5369 1077 5438 et
1120 5367 1399 5437 tenens
1454 5367 1852 5454 apertam,
1900 5361 2265 5434 acciden-

718 5484 1001 5560 taliter
1044 5483 1506 5561 conservat,
1561 5480 1771 5553 sicut
1815 5478 2264 5552 accidenta-

716 5581 911 5676 liter
941 5605 1066 5675 est
1099 5617 1344 5672 causa
1404 5596 2077 5676 illuminationis;
2131 5594 2264 5667 sed

2377 2921 2550 3014 ipse
2593 2922 2754 3004 Sol,
2804 2922 2938 2996 sed
2982 2922 3207 2996 solus
3265 2925 3505 2996 Deus.
3570 2924 3717 2997 Sed
3771 2921 3920 2996 hoc

2376 3035 2573 3111 facit
2615 3042 3028 3120 creatura,
3076 3038 3266 3132 quia
3307 3044 3580 3133 potest
3619 3038 3924 3133 aliquid

2376 3152 2672 3236 facere,
2721 3174 2880 3247 quo
2911 3153 3158 3238 facto,
3203 3152 3751 3232 conservatur
3795 3176 3923 3231 res
4017 3190 4020 3198 >

2376 3290 2474 3343 ne
2524 3271 2798 3346 tendat
2859 3272 2940 3344 in
2997 3270 3226 3355 nihil,
3296 3272 3424 3346 vel
3466 3293 3624 3366 quo
3674 3272 3921 3355 facto.

2379 3408 2511 3460 res
2553 3387 3095 3471 annihilatum
3131 3395 3214 3465 et
3265 3394 3444 3466 tota
3496 3391 3656 3465 ista
3703 3391 3924 3467 actio

2376 3508 2502 3578 est
2563 3504 2999 3578 secundum
3041 3506 3248 3599 quod
3292 3511 3562 3599 potest
3619 3507 3920 3589 facere,

2374 3621 2503 3694 vel
2535 3621 2958 3695 destruere
2988 3622 3607 3715 dispositionem
3640 3624 3722 3696 in
3758 3645 3926 3697 sus·

2375 3737 2728 3829 cipiente
2787 3757 2961 3811 rem
3000 3745 3395 3823 creatam,
3457 3759 3617 3833 qua
3671 3740 3922 3823 facta,

2379 3855 2549 3928 sive
2609 3860 3130 3938 conservata,
3194 3862 3742 3932 conservatur
3794 3878 3925 3930 res

2376 3990 2475 4043 ne
2540 3969 3070 4053 annihiletur,
3148 3976 3230 4047 et
3297 3972 3440 4045 illa
3505 3974 3928 4049 destructa

2382 4108 2512 4160 res
2582 4087 3119 4162 annihilatur.
3196 4090 3366 4164 Isto
3447 4092 3681 4165 modo
3762 4092 3929 4167 dixi

2379 4224 2654 4297 supra,
2699 4227 2883 4274 nunt.
2935 4207 3046 4279 20.
3099 4206 3307 4297 quod
3348 4206 3600 4280 etiam
3656 4212 3931 4301 potest

2374 4323 2468 4396 de
2534 4321 2791 4394 nihilo
2863 4323 3333 4416 producere,
3409 4324 3599 4417 quia
3654 4331 3930 4419 potest

2377 4437 2681 4530 aliquid
2767 4438 3072 4521 facere,
3162 4460 3317 4532 quo
3402 4439 3620 4515 facto
3712 4444 3928 4517 Deus

2377 4560 2630 4635 creat,
2703 4559 2792 4629 ut
2851 4554 3198 4628 liberum
3258 4556 3697 4631 arbitrium
3765 4580 3927 4632 res-

2378 4675 2612 4763 pectu
2669 4671 2987 4761 gratiae,
3040 4676 3123 4746 et
3172 4676 3470 4745 natura
3545 4681 3922 4768 respectu

2376 4787 2668 4859 animae
2713 4787 3172 4861 rationalis.
3220 4789 3366 4862 Sed
3405 4808 3552 4863 nec
3586 4787 3925 4884 operan-

2375 4898 2498 4979 do,
2544 4919 2688 4971 nec
2731 4900 3241 4991 cooperando
3284 4901 3498 4975 cadit
3538 4901 3761 4977 actio
3803 4925 3925 4975 su-

2378 5033 2529 5109 pra
2606 5034 2779 5088 rem
2857 5020 3245 5099 creatam,
3356 5016 3471 5091 ita
3572 5018 3752 5092 dico
3834 5020 3925 5092 de

2376 5132 3037 5213 conservatione;
3105 5132 3221 5206 sic
3283 5132 3541 5225 igitur
3595 5135 3776 5208 dico
3828 5135 3922 5207 ad

2378 5247 2938 5341 quaestionem.

2477 5364 2592 5437 Ad
2675 5362 3296 5438 dissolutionem
3385 5370 3658 5441 autem
3734 5387 3921 5459 qua·

2378 5482 2743 5554 rumdam
2784 5479 3382 5564 difficultatum,
3429 5503 3603 5575 quae
3645 5488 3920 5574 tange-

2375 5596 2678 5672 bantur
2737 5596 2816 5669 in
2879 5597 3321 5688 arguendo,
3397 5600 3604 5690 quod
3668 5599 3918 5674 etiam

4059 5408 4124 5458 30.
