4252 6393
1631 447 1992 522 QUAES'rtO
2039 446 2228 508 XVlll

366 612 795 703 Augustini
825 615 892 685 5.
951 635 1152 700 super
1220 614 1524 679 Genesim
1580 613 1671 677 ad
1727 613 1895 676 lille-

366 756 530 813 ram,
567 751 634 800 c.
668 734 735 802 5.
785 729 914 801 ubi
975 728 1092 801 Sic
1148 727 1343 801 dicit
1387 754 1399 795 :
1448 729 1680 794 Potius
1746 750 1901 814 erqo

364 863 613 936 tempus
649 872 690 913 α
720 860 1052 927 creatura,
1097 870 1294 934 quam
1361 859 1672 912 creatura
1710 846 1901 931 coepic

360 990 394 1031 a
449 977 758 1051 tempore,
811 977 1164 1051 utrumque
1212 975 1430 1030 autem
1479 986 1561 1030 ea:
1583 963 1742 1032 Dee.
1794 963 1904 1026 Ea:

363 1085 501 1168 ipso
530 1083 730 1159 enim,
768 1094 827 1147 ec
879 1083 948 1146 in,
993 1084 1156 1169 ipse,
1201 1094 1261 1147 et
1298 1105 1421 1169 per
1481 1084 1693 1166 ipsum
1750 1092 1902 1145 sunl

360 1200 605 1265 onmia.
665 1200 795 1264 Ne:
849 1203 946 1264 sic
985 1201 1363 1288 accipiatur
1419 1199 1595 1285 quod
1651 1198 1901 1262 (lictum

359 1327 472 1390 cst,
513 1327 761 1402 tempus
807 1340 846 1381 α
888 1327 1194 1381 creatura
1254 1319 1468 1402 εωμὶί,
1515 1316 1705 1403 quasi
1747 1326 1899 1378 cem-

356 1453 478 1516 Jms
516 1445 822 1497 creatura
875 1455 1008 1499 uon
1065 1434 1174 1508 sil,
1230 1456 1374 1498 cum
1439 1435 1523 1498 sil
1582 1445 1904 1498 cretum-(e

362 1559 567 1613 motus
607 1573 690 1614 er
756 1551 895 1615 alio
954 1551 1025 1614 e'n
1081 1549 1297 1628 aliud,
1363 1548 1902 1635 consequentibus

359 1666 565 1745 rebus,
613 1668 763 1736 etc.

927 1862 1326 1919 SCHOLIUM.

423 2025 550 2079 Etsi
599 2023 814 2078 multis
879 2024 941 2077 in
974 2021 1128 2078 locis
1159 2021 1420 2079 dubium
1455 2024 1564 2081 hoc
1597 2027 1898 2097 attigerit,

293 2185 294 2188 Ἴ
357 2119 493 2176 imo
551 2120 737 2175 etiam
798 2133 872 2172 ex
924 2119 1204 2189 professo
1234 2123 1630 2202 proposuerit
1663 2125 1898 2189 Doctor,

143 5074 184 5103 cc
200 5063 295 5110 tevit
308 5088 320 5100 ·

163 5136 320 5185 neque

143 5196 293 5233 iterus

142 5244 167 5289 v't
194 5261 303 5296 rem

142 5320 178 5353 vn
207 5310 303 5356 ab·

144 5378 282 5420 Maon

143 5444 156 5473 l
183 5446 284 5480 un-

143 5502 274 5543 rata.

356 2219 559 2286 utpote
580 2215 634 2270 5.
663 2215 929 2287 Metapli.
956 2231 1015 2288 q.
1046 2219 1126 2271 10.
1163 2220 1222 2273 et
1253 2218 1316 2272 in
1339 2218 1393 2275 2.
1429 2219 1571 2277 dist.
1593 2223 1646 2274 2.
1681 2224 1896 2292 quaest.

354 2318 403 2368 2.
437 2328 612 2370 num.
635 2316 689 2369 8.
724 2319 777 2378 ἓ.
815 2316 1114 2384 Itespondeo
1144 2318 1195 2370 si
1222 2323 1425 2384 oportet
1459 2322 1688 2384 tempus.
1734 2319 1804 2374 Et
1833 2319 1897 2373 in

354 2414 404 2467 4.
436 2409 581 2469 dist.
613 2414 705 2469 48.
737 2417 955 2485 quaest.
988 2416 1042 2469 2.
1094 2427 1267 2469 num.
1325 2414 1407 2470 12.
1431 2419 1485 2478 ἓ.
1537 2416 1619 2468 Ad
1642 2419 1898 2484 primum

351 2514 559 2567 «licetur
587 2516 667 2566 sic
699 2530 714 2567 ι
757 2511 993 2569 Nutnhi
1026 2516 1235 2569 tamen
1293 2513 1450 2570 adeo
1489 2515 1658 2571 clare
1703 2515 1899 2573 resol-

354 2611 442 2666 vit
469 2608 652 2666 sicuti
693 2609 810 2675 liic,
853 2614 1102 2680 tempus
1132 2614 1193 2666 et
1232 2616 1466 2668 motum
1499 2627 1620 2669 non
1670 2614 1900 2671 distin-

351 2710 458 2777 gui
492 2708 770 2765 realiter.
805 2712 868 2765 In
902 2708 1323 2781 Metaphysiea
1360 2711 1635 2784 disputat
1674 2714 1750 2771 de
1785 2715 1896 2771 liae

353 2823 418 2863 re
450 2807 762 2873 ditl'usiuS,
794 2808 904 2864 sed
928 2806 1376 2866 obscurissime
1408 2811 1688 2882 quidem,
1731 2814 1896 2871 nihil

352 2906 692 2962 resolvens.
732 2907 795 2962 tn
831 2905 941 2963 illo
972 2906 1104 2964 loco
1135 2909 1393 2964 secundi
1429 2912 1894 2968 sententiarum

352 3002 681 3073 respondet
742 3003 922 3072 juxta
972 3003 1334 3074 opinionem
1389 3009 1770 3065 contrariam
1829 3009 1894 3064 in

344 3115 513 3169 casu,
544 3116 668 3173 quo
693 3107 974 3174 oporteat
998 3106 1245 3173 tempus
1276 3118 1311 3159 a
1342 3107 1505 3160 motu
1538 3104 1840 3176 distingui
1877 3126 1891 3162 ε

354 3206 411 3258 et
467 3204 531 3257 in
585 3207 905 3274 postremo
963 3201 1096 3259 loco
1146 3206 1352 3275 quarti
1405 3204 1891 3272 Sententiarum,

350 3300 545 3356 solum
578 3303 686 3368 ait,
722 3305 970 3371 tempus
1005 3300 1166 3357 ultra
1202 3306 1454 3369 motum,
1488 3307 1671 3374 prout
1695 3309 1894 3360 motus

351 3396 613 3455 includit
644 3401 962 3469 propriam
994 3401 1473 3467 successionem,
1507 3416 1627 3458 non
1663 3402 1892 3458 addere

349 3496 467 3551 nisi
499 3499 806 3554 rationem
844 3512 1152 3552 mensurae
1188 3499 1557 3566 formaliter,
1581 3506 1640 3557 et
1668 3501 1891 3557 funda-

347 3595 703 3651 mentaliter
763 3597 1033 3651 rationes
1077 3597 1240 3664 illa&
1283 3613 1423 3669 quie
1477 3600 1892 3668 requiruntur

346 3689 423 3745 ad
452 3692 969 3750 mensurandum.
1023 3698 1253 3751 Verum
1295 3701 1390 3753 est
1431 3696 1577 3752 hinc
1640 3695 1888 3763 inferri,

346 3802 464 3844 non
492 3788 628 3845 dari
666 3790 832 3846 inter
865 3796 1201 3864 utrumque
1234 3792 1706 3851 distinctionem
1750 3811 1891 3853 rea-

346 3886 486 3953 tem,
519 3902 592 3943 ex
629 3888 741 3944 illo
771 3889 940 3945 enim
991 3891 1277 3958 generali
1336 3893 1673 3965 principio,
1726 3897 1888 3965 quod

345 3984 586 4045 duratio
663 3988 728 4043 in
802 4004 871 4044 re
949 4004 1068 4047 non
1139 3989 1564 4062 distinguitur
1616 3993 1692 4051 ab
1777 3994 1890 4051 illo

345 4102 470 4152 esse,
494 4086 675 4156 quus
695 4091 789 4143 est
820 4087 1093 4154 dui-atim
1122 4094 1289 4147 recte
1323 4091 1613 4162 sequitur
1635 4093 1700 4147 in
1727 4094 1884 4149 Scoti

344 4187 648 4243 sententia
682 4200 805 4242 non
835 4185 1139 4257 distingui
1175 4193 1420 4260 tempus
1445 4207 1478 4245 a
1503 4193 1668 4245 motu
1694 4192 1888 4246 reali-

347 4287 461 4349 ter,
491 4299 635 4341 cum
669 4284 831 4341 nihil
863 4283 1038 4341 aliud
1068 4287 1148 4343 sit
1193 4287 1563 4356 formaliter,
1600 4291 1717 4344 nisi
1753 4291 1888 4359 eJus

344 4381 604 4451 duratiO,
648 4384 751 4441 vel
802 4400 1116 4441 mensura.
1151 4386 1305 4444 Vide
1355 4390 1609 4443 suarem
1661 4393 1883 4445 tom.2.

347 4485 607 4554 Metaph.
641 4484 805 4555 disp.
837 4486 926 4538 50.
963 4490 1108 4542 sect.
1150 4486 1204 4541 9.
1245 4484 1346 4542 ubi
1379 4486 1566 4542 etiam
1601 4487 1720 4543 late
1754 4501 1888 4541 res-

348 4582 569 4651 pondet
595 4580 673 4636 ad
705 4582 982 4652 primum
1017 4585 1076 4637 et
1107 4586 1348 4638 sextum
1383 4589 1752 4653 argumenta
1775 4581 1886 4640 ad-

346 4678 524 4735 ducta
575 4678 673 4735 liic
723 4694 836 4749 pro
895 4682 1189 4750 opinione
1241 4682 1591 4754 eontraria3
1656 4682 1886 4753 quibus

344 4779 523 4836 etiam
557 4782 712 4837 alias
743 4782 998 4842 adhibet
1028 4785 1462 4854 responsiones
1513 4788 1718 4842 Scotus
1768 4787 1882 4851 liic,

345 4879 604 4937 articulo
633 4885 873 4951 quarto.

445 5031 532 5101 Et
612 5029 763 5102 hoc
824 5032 1178 5103 tirmiter
1245 5034 1628 5104 existimo
1705 5056 1882 5107 esse

351 5164 648 5228 verum,
709 5149 1044 5230 scilicet,
1111 5172 1364 5242 neque
1427 5171 1876 5231 numerum,

353 5279 596 5353 neque
676 5273 994 5359 tempus
1053 5268 1318 5340 dicere
1385 5290 1553 5339 rein
1632 5269 1877 5340 aliam

349 5377 796 5457 absolutam
887 5386 1104 5455 ultra
1201 5392 1654 5469 numerata,
1757 5392 1879 5461 vel

349 5494 557 5567 ultra
629 5504 998 5574 motum:
1097 5501 1306 5575 sicut
1377 5505 1725 5595 qualitas
1777 5508 1882 5578 ‹ti-

347 5610 462 5681 cit
524 5617 760 5689 aliam
846 5641 1012 5690 rom
1082 5641 1122 5689 a
1198 5622 1674 5711 quantitate,
1752 5625 1878 5693 sed

3420 440 3539 502 617

2019 611 2385 682 eamdem
2432 627 2601 679 rem
2646 604 3154 698 simpliciter,
3204 605 3335 676 sed
3369 607 3561 677 tem-

2019 749 2166 818 pus
2236 727 2449 801 addit
2496 727 2928 806 rationem,
2983 744 3223 815 quam
3258 722 3564 796 format

2014 865 2236 916 mens
2332 865 2582 938 supra
2684 848 3019 923 motum,
3110 842 3318 915 sicut
3394 840 3568 931 jam

2020 958 2710 1033 manifestabitur.
2734 962 2833 1031 Et
2873 957 3266 1031 similiter
3295 977 3567 1029 nume·

2020 1098 2159 1149 rus
2220 1078 2411 1150 (licit
2477 1078 2736 1149 solam
2822 1075 3227 1148 rationem
3316 1094 3565 1166 supra

2016 1197 2473 1274 numerata,
2515 1212 2753 1284 quam
2794 1190 3196 1264 rationem
3258 1189 3561 1261 format

2018 1309 2169 1382 sibi
2205 1312 2283 1382 in
2322 1310 2619 1391 anima,
2659 1314 2742 1383 et
2778 1309 2843 1380 si
2878 1306 3310 1398 aliquando
3348 1305 3558 1376 inve-

2017 1428 2546 1519 niatu1²‚quod
2582 1432 3074 1518 tempusnon
3103 1428 3227 1496 est
3265 1426 3557 1504 motus,

2013 1567 2299 1617 verum
2347 1548 2471 1618 est
2508 1542 2941 1615 secundum
2976 1540 3338 1613 rationes
3374 1560 3562 1611 suas

2015 1662 2434 1739 formales,
2490 1679 2535 1729 a
2605 1658 2893 1750 quibus
2955 1657 3044 1729 fit
3098 1656 3562 1728 denomina-

2014 1775 2157 1854 tio,
2220 1774 2350 1844 sed
2388 1794 2516 1843 res
2548 1773 2744 1845 bene
2776 1773 2899 1843 est
2936 1771 3236 1841 eadem.
3293 1768 3405 1841 Ad
3440 1789 3561 1839 ra-

2016 1892 2275 1965 tiones
2306 1891 2680 1983 superius
2715 1890 2794 1961 in
2820 1888 3284 1980 oppositum
3302 1886 3560 1960 factas

2014 2008 2205 2080 alibi
2251 2030 2521 2100 quiere
2560 2007 3201 2100 responsionem.

2486 2332 2935 2390 ARTICULUS.
3017 2332 3084 2385 11.
3183 2377 3189 2384 .

2018 2518 2251 2581 Utrum
2328 2528 2579 2600 tempus
2636 2515 2870 2580 habeat
2929 2535 3063 2578 esse
3119 2512 3300 2577 reale
3363 2523 3558 2578 extra

2546 2632 2839 2696 (tn-imam
2862 2631 2893 2696 t?

2102 2829 2335 2898 Circa
2383 2826 2844 2908 secundum,
2893 2827 3291 2916 quomodo
3361 2830 3556 2899 tem·

2015 2965 2157 3035 pus
2204 2966 2286 3014 se
2354 2943 2642 3015 habeat
2713 2943 2804 3013 ad
2849 2943 3233 3024 animam,
3308 2963 3556 3035 quan-

2008 3065 2182 3132 tum
2208 3061 2297 3130 ad
2333 3059 2902 3131 causalitatem
2925 3065 2958 3128 ζ)
2982 3061 3183 3150 quod
3208 3065 3328 3131 est
3359 3081 3557 3150 quae-

2013 3196 2230 3256 t‘et²0;
2285 3179 2515 3243 Utrum
2553 3190 2803 3252 tempus
2840 3179 2926 3242 sic
2959 3189 3153 3243 eaelra
3193 3179 3494 3243 animam
3526 3178 3558 3242 ἴ)

2009 3292 2482 3383 Respondeo
2529 3318 2540 3359 1
2581 3295 2657 3361 et
2689 3290 3056 3380 quamvis
3091 3289 3407 3380 quidem
3458 3312 3556 3362 ex

2004 3406 2241 3477 dictis
2316 3408 2516 3480 satis
2573 3410 2994 3498 appareat,
3044 3406 3249 3497 quod
3310 3406 3377 3477 si
3420 3427 3554 3477 nu-

2009 3526 2389 3594 meruset
2449 3527 2877 3595 numerata
2931 3523 3090 3594 sint
3154 3524 3356 3595 idem
3438 3545 3551 3608 re,

2004 3645 2082 3712 ct
2126 3645 2445 3732 teinpus
2487 3645 2565 3712 et
2621 3645 2888 3713 motus
2951 3644 3135 3711 sunt
3189 3638 3393 3711 idem
3439 3662 3549 3711 se-

2002 3757 2347 3829 cundum
2376 3778 2573 3837 rem,
2607 3756 3056 3829 differentia
3098 3755 3271 3827 sola
3310 3757 3551 3830 ratio-

2000 3895 2123 3956 ne,
2181 3875 2383 3946 satis
2422 3878 2667 3965 patet,
2707 3873 2915 3964 quod
2949 3878 3268 3965 tempus
3301 3877 3378 3945 et
3412 3895 3548 3946 nu-

2007 4012 2277 4062 merus
2322 3993 2714 4081 quantum
2783 3991 2873 4061 ad
2946 4010 3174 4061 suam
3223 3991 3546 4063 realita-

2001 4113 2163 4181 tem
2203 4111 2385 4178 sunt
2421 4113 2656 4180 extra
2706 4107 3090 4188 animam,
3149 4106 3358 4179 sicut
3410 4129 3546 4178 nu-

2004 4246 2278 4297 merus
2325 4228 2595 4296 motus
2657 4229 2736 4297 et
2780 4224 2989 4298 sicut
3041 4223 3342 4315 lapides
3410 4243 3550 4295 nu-

2003 4343 2297 4416 merati
2349 4370 2360 4411 :
2404 4342 2536 4414 sed
2598 4346 2782 4416 sunt
2828 4342 2905 4413 in
2968 4342 3262 4422 anima,
3311 4346 3389 4416 et
3450 4343 3549 4414 ab

1999 4461 2266 4532 anima
2336 4464 2723 4551 quantum
2822 4463 2912 4532 ad
2986 4481 3214 4531 suam
3298 4460 3548 4534 ratio-

1997 4598 2178 4648 nem
2215 4576 2668 4649 formalem.

2088 4695 2230 4764 Sed
2284 4700 2370 4766 ut
2409 4695 2721 4786 plenius
2756 4693 2904 4765 hoc
2964 4695 3360 4775 videatur,
3423 4699 3891 4826 estpffg'bggffg

3661 4826 3793 4873 tiva.

2001 4810 2436 4889 sciendum,
2521 4811 2724 4900 quod
2784 4810 2873 4880 de
2951 4835 3085 4878 esse
3144 4812 3541 4903 temporis

1998 4926 2077 4997 in
2111 4926 2408 5005 anima,
2473 4925 2596 4997 vel
2655 4933 2917 5009 extra,
2972 4946 3267 5017 magna
3335 4930 3541 5019 apud

1997 5046 2382 5114 auctores
2443 5041 2822 5133 antiquos
2893 5042 3045 5116 suit
3113 5043 3535 5118 dubitatio.

2001 5157 2588 5231 Aristoteles-4.
2648 5162 2998 5247 physic-or.
3082 5173 3238 5227 [exc.
3301 5162 3411 5231 88.
3484 5174 3543 5227 ec

1992 5302 2166 5364 seqq.
2203 5276 2523 5348 videtur
2557 5276 2891 5346 suadere
2927 5280 3243 5368 tempus
3304 5280 3543 5348 extra

1996 5393 2352 5464 animam
2389 5393 2589 5465 nihil
2625 5416 2824 5466 esse.
2866 5396 3063 5467 Cum
3099 5392 3312 5463 enirn
3345 5396 3539 5466 tem—

2001 5530 2145 5601 pus
2182 5510 2287 5581 sit
2314 5511 2700 5601 quoddam
2738 5511 3238 5591 continuum,
3268 5530 3359 5582 ac
3394 5531 3541 5602 per

1999 5624 2143 5697 hoc
2206 5648 2297 5695 ex
2365 5628 2731 5720 partibus
2791 5627 3357 5707 constitutum,
3407 5628 3537 5700 sed
