4252 6393
404 3482 485 3534 38.

654 391 772 457 ⁴12

629 534 1095 646 ‘getativum
1178 557 1451 628 autem
1535 559 1617 630 et
1694 556 2176 629 sensitivum

615 659 801 745 vnon
831 673 1020 746 dant
1059 693 1236 744 esse
1284 671 1752 755 humanum,
1814 673 2178 766 alioquin

639 791 907 884 potest
940 789 1181 861 homo
1216 789 1564 881 intelligi
1610 792 1907 883 absque
1950 791 2177 865 intel-

638 906 932 980 lectivo
979 905 1350 987 secundo,
1408 906 1595 997 quia
1647 910 1835 980 tunc
1879 926 2177 999 corpus

639 1022 1081 1094 humanum
1159 1019 1492 1118 haberet
1578 1025 1997 1114 aspectum
2079 1022 2176 1094 ad

638 1157 957 1212 omnem
1055 1137 1531 1211 sensitivam
1616 1143 1696 1213 et
1787 1140 2177 1230 vegetati-

634 1276 820 1328 vam
866 1280 880 1337 ;
925 1274 1124 1346 ergo
1174 1259 1496 1347 oportet
1536 1256 2002 1329 necessario
2064 1256 2178 1328 di·

637 1392 847 1454 cere,
885 1371 1091 1464 quod
1124 1391 1424 1463 corpus
1456 1370 1899 1445 humanum
1927 1373 2177 1465 respi-

638 1490 749 1563 cit
789 1488 1172 1573 animam,
1225 1494 1473 1565 utest
1524 1490 1698 1582 ejus
1743 1489 2012 1564 forma
2066 1491 2176 1563 in-

640 1610 1031 1699 quantum
1064 1608 1593 1683 intellectiva.

727 1725 808 1798 Si
840 1725 1084 1808 dicas,
1141 1727 1346 1818 quod
1388 1745 1687 1819 corpus
1734 1724 2176 1797 humanum

637 1842 877 1916 habet
935 1848 1354 1935 aspectum
1397 1843 1491 1915 ad
1535 1842 2038 1924 sensitivam,
2079 1843 2178 1914 si-

636 1962 774 2033 cut
815 1958 910 2030 ad
951 1956 1301 2032 formam
1345 1959 1619 2041 talem,
1666 1961 1753 2032 ut
1814 1964 1938 2033 est
2007 1980 2177 2032 sen-

638 2075 888 2151 sitiva
960 2074 1341 2158 humana,
1395 2081 1587 2150 tunc
1639 2080 1922 2170 aperte
1963 2097 2177 2149 asse-

576 2192 758 2276 xris
797 2192 1431 2266 conclusionem.
1488 2196 1690 2268 Cum
1748 2194 1963 2265 enim
2007 2215 2177 2266 sen-

639 2310 886 2385 sitiva
952 2309 1286 2379 humana‘
1330 2310 1653 2383 dicatur
1739 2312 2176 2384 secundum

639 2427 1115 2522 potentiam,
1189 2426 1378 2519 quia
1471 2427 1919 2518 colliga-tur
1990 2449 2177 2500 cum

640 2542 1169 2624 intellectivo,
1208 2564 1255 2615 a
1298 2563 1455 2635 quo
1497 2548 1722 2617 certe
1761 2543 2007 2617 homo
2052 2549 2178 2618 est

633 2660 878 2734 homo
907 2685 921 2741 ;
950 2679 1150 2751 ergo
1183 2660 1663 2733 sensitivam
1694 2681 1855 2733 non
1878 2661 2180 2735 dicitur

636 2778 905 2850 forma
937 2777 1316 2870 corporis
1357 2778 1719 2861 humani,
1784 2779 1943 2852 nisi
1988 2781 2178 2873 quia

633 2898 759 2968 est
801 2894 1006 2967 idem
1039 2915 1221 2967 cum
1266 2894 1433 2977 illo,
1472 2896 1677 2986 quod
1712 2916 1859 2989 per
1891 2918 1975 2969 se
2018 2902 2175 2971 ter-

637 3013 895 3086 minat
941 3011 1153 3084 sicut
1192 3011 1484 3094 forma,
1551 3018 1969 3107 aspectum
2015 3034 2177 3086 ma-

632 3128 866 3204 teriae
932 3128 1358 3200 humanae:
1431 3127 1583 3203 hoc
1645 3134 1918 3204 autem
1989 3152 2174 3204 cum

632 3266 789 3340 quo
832 3245 1039 3318 idem
1079 3250 1229 3327 est,
1263 3250 1389 3319 est
1424 3246 2040 3330 intellectivum,
2095 3253 2175 3322 et

633 3369 824 3440 tunc
857 3363 1064 3436 idem
1100 3362 1307 3455 quod
1340 3362 1592 3455 prius,

721 3478 1281 3555 confirmatur
1336 3477 1502 3551 haec
1566 3478 1806 3560 ratio,
1866 3480 2055 3571 quia
2107 3483 2175 3556 si

632 3596 906 3669 anima
948 3593 1382 3668 rationalis
1432 3599 1556 3667 est
1598 3595 1868 3667 forma
1927 3596 2180 3670 homi·

632 3716 799 3796 nis;
837 3731 1036 3803 ergo
1082 3712 1293 3785 sicut
1362 3732 1664 3804 corpus
1731 3712 2174 3789 humanum

630 3831 934 3905 (licitur
964 3833 1331 3899 humanum
1361 3847 1508 3920 per
1560 3830 1655 3909 id,
1705 3829 1909 3921 quod
1952 3852 2175 3904 com-

630 3948 796 4043 plet
830 3946 1240 4020 rationem
1274 3945 1652 4037 corporis
1688 3944 1878 4019 talis
1912 3946 1991 4018 in
2027 3947 2175 4022 tali

628 4066 882 4159 gradu
915 4061 1583 4153 organizationis,
1618 4066 1699 4135 et
1725 4062 2171 4149 mixtioniS,

588 4166 591 4167 ᾗ
628 4186 710 4256 ct
742 4176 1393 4273 compositionis,
1449 4177 1564 4252 sic
1599 4179 1869 4250 anima
1901 4180 2174 4254 huma-

629 4318 735 4369 na
766 4316 910 4389 per
939 4295 1157 4375 illud,
1189 4314 1343 4386 quo
1377 4292 1844 4369 formaliter
1875 4297 2177 4371 dicitur

629 4419 949 4492 humana,
985 4411 1451 4483 necessario
1487 4410 1725 4486 habet
1770 4414 2173 4487 rationem

635 4528 1204 4610 informantis;
1246 4527 1395 4601 hoc
1442 4534 1716 4602 autem
1762 4535 1885 4604 est
1947 4532 2175 4606 intel-

633 4649 920 4728 lectus,
993 4666 1154 4718 non
1220 4644 1437 4717 enim
1515 4646 1817 4719 dicitur
1881 4651 2177 4719 humana

634 4784 781 4859 per
813 4783 1169 4836 sensum.

725 4884 956 4963 Item,
1025 4880 1459 4951 secundum
1531 4880 1775 4953 istam
1844 4883 2176 4974 positio-

633 5018 814 5071 nem
849 5000 972 5070 est
1003 4996 1195 5068 dare
1239 4994 1317 5066 in
1359 4996 1820 5088 composito
1856 5003 2175 5090 partem

633 5111 1102 5192 formalem,
1196 5114 1516 5204 partem
1634 5112 2173 5196 materialem,

639 5236 955 5325 partem
983 5229 1631 5305 substantialem.
1662 5232 1894 5305 Patet
1918 5253 2180 5305 exem-

636 5347 855 5440 plum
907 5346 987 5418 in
1031 5346 1378 5419 homine.
1444 5348 1673 5418 Nunc
1743 5352 2043 5428 autem,
2091 5352 2180 5421 ut

635 5467 857 5557 patet
884 5464 963 5535 in
996 5461 1417 5553 exemplis,
1458 5482 1652 5555 pars
1688 5462 2180 5538 substantia·

635 5578 737 5652 lis
779 5598 938 5652 non
977 5577 1113 5654 dat
1143 5601 1277 5649 esse
1308 5577 1489 5659 toti,
1534 5596 1680 5651 nec
1713 5576 1957 5653 alteri
2003 5597 2182 5671 par-

1810 392 1914 458 1)ss
1958 394 2226 461 RERUM
2267 383 2653 462 PRINCIPIO

2293 557 2383 641 ti,
2448 558 2611 631 imo
2664 557 2903 631 habet
2967 577 3148 628 esse
3211 576 3260 628 a
3310 553 3603 637 forma,
3660 577 3830 648 quae

2291 679 2416 749 est
2449 674 2716 746 forma
2755 674 3031 755 totiuS,
3080 677 3168 747 ut
3206 677 3429 765 patet
3471 673 3550 745 in
3586 675 3830 767 parti-

2291 791 2439 863 bus
2484 791 2692 879 ignis
2738 816 2752 872 ;
2799 809 2998 881 ergo
3047 791 3116 863 si
3164 790 3244 862 in
3289 795 3464 865 toto
3509 791 3833 865 homine

2294 908 2755 980 intellectus
2815 912 2939 981 est
3003 928 3194 1000 pars
3237 908 3828 992 substantialis,

2291 1044 2452 1095 non
2508 1022 2725 1096 dabit
2793 1045 2973 1096 esse
3041 1023 3378 1105 homini,
3435 1024 3571 1096 sed
3637 1027 3833 1100 reci-

2291 1140 2457 1234 piet
2515 1161 2693 1212 esse
2737 1160 2783 1212 a
2823 1139 3094 1213 forma
3162 1140 3542 1221 hominis,
3627 1142 3834 1218 sicut

2290 1256 2459 1331 haec
2520 1277 2711 1351 pars
2754 1258 2966 1350 ignis
3035 1263 3158 1332 est
3227 1258 3440 1349 ignis
3490 1278 3635 1351 per
3676 1258 3834 1333 fo'r-

2293 1396 2508 1449 mam
2541 1375 2796 1449 totius
2837 1375 3076 1467 ignis.

2384 1494 2614 1575 Item,
2673 1493 2741 1564 si
2776 1492 3017 1566 homo
3078 1493 3467 1584 intelligit
3538 1514 3684 1586 per
3726 1494 3833 1567 in·

2292 1611 2736 1692 tellectum,
2782 1613 2871 1684 ut
2915 1631 3058 1703 per
3128 1615 3447 1702 partem
3498 1611 3834 1684 consub-

2293 1728 2791 1811 stantialem,
2827 1748 2987 1800 non
3048 1732 3438 1820 tanquam
3497 1747 3645 1821 per
3675 1727 3837 1800 sor-

2294 1865 2508 1918 mam
2549 1845 2833 1929 totius,
2882 1849 3073 1918 tunc
3116 1843 3382 1916 simile
3414 1849 3540 1918 est
3569 1844 3838 1918 dicere

2295 1961 2409 2034 sic
2455 1988 2470 2032 ε
2518 1961 2759 2033 homo
2810 1961 3023 2034 videt
3081 1981 3226 2054 per
3274 1961 3637 2045 oculum;
3702 1963 3836 2036 sed

2291 2097 2434 2150 nec
2497 2077 2651 2151 iste
2708 2082 2940 2151 actus
3010 2077 3495 2150 attribuitur
3565 2079 3831 2161 oculo,

2292 2193 2449 2266 nisi
2483 2198 2570 2266 ut
2602 2193 2827 2265 visus
2858 2196 2983 2267 est
3015 2193 3285 2266 forma
3316 2193 3520 2287 ejus,
3558 2217 3835 2269 secun·

2290 2293 2474 2380 dum
2520 2309 2725 2399 quod
2785 2327 3185 2398 organum
3230 2309 3313 2381 in
3355 2309 3674 2384 ratione
3708 2329 3835 2383 or·

2294 2425 2509 2517 gani,
2563 2425 2758 2502 dicit
2799 2424 3099 2517 aliquid
3142 2426 3686 2513 constitutum
3736 2448 3835 2500 ex

2293 2541 2440 2617 tali
2501 2547 2738 2635 parte
2802 2547 2883 2616 et
2938 2542 3331 2635 potentia,
3395 2545 3834 2629 secundum

2295 2659 2501 2752 quod
2541 2658 2736 2731 dicit
2788 2657 3303 2740 Aristotele&
3355 2661 3421 2731 2.
3465 2660 3548 2732 de
3589 2666 3836 2730 Anima

2291 2790 2451 2847 teoet.
2492 2780 2560 2849 9.
2599 2777 2803 2869 quod
2838 2776 2906 2849 si
2936 2776 3217 2849 oculus
3250 2782 3467 2851 esset
3500 2778 3832 2860 animal,

2287 2891 2515 2964 visus
2555 2896 2772 2965 esset
2840 2891 3016 2984 ejus
3059 2893 3381 2974 anima;
3445 2913 3645 2985 ergo
3688 2915 3835 2967 nec

2291 3008 2756 3098 intelligere
2787 3008 3275 3081 attribuitur
3299 3007 3636 3093 homini,
3674 3010 3834 3082 nisi

2292 3125 2509 3207 illud,
2549 3146 2705 3218 quo
2747 3125 2990 3199 homo
3042 3125 3622 3217 intelligit,>sit
3673 3127 3837 3201 for·

2292 3263 2423 3316 ma
2463 3242 2813 3331 alicujus
2859 3264 3024 3315 suae
3083 3244 3347 3337 partis
3393 3271 3407 3315 ε
3482 3265 3642 3317 non
3710 3249 3837 3318 est

2290 3362 2563 3432 autem
2634 3359 2904 3432 forma
2973 3360 3296 3453 partis;
3372 3379 3597 3452 ergo,
3679 3364 3834 3435 etc.

2290 3475 2453 3548 Nec
2498 3475 2961 3567 intelligere
2992 3475 3294 3550 dicitur
3335 3497 3481 3570 per
3517 3481 3834 3570 partem

2294 3594 2426 3665 sed
2488 3615 2573 3665 se
2651 3598 2872 3674 tot0;
2938 3613 3136 3684 ergo
3198 3598 3549 3687 oportet,
3626 3595 3837 3686 quod

2290 3710 2559 3783 forma
2611 3710 2865 3783 totius
2908 3709 3289 3792 hominis,
3359 3730 3517 3782 non
3564 3711 3679 3784 sic
3755 3711 3837 3783 il·

2288 3828 2443 3908 lud,
2482 3847 2636 3918 quo
2669 3827 2883 3901 videt
2916 3828 3156 3899 homo
3193 3848 3335 3920 per
3371 3832 3717 3920 partem,
3754 3831 3836 3902 et

2290 3967 2464 4038 quae
2508 3947 2632 4018 est
2673 3926 2972 4027 forme(
2994 3944 3282 4037 partis,
3329 3948 3416 4019 ut
3462 3945 3834 4038 potentia

2287 4062 2550 4135 visiva
2596 4062 2834 4135 oculi.

2378 4182 2609 4262 Item,
2656 4179 3086 4251 secundum
3121 4178 3471 4270 primum
3508 4180 3833 4252 modurn

2286 4293 2619 4376 dicendi,
2668 4293 3128 4368 intellectus
3171 4314 3332 4368 non
3376 4294 3655 4371 unitur
3696 4295 3832 4367 ho·

2292 4411 2487 4484 mini
2520 4415 2608 4484 ut
2639 4410 2930 4490 forma,
2967 4431 3110 4483 nec
3155 4432 3300 4504 per
3346 4431 3453 4492 se,
3490 4431 3634 4483 nec
3687 4432 3833 4503 per

2289 4527 2530 4607 aliud,
2614 4527 2745 4598 sed
2825 4525 3105 4598 unitur
3172 4526 3832 4601 substantialiter

2292 4642 2691 4717 mediante
2780 4643 2945 4723 illo,
3047 4664 3203 4735 quo
3313 4644 3596 4716 unitur
3661 4641 3832 4715 for-

2291 4756 2643 4839 maliter,
2749 4757 3062 4831 scilicet
3210 4757 3629 4832 sensitivo.
3704 4756 3833 4832 Di-

2290 4874 2403 4947 cit
2478 4872 2730 4947 etiam
2802 4873 3125 4966 positio,
3203 4875 3409 4966 quod
3479 4874 3832 4948 intellec·

2292 4996 2421 5065 tus
2502 4990 2783 5064 unitur
2866 4990 3201 5083 corpori
3280 4976 3833 5066 substantiali-

2292 5112 2443 5190 ter,
2519 5109 2708 5201 quia
2767 5110 2862 5192 id,
2918 5131 3102 5183 cum
3172 5128 3325 5202 quo
3389 5114 3514 5185 est
3584 5131 3830 5184 unum

2294 5225 2372 5301 in
2434 5226 2916 5308 substantia,
2999 5226 3167 5298 sive
3246 5226 3325 5300 in
3375 5229 3830 5321 composito

2294 5344 2728 5417 rationalis
2796 5345 3088 5418 animae
3167 5345 3619 5438 cujusmodi
3706 5351 3831 5420 est

2289 5465 2700 5543 sensitivam,
2808 5461 3144 5554 corpori
3243 5462 3525 5535 unitur·
3658 5464 3830 5535 sub·

2295 5577 2824 5656 stantialiter.
2891 5581 3092 5655 Cum
3167 5576 3471 5652 dicitur
3563 5579 3828 5673 primo

3878 4209 4114 4349 Rqffiws

3852 4350 4020 4410 prame
4043 4345 4128 4394 ⁰13⁸·

3959 4413 4053 4450 mo.
