4252 6393
375 2642 514 2707 Aru.
539 2612 669 2706 ‘pri-

349 2754 354 2759 ,
437 2719 609 2759 mum.

732 405 851 473 236

723 594 986 653 omne,
1021 575 1103 646 et
1136 571 1308 644 ideo
1349 592 1510 644 non
1546 570 1923 663 quaelibet
1964 568 2268 660 magni-

722 690 938 773 tudo,
991 688 1117 762 vel
1171 687 1604 761 multitudo
1657 691 2269 780 quantumcum-

691 830 875 901 que
920 821 1175 900 parva
1226 805 1529 879 sufficit
1581 805 1662 877 in
1710 804 2066 897 qualibet
2100 826 2269 897 spe-

719 925 840 998 cie
909 925 1004 996 ad
1075 923 1758 1016 putrefactionem
1830 922 2269 1015 suscipien-

716 1044 923 1123 dam,
973 1041 1106 1114 sed
1149 1041 1449 1133 aliqua,
1486 1045 1566 1114 et
1602 1040 1876 1131 aliqua
1918 1060 2103 1120 non,
2152 1039 2267 1111 sic

718 1178 862 1229 nec
907 1155 1284 1247 quaelibet
1345 1153 1738 1247 paucitas,
1801 1174 1946 1227 nec
1999 1153 2267 1246 quaeli·

719 1273 852 1346 bct
890 1272 1322 1347 multitudo
1377 1270 1972 1364 quantumlibet
2013 1290 2270 1363 parva

723 1391 1026 1465 sufficit
1109 1393 1205 1465 ad
1320 1392 1952 1482 extinguendum
2057 1390 2269 1463 sicut

721 1507 1182 1600 cujuslibet.
1258 1512 1358 1583 Et
1403 1507 1901 1582 sufficienter
1958 1508 2049 1579 de
2108 1507 2268 1581 ista

722 1625 1193 1718 quaestione.

1168 1932 1629 2015 QUAESTIO
1714 1932 1817 2003 ΙΙ.

720 2130 957 2199 Utrum
1001 2131 1288 2217 diyestio
1338 2132 1425 2197 sit
1477 2131 1803 2218 perfectio
1859 2141 2130 2197 εαιιεαια
2184 2153 2267 2196 eoe

801 2248 1109 2335 proprio,
1145 2258 1206 2313 ee
1245 2248 1551 2314 naturali
1581 2249 1805 2314 calore
1844 2269 1928 2313 ecc
1965 2249 2266 2335 opposito

803 2362 1072 2450 passivo
1091 2359 1123 2426 ἶ)

810 2555 1212 2645 Arguitur
1243 2554 1448 2646 quod
1478 2574 1664 2633 non,
1703 2553 1890 2645 quia
1918 2554 2264 2646 digestio

721 2676 847 2746 est
882 2672 1389 2765 imperfectio
1421 2675 1760 2745 causata
1790 2693 1888 2742 ex
1924 2672 2263 2764 proprio

722 2793 804 2863 et
879 2790 1244 2864 naturali
1320 2789 1634 2879 frigore
1714 2787 1793 2860 in
1862 2789 2263 2881 oppositis

722 2906 1022 3000 passis;
1105 2906 1363 2997 igitur
1428 2924 1589 2977 non
1662 2910 1786 2978 est
1869 2905 2261 2996 perfectio

715 3026 1082 3103 causata,
1142 3029 1294 3097 etc.
1359 3021 1954 3113 Consequentia
2013 3025 2258 3105 tenet,

721 3138 908 3234 quia
949 3138 1063 3211 nil
1105 3142 1228 3213 est
1271 3138 1691 3232 perfectio,
1728 3142 1808 3212 et
1845 3137 2263 3232 imperfec-

718 3259 860 3341 tio,
916 3278 1059 3330 nec
1112 3257 1355 3329 simul
1398 3279 1497 3329 ex
1539 3257 1987 3330 contrariis
2028 3279 2262 3350 agen-

715 3375 956 3457 tibus,
1030 3374 1218 3466 quia
1296 3374 1502 3446 idem
1571 3373 2024 3464 subjectum
2103 3396 2260 3446 non

717 3496 985 3584 potest
1031 3488 1477 3564 contrariis
1522 3489 1874 3563 motibus
1923 3491 2258 3573 moveri,

714 3607 1089 3681 videlicet
1199 3607 1557 3680 calefieri
1646 3613 1724 3681 ot
1810 3606 2254 3698 frigefieri,

718 3725 998 3818 perfici
1031 3725 1307 3797 calore
1354 3729 1432 3798 et
1471 3724 1866 3817 impertici
1911 3723 2247 3814 frigore.

718 3841 864 3915 Sed
915 3841 1391 3914 antecedens
1445 3840 1869 3932 probatur,
1918 3841 2106 3932 quia
2156 3841 2262 3913 di-

718 3957 979 4048 gestio
1023 3977 1183 4030 non
1226 3961 1349 4029 est
1383 3957 1540 4029 nisi
1576 3957 1928 4029 mutatio
1972 3958 2262 4051 imper-

719 4074 930 4146 fecta
962 4078 1149 4148 ante
1211 4074 1704 4164 completum
1769 4098 1902 4142 esse
1975 4075 2250 4149 decoc-

715 4191 966 4263 tionis
1025 4197 1104 4263 et
1177 4189 1369 4263 talis
1442 4189 1918 4281 imperfecta
1977 4211 2022 4260 a
2083 4211 2262 4283 pro-

716 4306 903 4400 prio
945 4305 1286 4395 frigore,
1343 4305 1531 4397 quia
1583 4307 1649 4377 si
1691 4308 2003 4377 nullum
2046 4310 2263 4380 esset

718 4421 1208 4514 frig1,1S,ja1n
1238 4421 1468 4493 calor
1500 4426 1783 4513 ageret
1817 4421 1988 4493 sine
2024 4421 2263 4493 resis-

717 4538 975 4614 tentia
1061 4539 1553 4620 successive,
1649 4538 1853 4630 quod
1942 4539 2265 4610 videtur

718 4661 1013 4730 contra
1064 4655 1258 4728 illud
1317 4656 1521 4747 quod
1574 4656 1873 4728 dicitur
1932 4658 1995 4726 4.
2062 4655 2263 4747 Phy-

720 4774 862 4847 sic.
914 4776 1233 4841 successio
1279 4776 1353 4841 in
1400 4785 1579 4839 motu
1628 4786 1944 4840 causatur
1982 4797 2025 4840 a
2064 4776 2264 4841 resis-

721 4893 929 4959 tentia
987 4890 1249 4956 mobilis
1305 4889 1395 4955 ad
1451 4901 1788 4955 molarem.
1837 4889 1937 4958 Et
1978 4885 2264 4957 conflr-

722 5008 996 5078 matur
1053 5003 1564 5082 antecedens,
1651 5001 1838 5093 quia.
1916 5002 2264 5090 digestio

719 5126 844 5196 est
913 5125 1208 5202 motuS,
1279 5119 1408 5190 vel
1478 5118 1727 5199 actio;
1805 5118 1936 5189 sed
2000 5118 2264 5189 omnis

720 5244 1015 5320 motus,
1076 5237 1202 5309 vel
1265 5236 1479 5310 actio
1540 5239 1663 5308 est
1723 5235 2260 5327 imperfectio,

716 5357 844 5429 vel
883 5354 1360 5447 imperfecta
1398 5353 1779 5432 mutatio;
1821 5351 2076 5442 igitur
2110 5372 2267 5423 om·

720 5473 846 5544 nis
876 5469 1222 5560 digestio
1257 5473 1381 5540 est
1419 5467 1955 5559 imperfectio.
1997 5467 2268 5538 Minor

722 5588 1122 5683 probatur
1181 5605 1327 5679 per
1376 5583 1921 5659 definitionem
1967 5587 2262 5666 motus,

1906 408 2053 470 [ΑΒ.
2099 406 2202 472 IV.
2249 403 2795 472 METEORORUM

2380 572 2444 640 3.
2496 568 2746 660 Phys.
2802 568 2988 661 quia
3028 582 3239 639 molus
3267 583 3575 640 eseaclus
3604 575 3679 641 in
3703 585 3924 662 polen-

2381 689 2501 768 tia,
2551 685 2865 759 scilicet
2914 690 3039 759 est
3089 692 3321 761 actus
3374 687 3921 781 imperfectus.

2471 803 2615 876 Sed
2648 801 2863 876 forte
2891 803 3194 877 dicitur
3225 804 3358 878 hic
3408 805 3614 897 quod
3657 788 3925 880 motus

2378 918 2882 1009 digestionis,
2917 920 3046 992 vel
3076 920 3211 991 via
3238 921 3333 993 ad
3364 920 3921 1012 digestionem,

2379 1056 2540 1108 non
2580 1040 2705 1109 est
2746 1036 3081 1129 proprie
3119 1037 3496 1129 digestio,
3553 1059 3697 1111 nec
3757 1060 3925 1133 per·

2379 1151 2651 1235 fectio,
2699 1155 2833 1226 sed
2871 1154 3323 1248 dispositio,
3363 1176 3538 1248 quae
3568 1155 3927 1230 finaliter

2380 1270 2865 1363 acquiritur,
2938 1272 3063 1344 vel
3136 1273 3541 1365 acquisita
3597 1278 3724 1348 cst
3786 1295 3927 1367 per

2379 1387 2630 1460 talem
2679 1387 2925 1471 viam,
2990 1388 3120 1461 vel
3173 1393 3487 1463 motum
3552 1391 3926 1482 digestio-

2380 1505 2531 1576 nis.

2471 1621 2616 1693 Sed
2673 1625 2989 1702 contra,
3064 1622 3255 1696 talis
3322 1623 3753 1716 dispositio
3802 1628 3929 1699 est

2383 1735 2894 1828 imperfecta,
2933 1737 3122 1828 quia
3152 1742 3277 1811 est
3318 1740 3412 1811 ad
3444 1740 3928 1815 destructio-

2378 1873 2562 1925 nem
2594 1852 2880 1925 formae
2924 1855 3486 1929 substantialis
3522 1855 3777 1948 ipsius
3813 1858 3930 1931 sic

2377 1970 2787 2063 dispositi;
2865 1972 3121 2062 igitur
3188 1976 3313 2045 est
3379 1972 3924 2066 imperfecti0‚

2380 2087 2568 2179 quia
2607 2088 3085 2161 destructio.
3152 2090 3749 2181 Consequentia
3809 2092 3929 2164 vi-

2377 2204 2613 2277 detur
2654 2209 2872 2286 nota,
2945 2210 3025 2280 et
3092 2207 3571 2280 antecedens
3640 2209 3931 2300 proba-

2374 2325 2547 2402 tur;
2586 2321 2797 2395 sicut
2830 2322 3047 2394 enim
3080 2328 3205 2397 est
3242 2323 3320 2395 in
3357 2323 3931 2397 artificialibus

2373 2437 2987 2527 digestionibuS,
3014 2441 3216 2531 quod
3242 2440 3685 2513 elixatione
3711 2440 3931 2516 facta

2380 2553 2775 2629 elixa-tum
2815 2561 2977 2633 cst:
3015 2556 3275 2648 magis
3308 2556 3800 2650 dispositum
3834 2560 3931 2631 ad

2375 2671 2991 2761 corruptionem
3064 2671 3354 2743 formae
3433 2671 3931 2746 substantia·

2378 2784 2478 2855 lis
2522 2784 2672 2866 sui,
2713 2806 2952 2876 quam
2991 2786 3139 2860 fuit
3185 2791 3410 2869 ante:
3443 2786 3940 2862 etsimiliter

2381 2899 2952 2973 masticatione
2996 2900 3213 2974 facta
3247 2902 3326 2974 in
3359 2923 3525 2985 ore,
3559 2907 3639 2976 et
3670 2902 3933 2995 diges-

2378 3015 2599 3089 tione
2631 3018 3049 3091 destructa
3084 3017 3164 3088 in
3208 3018 3660 3101 stomacho,
3697 3025 3935 3094 natu-

2380 3132 2673 3207 raliter
2712 3134 3172 3225 digestibile
3232 3140 3358 3210 est
3420 3136 3681 3228 magis
3744 3158 3933 3231 pro-

2380 3250 2765 3342 pinquum
2810 3252 2903 3324 ad
2953 3253 3574 3345 corruptionem
3637 3252 3935 3327 formae

2374 3366 2857 3457 digestibilis
2928 3389 3169 3460 quam
3251 3373 3461 3452 ante,
3521 3371 3652 3442 vel
3710 3371 3935 3446 forte

2366 3483 2538 3573 jam
2573 3485 3033 3577 corrumpit
3066 3485 3416 3558 formam
3450 3487 3651 3579 ejus,
3696 3494 3785 3563 et
3822 3490 3932 3561 sa-

2374 3600 2485 3673 cit
2530 3600 2954 3672 humorem
3001 3601 3696 3694 imperfectiorem
3751 3629 3933 3680 car-

2377 3716 2636 3800 nibus,
2713 3720 2803 3790 de
2873 3720 3161 3811 quibus
3243 3722 3583 3796 intendit
3649 3723 3935 3799 facere

2378 3835 2829 3908 humorem.
2905 3838 3314 3911 Probatur
3380 3842 3651 3914 autem
3718 3845 3936 3934 quod

2376 3949 2673 4023 humor
2726 3952 2831 4025 sit
2894 3951 3456 4045 imperfectior
3495 3958 3931 4042 carnibus,

2377 4067 2565 4159 quia
2606 4089 2702 4144 ex
2748 4067 3093 4140 humore
3137 4070 3475 4145 intendit
3526 4092 3938 4162 generare

2375 4204 2666 4255 carnes
2729 4185 3213 4276 perficiendo
3275 4189 3609 4268 natura;
3668 4189 3938 4280 igitur

2375 4299 2672 4370 humor
2712 4300 3093 4374 carnibus
3158 4302 3722 4394 imperfectior
3777 4312 3908 4381 est

2379 4417 2524 4489 Sed
2613 4417 2868 4490 adhuc
2959 4419 3358 4510 probatur
3441 4424 3937 4496 antecedens

2377 4534 2852 4626 principale,
2927 4535 3240 4608 scilicet
3304 4537 3506 4628 quod
3573 4538 3933 4628 digestio

2379 4650 2485 4724 sit
2517 4672 2614 4722 ex
2658 4650 2971 4741 frigore
3014 4653 3377 4725 naturali
3438 4658 3517 4727 et
3553 4659 3933 4748 proprio,

2381 4766 2569 4859 quia
2653 4766 3001 4856 digestio
3080 4767 3422 4860 juvatur
3498 4789 3545 4840 a
3612 4769 3941 4863 frigore

2380 4883 2673 4967 aliene,
2729 4888 2809 4958 et
2858 4884 3366 4966 extrinseco;
3417 4886 3673 4977 igitur
3715 4895 3850 4965 est
3893 4911 3939 4963 a

2381 5000 2694 5091 frigore
2750 5000 3111 5093 proprio.
3168 5003 3768 5093 Consequentia
3829 5010 3938 5079 te-

2378 5119 2540 5196 net,
2594 5115 2781 5206 quia
2827 5116 3340 5190 contrarium
3384 5117 3717 5210 impedit
3747 5142 3939 5194 con-

2381 5231 2763 5312 trarium,
2810 5237 2889 5306 et
2932 5253 3090 5305 non
3131 5233 3404 5326 juvat;
3470 5235 3600 5306 sed
3659 5236 3940 5310 simile

2374 5351 2609 5442 juvat
2680 5351 2969 5431 simile,
3052 5356 3131 5424 et
3212 5350 3592 5434 intendit;
3676 5353 3943 5447 igitur

2384 5470 2712 5559 oportet
2783 5468 2989 5559 quod
3057 5471 3436 5541 sumatur
3503 5488 3550 5541 a
3614 5469 3939 5561 frigore

2382 5584 2878 5666 extrinseco,
2936 5585 3142 5679 quod
3183 5585 3348 5668 fiat,
3405 5590 3485 5664 et
3537 5593 3839 5665 contra
3891 5611 3939 5663 a
