4252 6393
673 423 790 487 682

655 586 911 662 lectus
953 606 1113 660 non
1148 588 1251 662 sit
1285 588 1829 668 distinctivus‚
1871 592 2058 661 sunt
2092 591 2208 662 to-

664 710 764 779 tae
817 705 1057 779 simul
1108 709 1187 778 et
1232 706 1787 788 indivisibiles,
1838 728 1997 778 non
2049 705 2208 779 for-

665 827 903 896 mata}
940 844 1084 916 per
1117 824 1740 906 successionem,
1777 824 1906 895 sed
1945 824 2020 895 in
2058 824 2212 896 ins-

662 940 873 1012 tanti
943 944 1463 1013 transeuntes
1521 967 1535 1010 :
1593 946 1865 1014 tamen
1936 939 2213 1011 ordine

667 1059 1008 1151 quodam
1043 1079 1200 1131 una
1234 1065 1357 1133 est
1414 1058 1641 1152 prior
1680 1058 1867 1141 alia,
1916 1059 2214 1151 absque

675 1173 891 1245 omni
926 1176 1426 1248 connexione
1466 1176 1793 1248 illarum
1848 1175 2062 1247 inter
2102 1195 2211 1245 se.

1842 428 1943 490 DE
1990 425 2252 490 RERUM
2297 425 2686 491 PluNCin

2323 588 2455 661 scd
2533 588 2939 662 successio
3020 587 3309 662 talium
3388 586 3866 681 applicatio-

2323 728 2512 778 num
2573 712 2697 780 est
2756 707 2930 799 ejus
2992 709 3288 788 motus,
3355 710 3435 779 et
3486 726 3867 778 mensura

2325 823 2612 896 talium
2683 823 3295 896 successionum
3355 825 3478 895 est
3549 825 3871 914 tempus

2325 940 2767 1014 discretum
2804 968 2818 1010 :
2859 940 2973 1013 sic
3017 960 3175 1011 una
3219 939 3667 1013 intellectio
3716 958 3871 1009 non

2327 1063 2452 1132 est
2503 1061 2772 1130 motus
2832 1057 3319 1150 spiritualis,
3375 1058 3507 1129 sed
3559 1077 3872 1129 succes-

2331 1177 2452 1248 sio
2504 1176 2791 1250 talium
2857 1175 3502 1249 intellectionum
3547 1178 3675 1247 est
3719 1194 3875 1244 mo-

343 1335 479 1385 Vid„
501 1337 628 1382 ἕω,
677 1292 879 1373 Quia
914 1312 1068 1362 una
1109 1313 1390 1364 earum
1426 1314 1581 1365 non
1626 1295 2037 1372 causatur,
2075 1312 2217 1363 nec

324 1397 645 1526 {ugffffiss'jssj
678 1409 1024 1481 succedit
1075 1430 1169 1480 ex
1231 1408 1416 1489 alia,
1494 1409 1681 1500 quia
1760 1408 2218 1481 intellectus

371 1544 418 1573 e·
450 1540 596 1590 seqq·
678 1525 851 1617 ejus
895 1548 1053 1598 non
1104 1530 1225 1599 est
1277 1526 1811 1607 discursivus,
1858 1526 2218 1615 cogitan-

2331 1298 2462 1366 tus
2534 1292 3018 1385 spiritualis.
3080 1295 3195 1366 De
3257 1314 3412 1383 quo
3471 1291 3669 1363 dicit
3723 1293 3875 1362 Au-

2335 1412 2710 1501 gustinus
2764 1413 2872 1482 12.
2932 1434 3131 1501 super
3197 1412 3499 1477 Genesim
3555 1432 3703 1496 cap.
3764 1410 3869 1479 31.

2334 1530 2538 1621 quod
2570 1531 2785 1602 Deus
2823 1531 3089 1601 movet
3124 1524 3640 1620 spiritualem
3665 1544 3878 1598 crea-

672 1642 769 1713 do
833 1663 1077 1715 unum
1139 1664 1236 1715 ex
1305 1643 1469 1715 alio
1518 1667 1531 1710 ε
1580 1644 1789 1716 sicut
1863 1641 2219 1715 intellec-

671 1767 799 1837 tus
830 1762 1447 1853 nostercogitat
1482 1762 2043 1833 conclusiones
2081 1780 2222 1853 per

676 1880 1172 1974 praemissas,
1245 1881 1433 1972 quia
1501 1885 1626 1954 est
1682 1880 2215 1960 discursivus‚

670 2000 866 2071 bene
927 2004 1197 2072 tamen
1258 1997 1719 2069 intellectus
1782 1997 2219 2088 Angelicus

666 2118 1004 2205 cogitat,
1041 2122 1118 2189 et
1156 2116 1544 2202 intellig-it
1577 2116 1923 2196 diversa,
1961 2120 2041 2189 et
2076 2115 2221 2187 sub

671 2236 975 2318 ordine,
1024 2236 1213 2328 quia
1273 2256 1517 2307 unum
1582 2256 1726 2327 per
1777 2235 2018 2316 aliud,
2087 2236 2219 2306 sed

672 2375 827 2426 non
910 2353 1343 2425 secundum
1433 2353 2046 2432 connexionem,
2135 2354 2219 2423 ut

676 2492 816 2563 per
857 2491 1102 2543 unum
1147 2470 1452 2560 cogitet
1504 2469 1743 2550 aliud,
1789 2471 1865 2540 et
1920 2469 2223 2557 eogita-

678 2589 788 2661 tio
843 2585 1080 2658 unius
1133 2585 1236 2657 sit
1299 2585 1448 2657 sibi
1509 2585 1720 2657 ratio
1783 2584 2218 2675 cogitandi,

673 2703 797 2775 vel
858 2703 1391 2792 cognoscendi
1453 2700 1666 2772 aliud
1730 2730 1741 2771 :
1813 2701 1963 2773 hoc
2005 2701 2222 2773 enim

674 2824 961 2892 nostro
998 2818 1443 2892 intellectui
1478 2817 1931 2890 discursivo
1975 2839 2069 2888 ex
2104 2818 2227 2889 de-

678 2937 994 3010 bilitate
1054 2935 1383 3008 luminis
1435 2936 1739 3027 cogniti
1794 2936 2221 3024 contingit.

772 3058 888 3126 Ex
932 3054 1217 3146 quibus
1261 3058 1506 3147 patet,
1565 3054 1769 3144 quod
1826 3074 2226 3123 mensurae

679 3173 1033 3246 aliarum
1067 3171 1651 3262 cognitionum,
1697 3171 1824 3243 vel
1868 3170 2227 3244 intellec-

687 3291 1020 3372 tionum,
1070 3292 1254 3360 sunt
1312 3290 1677 3380 singulae,
1736 3309 1909 3382 quse
1954 3291 2228 3376 singu-

685 3410 779 3481 lis
835 3406 1495 3498 cogitationibus,
1571 3407 1693 3478 vel
1750 3406 2230 3478 intellectio-

682 3525 913 3597 nibus
956 3525 1619 3616 correspondent,
1671 3522 2223 3602 indivisibiles,

679 3646 757 3714 et
819 3644 1014 3714 totae
1076 3641 1353 3722 simul,
1438 3641 1736 3731 absque
1805 3639 2225 3719 divisione,

684 3757 807 3829 vel
843 3758 1355 3830 successione
1412 3783 1424 3824 ;
1482 3756 1691 3829 sicut
1738 3757 1986 3827 etiam
2035 3756 2229 3848 ipsa}

682 3873 1251 3964 cogitationes,
1309 3875 1439 3945 sed
1491 3878 2011 3947 transeuntes
2073 3894 2230 3944 una

688 3995 865 4085 post
901 3992 1172 4072 aliam,
1212 3991 1506 4083 absque
1546 3991 1759 4062 omni
1803 3991 2231 4063 connexio-

688 4130 783 4180 ne
820 4109 1150 4181 illarum
1215 4107 1429 4181 inter
1465 4131 1573 4187 se,
1624 4107 1811 4199 quia
1861 4129 2015 4179 uno
2069 4129 2231 4178 mo·

680 4227 777 4296 do
822 4246 980 4297 non
1028 4224 1322 4305 oritur,
1370 4245 1513 4294 nec
1569 4225 2081 4297 coi‘inectitur
2125 4225 2235 4295 al-

690 4342 866 4424 teri,
933 4340 1142 4414 sicut
1204 4341 1365 4412 dixi
1417 4341 1507 4412 dc
1557 4342 2158 4430 cognitionibus
2214 4369 2226 4411 :

689 4460 875 4551 quia
938 4463 1210 4532 tamen
1277 4458 1638 4531 ordinem
1684 4458 1971 4530 liabent
2022 4460 2236 4531 inter

687 4601 794 4659 se,
834 4579 1203 4669 quamvis
1246 4578 1544 4668 absque
1578 4577 2101 4657 connexione,
2142 4600 2234 4648 eo

689 4696 893 4786 quod
929 4715 1083 4766 una
1116 4699 1238 4768 est
1276 4675 1452 4786 post
1490 4694 1730 4765 aliam
1774 4695 1978 4768 sieut
2022 4696 2236 4782 cog-ri-

693 4813 1069 4895 tationes,
1138 4811 1309 4884 ideo
1376 4833 1519 4904 per
1590 4812 1815 4884 illum
1873 4813 2231 4883 ordinem

689 4952 782 5002 ex
832 4929 1108 5001 multis
1151 4929 1452 5001 talibus
1514 4928 1917 4999 mensuris
1966 4928 2239 4999 indivi-

691 5047 1091 5128 sibilibus‚
1181 5067 1351 5138 quae
1426 5049 1616 5118 totae
1700 5049 1884 5116 sunt
1967 5044 2234 5125 simul,

692 5185 845 5236 una
917 5163 1277 5255 quzedam
1343 5182 1719 5231 mensura
1784 5162 2246 5252 composita

692 5279 1232 5357 construitur,
1294 5275 1501 5347 siout
1550 5297 1644 5346 cx
1679 5275 2083 5348 discretis.
2135 5276 2244 5348 si·

696 5405 830 5472 cut
917 5397 1129 5468 enim
1210 5394 1369 5466 dixi
1452 5395 1541 5464 de
1632 5395 2244 5485 operationibus

696 5513 1270 5591 exterioribus,
1322 5510 1527 5602 quod
1590 5531 1745 5580 una.
1805 5510 2248 5601 applicatio

704 5633 797 5704 ad
872 5633 1141 5704 locum
1210 5650 1369 5702 non
1439 5632 1562 5701 est
1616 5632 1884 5701 motus
1935 5627 2247 5708 localis,

2336 1653 2643 1730 turam,
2717 1668 2875 1720 non
2948 1667 3091 1739 per
3160 1646 3455 1725 locum,
3532 1644 3667 1716 sed
3738 1665 3878 1736 per

2338 1771 2686 1857 tempus3
2743 1770 2822 1839 et
2871 1784 3258 1837 mensura
3312 1762 3599 1837 talium
3655 1762 3878 1835 intel-

2338 1882 2802 1965 lectionum,
2868 1885 2955 1954 ut
3024 1881 3174 1953 sibi
3238 1880 3699 1960 succedunt,
3761 1882 3879 1949 est

2337 2004 2654 2091 tempus
2697 1999 3168 2078 discretum,
3236 1996 3449 2068 sicut
3499 2014 3884 2067 mensura

2335 2114 3012 2209 applicationum,
3096 2114 3221 2184 vel
3312 2111 3882 2206 operationum

2341 2236 2414 2307 in
2469 2235 2671 2315 loco,
2726 2238 2850 2306 est
2895 2238 3212 2324 tempus
3255 2231 3702 2303 discretum
3747 2256 3760 2298 :
3807 2232 3886 2300 et

2338 2354 2500 2427 talc
2563 2356 2880 2444 tempus
2938 2349 3382 2422 discretum
3439 2346 3713 2440 potius
3755 2344 3887 2416 ha·

2335 2470 2467 2543 bet
2514 2468 2913 2540 rationem
2973 2465 3319 2547 numeri,
3372 2484 3614 2557 quam
3669 2462 3885 2535 illius

2339 2585 2762 2678 temporis,
2807 2585 2897 2657 de
2941 2606 3099 2677 quo
3165 2581 3532 2674 loquitur
3576 2582 3890 2654 Aristo·

2339 2705 2564 2777 teles.

2428 2822 2607 2893 Non
2661 2825 2931 2893 tamen
2996 2817 3159 2892 talc
3216 2821 3537 2908 tempus
3594 2814 3890 2887 discre-

2341 2942 2511 3009 tum
2569 2937 2902 3030 proprie
2952 2936 3221 3028 potest
3271 2932 3427 3006 dici
3468 2952 3889 3011 numerus

2343 3074 2830 3150 quamquam
2874 3053 2980 3126 sit
3032 3051 3449 3145 quantitas
3506 3051 3893 3131 discreta,

2345 3176 2553 3249 sicut
2606 3194 2750 3246 nec
2799 3171 3128 3244 omnino
3192 3192 3366 3262 quae
3408 3174 3533 3244 est
3576 3167 3900 3262 quanti-

2345 3298 2471 3366 tas
2542 3292 2921 3372 ‹liscreta,
2995 3295 3119 3362 est
3190 3308 3577 3360 numerus
3650 3314 3664 3356 :
3734 3286 3902 3359 tale

2345 3415 2618 3482 autem
2708 3414 3027 3500 tempus
3104 3407 3552 3479 discretum
3634 3404 3901 3494 magis

2343 3526 2720 3599 convenit
2777 3527 2851 3597 in
2895 3529 3195 3598 natura.
3247 3544 3432 3595 cum
3495 3522 3900 3602 oratione,

2346 3667 2520 3736 quae
2565 3647 2687 3714 est
2738 3642 3153 3735 quantitas
3207 3640 3588 3722 discreta,
3655 3659 3904 3731 quam

2348 3783 2528 3834 cum
2601 3781 2966 3832 numero.
3052 3758 3254 3841 Quia
3328 3758 3540 3830 sicut
3619 3758 3907 3848 partes
3963 3798 4201 3849 mes&

2348 3877 2776 3957 orationis,
2835 3880 2919 3946 ut
2964 3879 3088 3948 est
3142 3874 3556 3968 quantitas
3606 3872 3910 3944 discre—
3989 3870 4006 3911 ¹

4011 3877 4086 3910 um
4115 3857 4183 3905 ubi

4023 3936 4158 3987 supra

2348 3997 2457 4076 ta,
2510 3995 2686 4087 ejus
2731 3992 3144 4085 quantitas
3199 3991 3579 4064 consistit
3627 3990 3706 4062 in
3753 3990 3914 4062 clis-
3978 3985 4178 4037 uum-3·

2349 4124 2578 4192 creta
2637 4119 3095 4211 prolatione
3139 4116 3712 4209 principaliter
3770 4136 3914 4186 vo-

2351 4246 2675 4326 calium,
2715 4245 2946 4326 tales
2993 4244 3195 4325 dico,
3237 4246 3512 4336 partes
3544 4263 3704 4314 non
3739 4262 3919 4334 per·

2356 4374 2684 4445 manent
2719 4371 2984 4452 simul,
3026 4370 3229 4443 sicut
3263 4392 3405 4442 nec
3453 4369 3722 4449 simul,
3772 4370 3917 4441 sed

2354 4497 2787 4569 seeundum
2847 4497 3268 4587 quemdam
3325 4495 3685 4568 ordinem
3750 4514 3920 4566 una

2360 4627 2540 4715 post
2611 4621 2856 4692 aliam
2921 4620 3385 4713 profertur:
3453 4618 3567 4692 sic
3633 4623 3922 4710 partes

2355 4748 2544 4822 talis
2608 4746 3007 4838 temporis
3052 4746 3413 4828 discreti,
3482 4768 3656 4838 quae
3722 4752 3924 4821 sunt

2363 4872 2776 4952 instantia,
2846 4873 3087 4944 simul
3158 4892 3317 4944 non
3403 4877 3924 4965 permanent,

2359 5000 2489 5069 sed
2533 4998 2968 5070 succedunt
3016 4998 3165 5070 sibi
3214 4998 3493 5070 ordine
3537 4998 3923 5090 quodam,

2360 5123 2657 5213 absque
2701 5128 2978 5195 tamen
3028 5122 3554 5196 connexione.
3625 5123 3928 5197 Partes

2362 5254 2634 5320 autem
2699 5250 3018 5321 numeri
3086 5249 3329 5322 simul
3401 5256 3926 5342 permanent,

2365 5380 2754 5467 quantum
2797 5381 2921 5449 est
2962 5377 3053 5447 de
3099 5375 3422 5449 ratione
3475 5397 3662 5458 sua;
3718 5382 3801 5451 et
3859 5378 3926 5451 si

2364 5524 2525 5574 non
2579 5507 3083 5594 permanent,
3132 5502 3281 5577 hoc
3345 5509 3469 5578 est
3523 5524 3666 5597 per
3718 5506 3932 5579 acci-

2368 5628 2583 5709 dens,
2640 5629 2958 5701 ratione
3014 5629 3327 5703 scilicet
3385 5651 3700 5711 eorum,
3752 5651 3937 5723 quae
