<?xml version="1.0" encoding="UTF-8"?>
<!DOCTYPE html PUBLIC "-//W3C//DTD XHTML 1.0 Transitional//EN"
    "http://www.w3.org/TR/xhtml1/DTD/xhtml1-transitional.dtd">
<html xmlns="http://www.w3.org/1999/xhtml" xml:lang="en" lang="en">
 <head>
  <title>
</title>
<meta http-equiv="Content-Type" content="text/html;charset=utf-8" />
  <meta name='ocr-system' content='tesseract 3.04.00' />
  <meta name='ocr-capabilities' content='ocr_page ocr_carea ocr_par ocr_line ocrx_word'/>
</head>
<body>
  <div class='ocr_page' id='page_1' title='image "./joannisdunsscot03waddgoog_0627.png"; bbox 0 0 4252 6393; ppageno 0'>
   <div class='ocr_carea' id='block_1_1' title="bbox 42 1310 263 1366">
    <p class='ocr_par' dir='ltr' id='par_1_1' title="bbox 42 1310 263 1366">
     <span class='ocr_line' id='line_1_1' title="bbox 42 1310 263 1366; baseline -0.014 -9"><span class='ocrx_word' id='word_1_1' title='bbox 42 1310 214 1366; x_wconf 53' lang='lat' dir='ltr'>&amp;tentia</span> <span class='ocrx_word' id='word_1_2' title='bbox 230 1319 263 1354; x_wconf 76' lang='lat' dir='ltr'>a</span> 
     </span>
    </p>
   </div>
   <div class='ocr_carea' id='block_1_2' title="bbox 1630 489 2203 568">
    <p class='ocr_par' dir='ltr' id='par_1_2' title="bbox 1630 489 2203 568">
     <span class='ocr_line' id='line_1_2' title="bbox 1630 489 2203 568; baseline -0.002 -13"><span class='ocrx_word' id='word_1_3' title='bbox 1630 489 1994 568; x_wconf 69' lang='lat' dir='ltr'>QUAEsrlo</span> <span class='ocrx_word' id='word_1_4' title='bbox 2042 492 2203 554; x_wconf 86' lang='lat' dir='ltr'>xvu</span> 
     </span>
    </p>
   </div>
   <div class='ocr_carea' id='block_1_3' title="bbox 285 655 1816 749">
    <p class='ocr_par' dir='ltr' id='par_1_3' title="bbox 285 655 1816 749">
     <span class='ocr_line' id='line_1_3' title="bbox 285 655 1816 749; baseline 0.003 -24"><span class='ocrx_word' id='word_1_5' title='bbox 285 655 545 738; x_wconf 86' lang='lat' dir='ltr'>lidum,</span> <span class='ocrx_word' id='word_1_6' title='bbox 597 658 921 749; x_wconf 85' lang='lat' dir='ltr'>planum</span> <span class='ocrx_word' id='word_1_7' title='bbox 972 660 1095 730; x_wconf 88' lang='lat' dir='ltr'>cst</span> <span class='ocrx_word' id='word_1_8' title='bbox 1147 659 1352 749; x_wconf 82' lang='lat' dir='ltr'>quod</span> <span class='ocrx_word' id='word_1_9' title='bbox 1399 658 1599 730; x_wconf 88' lang='lat' dir='ltr'>idem</span> <span class='ocrx_word' id='word_1_10' title='bbox 1657 678 1816 729; x_wconf 90' lang='lat' dir='ltr'>ma-</span> 
     </span>
    </p>
   </div>
   <div class='ocr_carea' id='block_1_4' title="bbox 3394 491 3514 557">
    <p class='ocr_par' dir='ltr' id='par_1_4' title="bbox 3394 491 3514 557">
     <span class='ocr_line' id='line_1_4' title="bbox 3394 491 3514 557; baseline 0.017 -2"><span class='ocrx_word' id='word_1_11' title='bbox 3394 491 3514 557; x_wconf 78' lang='lat'>595</span> 
     </span>
    </p>
   </div>
   <div class='ocr_carea' id='block_1_5' title="bbox 1936 651 3480 746">
    <p class='ocr_par' dir='ltr' id='par_1_5' title="bbox 1936 651 3480 746">
     <span class='ocr_line' id='line_1_5' title="bbox 1936 651 3480 746; baseline -0.001 -22"><span class='ocrx_word' id='word_1_12' title='bbox 1936 654 2324 746; x_wconf 78' lang='lat' dir='ltr'>praemisi,</span> <span class='ocrx_word' id='word_1_13' title='bbox 2362 672 2522 724; x_wconf 90' lang='lat' dir='ltr'>non</span> <span class='ocrx_word' id='word_1_14' title='bbox 2555 651 2847 725; x_wconf 86' lang='lat' dir='ltr'>habent</span> <span class='ocrx_word' id='word_1_15' title='bbox 2884 651 3033 726; x_wconf 92' lang='lat' dir='ltr'>hoc</span> <span class='ocrx_word' id='word_1_16' title='bbox 3063 673 3197 721; x_wconf 78' lang='lat' dir='ltr'>esse</span> <span class='ocrx_word' id='word_1_17' title='bbox 3227 673 3273 726; x_wconf 89' lang='lat' dir='ltr'>a</span> <span class='ocrx_word' id='word_1_18' title='bbox 3309 653 3480 724; x_wconf 89' lang='lat' dir='ltr'>sub-</span> 
     </span>
    </p>
   </div>
   <div class='ocr_carea' id='block_1_6' title="bbox 283 772 3481 866">
    <p class='ocr_par' dir='ltr' id='par_1_6' title="bbox 283 772 3481 866">
     <span class='ocr_line' id='line_1_6' title="bbox 283 772 3481 866; baseline -0 -23"><span class='ocrx_word' id='word_1_19' title='bbox 283 776 406 845; x_wconf 84' lang='lat' dir='ltr'>net</span> <span class='ocrx_word' id='word_1_20' title='bbox 444 774 896 866; x_wconf 89' lang='lat' dir='ltr'>subjectum</span> <span class='ocrx_word' id='word_1_21' title='bbox 941 776 1371 848; x_wconf 88' lang='lat' dir='ltr'>secundum</span> <span class='ocrx_word' id='word_1_22' title='bbox 1414 775 1819 847; x_wconf 90' lang='lat' dir='ltr'>actualem</span> <span class='ocrx_word' id='word_1_23' title='bbox 1925 773 2172 864; x_wconf 85' lang='lat' dir='ltr'>jectO,</span> <span class='ocrx_word' id='word_1_24' title='bbox 2218 772 2352 845; x_wconf 88' lang='lat' dir='ltr'>sed</span> <span class='ocrx_word' id='word_1_25' title='bbox 2393 773 2665 865; x_wconf 89' lang='lat' dir='ltr'>potius</span> <span class='ocrx_word' id='word_1_26' title='bbox 2714 772 3182 845; x_wconf 82' lang='lat' dir='ltr'>efficiuntur</span> <span class='ocrx_word' id='word_1_27' title='bbox 3223 791 3270 842; x_wconf 92' lang='lat' dir='ltr'>a</span> <span class='ocrx_word' id='word_1_28' title='bbox 3311 772 3481 844; x_wconf 88' lang='lat' dir='ltr'>suis</span> 
     </span>
    </p>
   </div>
   <div class='ocr_carea' id='block_1_7' title="bbox 284 889 1830 1316">
    <p class='ocr_par' dir='ltr' id='par_1_7' title="bbox 284 889 1824 1215">
     <span class='ocr_line' id='line_1_7' title="bbox 284 889 1822 983; baseline 0 -22"><span class='ocrx_word' id='word_1_29' title='bbox 284 889 834 972; x_wconf 85' lang='lat' dir='ltr'>existentiam;</span> <span class='ocrx_word' id='word_1_30' title='bbox 886 893 1019 964; x_wconf 91' lang='lat' dir='ltr'>sed</span> <span class='ocrx_word' id='word_1_31' title='bbox 1069 891 1437 964; x_wconf 77' lang='lat' dir='ltr'>caliditas</span> <span class='ocrx_word' id='word_1_32' title='bbox 1488 910 1822 983; x_wconf 87' lang='lat' dir='ltr'>corrup·</span> 
     </span>
     <span class='ocr_line' id='line_1_8' title="bbox 289 1006 1824 1098; baseline -0.002 -18"><span class='ocrx_word' id='word_1_33' title='bbox 289 1012 387 1086; x_wconf 82' lang='lat' dir='ltr'>ta,</span> <span class='ocrx_word' id='word_1_34' title='bbox 434 1010 512 1079; x_wconf 87' lang='lat' dir='ltr'>et</span> <span class='ocrx_word' id='word_1_35' title='bbox 562 1006 859 1079; x_wconf 85' lang='lat' dir='ltr'>iterum</span> <span class='ocrx_word' id='word_1_36' title='bbox 911 1012 1328 1098; x_wconf 78' lang='lat' dir='ltr'>generata,</span> <span class='ocrx_word' id='word_1_37' title='bbox 1383 1007 1679 1079; x_wconf 85' lang='lat' dir='ltr'>habent</span> <span class='ocrx_word' id='word_1_38' title='bbox 1718 1007 1824 1078; x_wconf 91' lang='lat' dir='ltr'>di-</span> 
     </span>
     <span class='ocr_line' id='line_1_9' title="bbox 289 1125 1821 1215; baseline -0.001 -21"><span class='ocrx_word' id='word_1_39' title='bbox 289 1144 610 1195; x_wconf 80' lang='lat' dir='ltr'>versum</span> <span class='ocrx_word' id='word_1_40' title='bbox 652 1146 830 1197; x_wconf 86' lang='lat' dir='ltr'>csse</span> <span class='ocrx_word' id='word_1_41' title='bbox 862 1125 1320 1199; x_wconf 74' lang='lat' dir='ltr'>existentiae</span> <span class='ocrx_word' id='word_1_42' title='bbox 1353 1153 1365 1194; x_wconf 90' lang='lat'>:</span> <span class='ocrx_word' id='word_1_43' title='bbox 1406 1145 1632 1215; x_wconf 82' lang='lat' dir='ltr'>erge,</span> <span class='ocrx_word' id='word_1_44' title='bbox 1670 1128 1821 1197; x_wconf 88' lang='lat' dir='ltr'>etc.</span> 
     </span>
    </p>

    <p class='ocr_par' dir='ltr' id='par_1_8' title="bbox 376 1242 1830 1316">
     <span class='ocr_line' id='line_1_10' title="bbox 376 1242 1830 1316; baseline -0.002 -5"><span class='ocrx_word' id='word_1_45' title='bbox 376 1243 520 1314; x_wconf 81' lang='lat' dir='ltr'>Est</span> <span class='ocrx_word' id='word_1_46' title='bbox 564 1246 835 1316; x_wconf 77' lang='lat' dir='ltr'>autem</span> <span class='ocrx_word' id='word_1_47' title='bbox 898 1242 1112 1314; x_wconf 83' lang='lat' dir='ltr'>aliud</span> <span class='ocrx_word' id='word_1_48' title='bbox 1161 1264 1338 1314; x_wconf 79' lang='lat' dir='ltr'>esse</span> <span class='ocrx_word' id='word_1_49' title='bbox 1394 1245 1830 1310; x_wconf 74' lang='lat' dir='ltr'>subsisleneioe</span> 
     </span>
    </p>
   </div>
   <div class='ocr_carea' id='block_1_8' title="bbox 56 1357 1823 1449">
    <p class='ocr_par' dir='ltr' id='par_1_9' title="bbox 56 1357 1823 1449">
     <span class='ocr_line' id='line_1_11' title="bbox 56 1357 1823 1449; baseline 0.003 -28"><span class='ocrx_word' id='word_1_50' title='bbox 56 1371 255 1440; x_wconf 53' lang='lat' dir='ltr'>quotum,</span> <span class='ocrx_word' id='word_1_51' title='bbox 295 1358 496 1449; x_wconf 83' lang='lat' dir='ltr'>quod</span> <span class='ocrx_word' id='word_1_52' title='bbox 550 1357 1087 1449; x_wconf 71' lang='lat' dir='ltr'>distinguitur</span> <span class='ocrx_word' id='word_1_53' title='bbox 1135 1362 1422 1432; x_wconf 88' lang='lat' dir='ltr'>contra</span> <span class='ocrx_word' id='word_1_54' title='bbox 1473 1362 1823 1441; x_wconf 62' lang='lat' dir='ltr'>inlacerere,</span> 
     </span>
    </p>
   </div>
   <div class='ocr_carea' id='block_1_9' title="bbox 91 1445 192 1492">
    <p class='ocr_par' dir='ltr' id='par_1_10' title="bbox 91 1445 192 1492">
     <span class='ocr_line' id='line_1_12' title="bbox 91 1445 192 1492; baseline -0.05 1"><span class='ocrx_word' id='word_1_55' title='bbox 91 1445 192 1492; x_wconf 64' lang='lat' dir='ltr'>bna.</span> 
     </span>
    </p>
   </div>
   <div class='ocr_carea' id='block_1_10' title="bbox 49 2845 260 2900">
    <p class='ocr_par' dir='ltr' id='par_1_11' title="bbox 49 2845 260 2900">
     <span class='ocr_line' id='line_1_13' title="bbox 49 2845 260 2900; baseline 0.019 -4"><span class='ocrx_word' id='word_1_56' title='bbox 49 2845 260 2900; x_wconf 69' lang='lat' dir='ltr'>&#39;ur-acci-</span> 
     </span>
    </p>
   </div>
   <div class='ocr_carea' id='block_1_11' title="bbox 290 1473 1845 2852">
    <p class='ocr_par' dir='ltr' id='par_1_12' title="bbox 290 1473 1841 2598">
     <span class='ocr_line' id='line_1_14' title="bbox 292 1473 1827 1567; baseline 0.002 -23"><span class='ocrx_word' id='word_1_57' title='bbox 292 1477 361 1545; x_wconf 86' lang='lat' dir='ltr'>et</span> <span class='ocrx_word' id='word_1_58' title='bbox 428 1473 573 1547; x_wconf 83' lang='lat' dir='ltr'>hoc</span> <span class='ocrx_word' id='word_1_59' title='bbox 622 1496 764 1567; x_wconf 84' lang='lat' dir='ltr'>per</span> <span class='ocrx_word' id='word_1_60' title='bbox 806 1498 889 1548; x_wconf 90' lang='lat' dir='ltr'>se</span> <span class='ocrx_word' id='word_1_61' title='bbox 934 1476 1313 1550; x_wconf 84' lang='lat' dir='ltr'>convenit</span> <span class='ocrx_word' id='word_1_62' title='bbox 1354 1475 1827 1549; x_wconf 79' lang='lat' dir='ltr'>substantiae</span> 
     </span>
     <span class='ocr_line' id='line_1_15' title="bbox 291 1590 1824 1685; baseline 0.002 -26"><span class='ocrx_word' id='word_1_63' title='bbox 291 1594 364 1663; x_wconf 85' lang='lat' dir='ltr'>ct</span> <span class='ocrx_word' id='word_1_64' title='bbox 432 1590 978 1664; x_wconf 84' lang='lat' dir='ltr'>accidentibus</span> <span class='ocrx_word' id='word_1_65' title='bbox 1051 1613 1192 1685; x_wconf 81' lang='lat' dir='ltr'>per</span> <span class='ocrx_word' id='word_1_66' title='bbox 1254 1591 1824 1672; x_wconf 88' lang='lat' dir='ltr'>substantiam,</span> 
     </span>
     <span class='ocr_line' id='line_1_16' title="bbox 291 1706 1832 1782; baseline 0.001 -6"><span class='ocrx_word' id='word_1_67' title='bbox 291 1706 461 1778; x_wconf 82' lang='lat' dir='ltr'>ideo</span> <span class='ocrx_word' id='word_1_68' title='bbox 519 1706 682 1779; x_wconf 87' lang='lat' dir='ltr'>tale</span> <span class='ocrx_word' id='word_1_69' title='bbox 751 1731 884 1776; x_wconf 78' lang='lat' dir='ltr'>esse</span> <span class='ocrx_word' id='word_1_70' title='bbox 924 1707 1218 1782; x_wconf 80' lang='lat' dir='ltr'>habent</span> <span class='ocrx_word' id='word_1_71' title='bbox 1278 1706 1722 1780; x_wconf 86' lang='lat' dir='ltr'>accidentia</span> <span class='ocrx_word' id='word_1_72' title='bbox 1785 1727 1832 1778; x_wconf 91' lang='lat' dir='ltr'>a</span> 
     </span>
     <span class='ocr_line' id='line_1_17' title="bbox 290 1823 1831 1916; baseline 0.001 -24"><span class='ocrx_word' id='word_1_73' title='bbox 290 1823 642 1914; x_wconf 81' lang='lat' dir='ltr'>subjecto</span> <span class='ocrx_word' id='word_1_74' title='bbox 680 1852 694 1894; x_wconf 92' lang='lat'>:</span> <span class='ocrx_word' id='word_1_75' title='bbox 732 1829 809 1896; x_wconf 90' lang='lat' dir='ltr'>et</span> <span class='ocrx_word' id='word_1_76' title='bbox 848 1825 1116 1897; x_wconf 84' lang='lat' dir='ltr'>omnia</span> <span class='ocrx_word' id='word_1_77' title='bbox 1151 1825 1619 1906; x_wconf 81' lang='lat' dir='ltr'>accidentia,</span> <span class='ocrx_word' id='word_1_78' title='bbox 1658 1845 1831 1916; x_wconf 81' lang='lat' dir='ltr'>quae</span> 
     </span>
     <span class='ocr_line' id='line_1_18' title="bbox 293 1942 1832 2036; baseline 0.002 -26"><span class='ocrx_word' id='word_1_79' title='bbox 293 1943 473 2013; x_wconf 86' lang='lat' dir='ltr'>sunt</span> <span class='ocrx_word' id='word_1_80' title='bbox 545 1942 624 2013; x_wconf 92' lang='lat' dir='ltr'>in</span> <span class='ocrx_word' id='word_1_81' title='bbox 692 1943 968 2015; x_wconf 88' lang='lat' dir='ltr'>eodem</span> <span class='ocrx_word' id='word_1_82' title='bbox 1043 1942 1446 2036; x_wconf 80' lang='lat' dir='ltr'>subjecto,</span> <span class='ocrx_word' id='word_1_83' title='bbox 1540 1943 1832 2013; x_wconf 83' lang='lat' dir='ltr'>habent</span> 
     </span>
     <span class='ocr_line' id='line_1_19' title="bbox 295 2057 1833 2151; baseline 0.003 -24"><span class='ocrx_word' id='word_1_84' title='bbox 295 2057 492 2129; x_wconf 88' lang='lat' dir='ltr'>idem</span> <span class='ocrx_word' id='word_1_85' title='bbox 538 2083 672 2126; x_wconf 78' lang='lat' dir='ltr'>esse</span> <span class='ocrx_word' id='word_1_86' title='bbox 722 2058 1293 2141; x_wconf 78' lang='lat' dir='ltr'>subsistentiae,</span> <span class='ocrx_word' id='word_1_87' title='bbox 1361 2059 1564 2151; x_wconf 83' lang='lat' dir='ltr'>quod</span> <span class='ocrx_word' id='word_1_88' title='bbox 1624 2080 1833 2131; x_wconf 90' lang='lat' dir='ltr'>com-</span> 
     </span>
     <span class='ocr_line' id='line_1_20' title="bbox 298 2172 1834 2267; baseline 0.002 -23"><span class='ocrx_word' id='word_1_89' title='bbox 298 2172 762 2246; x_wconf 86' lang='lat' dir='ltr'>municatur</span> <span class='ocrx_word' id='word_1_90' title='bbox 823 2174 939 2245; x_wconf 91' lang='lat' dir='ltr'>eis</span> <span class='ocrx_word' id='word_1_91' title='bbox 1002 2194 1047 2244; x_wconf 86' lang='lat' dir='ltr'>a</span> <span class='ocrx_word' id='word_1_92' title='bbox 1110 2174 1499 2267; x_wconf 79' lang='lat' dir='ltr'>subjecte,</span> <span class='ocrx_word' id='word_1_93' title='bbox 1549 2174 1627 2245; x_wconf 93' lang='lat' dir='ltr'>in</span> <span class='ocrx_word' id='word_1_94' title='bbox 1681 2195 1834 2267; x_wconf 85' lang='lat' dir='ltr'>quo</span> 
     </span>
     <span class='ocr_line' id='line_1_21' title="bbox 297 2290 1834 2383; baseline 0 -23"><span class='ocrx_word' id='word_1_95' title='bbox 297 2295 479 2363; x_wconf 87' lang='lat' dir='ltr'>sunt</span> <span class='ocrx_word' id='word_1_96' title='bbox 514 2319 529 2360; x_wconf 75' lang='grc' dir='ltr'>ε</span> <span class='ocrx_word' id='word_1_97' title='bbox 567 2294 645 2363; x_wconf 91' lang='lat' dir='ltr'>et</span> <span class='ocrx_word' id='word_1_98' title='bbox 685 2291 894 2364; x_wconf 91' lang='lat' dir='ltr'>sicut</span> <span class='ocrx_word' id='word_1_99' title='bbox 937 2290 1386 2383; x_wconf 84' lang='lat' dir='ltr'>subjectum</span> <span class='ocrx_word' id='word_1_100' title='bbox 1421 2295 1546 2363; x_wconf 88' lang='lat' dir='ltr'>est</span> <span class='ocrx_word' id='word_1_101' title='bbox 1590 2312 1834 2362; x_wconf 86' lang='lat' dir='ltr'>unum</span> 
     </span>
     <span class='ocr_line' id='line_1_22' title="bbox 299 2407 1841 2489; baseline 0 -11"><span class='ocrx_word' id='word_1_102' title='bbox 299 2411 368 2479; x_wconf 84' lang='lat' dir='ltr'>et</span> <span class='ocrx_word' id='word_1_103' title='bbox 412 2407 645 2489; x_wconf 90' lang='lat' dir='ltr'>idem,</span> <span class='ocrx_word' id='word_1_104' title='bbox 683 2407 799 2480; x_wconf 91' lang='lat' dir='ltr'>sic</span> <span class='ocrx_word' id='word_1_105' title='bbox 833 2407 1366 2480; x_wconf 85' lang='lat' dir='ltr'>accidentium</span> <span class='ocrx_word' id='word_1_106' title='bbox 1402 2408 1841 2481; x_wconf 82' lang='lat' dir='ltr'>subsisten-</span> 
     </span>
     <span class='ocr_line' id='line_1_23' title="bbox 299 2524 1292 2598; baseline -0.002 -1"><span class='ocrx_word' id='word_1_107' title='bbox 299 2524 408 2597; x_wconf 84' lang='lat' dir='ltr'>tia</span> <span class='ocrx_word' id='word_1_108' title='bbox 436 2529 564 2598; x_wconf 87' lang='lat' dir='ltr'>est</span> <span class='ocrx_word' id='word_1_109' title='bbox 607 2525 880 2597; x_wconf 88' lang='lat' dir='ltr'>eadem</span> <span class='ocrx_word' id='word_1_110' title='bbox 923 2545 1292 2597; x_wconf 87' lang='lat' dir='ltr'>numero.</span> 
     </span>
    </p>

    <p class='ocr_par' dir='ltr' id='par_1_13' title="bbox 380 2641 1845 2852">
     <span class='ocr_line' id='line_1_24' title="bbox 380 2641 1841 2733; baseline 0.001 -22"><span class='ocrx_word' id='word_1_111' title='bbox 380 2642 577 2715; x_wconf 79' lang='lat' dir='ltr'>Viso</span> <span class='ocrx_word' id='word_1_112' title='bbox 638 2661 861 2733; x_wconf 80' lang='lat' dir='ltr'>ergo,</span> <span class='ocrx_word' id='word_1_113' title='bbox 917 2641 1123 2733; x_wconf 90' lang='lat' dir='ltr'>quod</span> <span class='ocrx_word' id='word_1_114' title='bbox 1193 2641 1560 2714; x_wconf 87' lang='lat' dir='ltr'>accidens</span> <span class='ocrx_word' id='word_1_115' title='bbox 1603 2641 1841 2713; x_wconf 80' lang='lat' dir='ltr'>hahet</span> 
     </span>
     <span class='ocr_line' id='line_1_25' title="bbox 499 2758 1845 2852; baseline 0 -22"><span class='ocrx_word' id='word_1_116' title='bbox 499 2758 1048 2832; x_wconf 60' lang='lat' dir='ltr'>subsistentia}</span> <span class='ocrx_word' id='word_1_117' title='bbox 1119 2780 1164 2829; x_wconf 89' lang='lat' dir='ltr'>a</span> <span class='ocrx_word' id='word_1_118' title='bbox 1235 2760 1631 2852; x_wconf 81' lang='lat' dir='ltr'>subjecto;</span> <span class='ocrx_word' id='word_1_119' title='bbox 1713 2785 1845 2830; x_wconf 77' lang='lat' dir='ltr'>esse</span> 
     </span>
    </p>
   </div>
   <div class='ocr_carea' id='block_1_12' title="bbox 53 2874 1844 2961">
    <p class='ocr_par' dir='ltr' id='par_1_14' title="bbox 53 2874 1844 2961">
     <span class='ocr_line' id='line_1_26' title="bbox 53 2874 1844 2961; baseline -0.005 -5"><span class='ocrx_word' id='word_1_120' title='bbox 53 2911 241 2961; x_wconf 49' lang='lat' dir='ltr'>arm-ar</span> <span class='ocrx_word' id='word_1_121' title='bbox 305 2895 498 2948; x_wconf 78' lang='lat' dir='ltr'>vero</span> <span class='ocrx_word' id='word_1_122' title='bbox 557 2874 1015 2948; x_wconf 61' lang='lat' dir='ltr'>existentia»</span> <span class='ocrx_word' id='word_1_123' title='bbox 1077 2875 1175 2946; x_wconf 83' lang='lat' dir='ltr'>ab</span> <span class='ocrx_word' id='word_1_124' title='bbox 1234 2881 1416 2949; x_wconf 87' lang='lat' dir='ltr'>actu</span> <span class='ocrx_word' id='word_1_125' title='bbox 1482 2898 1625 2947; x_wconf 88' lang='lat' dir='ltr'>suo</span> <span class='ocrx_word' id='word_1_126' title='bbox 1686 2877 1844 2948; x_wconf 83' lang='lat' dir='ltr'>for·</span> 
     </span>
    </p>
   </div>
   <div class='ocr_carea' id='block_1_13' title="bbox 57 3163 98 3241">
    <p class='ocr_par' dir='ltr' id='par_1_15' title="bbox 57 3163 98 3241">
     <span class='ocr_line' id='line_1_27' title="bbox 57 3163 98 3241; baseline 0 0"><span class='ocrx_word' id='word_1_127' title='bbox 57 3163 98 3241; x_wconf 65' lang='lat' dir='ltr'>P·</span> 
     </span>
    </p>
   </div>
   <div class='ocr_carea' id='block_1_14' title="bbox 55 3099 589 3182">
    <p class='ocr_par' dir='ltr' id='par_1_16' title="bbox 55 3099 589 3182">
     <span class='ocr_line' id='line_1_28' title="bbox 55 3099 589 3182; baseline 0.019 -10"><span class='ocrx_word' id='word_1_128' title='bbox 55 3099 206 3172; x_wconf 56' lang='lat' dir='ltr'>*Supra</span> <span class='ocrx_word' id='word_1_129' title='bbox 231 3127 277 3163; x_wconf 79' lang='lat'>1¹·</span> <span class='ocrx_word' id='word_1_130' title='bbox 307 3109 508 3182; x_wconf 87' lang='lat' dir='ltr'>alias</span> <span class='ocrx_word' id='word_1_131' title='bbox 568 3112 589 3134; x_wconf 77' lang='lat'><em>⁶</em></span> 
     </span>
    </p>
   </div>
   <div class='ocr_carea' id='block_1_15' title="bbox 61 3742 226 6356">
    <p class='ocr_par' dir='ltr' id='par_1_17' title="bbox 61 3742 226 6356">
     <span class='ocr_line' id='line_1_29' title="bbox 61 3742 226 6356; baseline 0 0"><span class='ocrx_word' id='word_1_132' title='bbox 61 3742 226 6356; x_wconf 95' lang='lat' dir='ltr'> </span> 
     </span>
    </p>
   </div>
   <div class='ocr_carea' id='block_1_16' title="bbox 307 2992 1858 4843">
    <p class='ocr_par' dir='ltr' id='par_1_18' title="bbox 307 2992 1858 4843">
     <span class='ocr_line' id='line_1_30' title="bbox 312 2992 1845 3085; baseline 0.001 -21"><span class='ocrx_word' id='word_1_133' title='bbox 312 2992 523 3074; x_wconf 87' lang='lat' dir='ltr'>mali,</span> <span class='ocrx_word' id='word_1_134' title='bbox 593 3013 734 3085; x_wconf 86' lang='lat' dir='ltr'>per</span> <span class='ocrx_word' id='word_1_135' title='bbox 805 3013 1039 3084; x_wconf 86' lang='lat' dir='ltr'>quem</span> <span class='ocrx_word' id='word_1_136' title='bbox 1110 2994 1664 3066; x_wconf 83' lang='lat' dir='ltr'>essentialiter</span> <span class='ocrx_word' id='word_1_137' title='bbox 1730 2998 1845 3082; x_wconf 89' lang='lat' dir='ltr'>(ut</span> 
     </span>
     <span class='ocr_line' id='line_1_31' title="bbox 655 3108 1847 3192; baseline 0.003 -11"><span class='ocrx_word' id='word_1_138' title='bbox 655 3110 922 3181; x_wconf 72' lang='lat' dir='ltr'>visum</span> <span class='ocrx_word' id='word_1_139' title='bbox 991 3113 1141 3192; x_wconf 86' lang='lat' dir='ltr'>est)</span> <span class='ocrx_word' id='word_1_140' title='bbox 1212 3108 1449 3183; x_wconf 85' lang='lat' dir='ltr'>habet</span> <span class='ocrx_word' id='word_1_141' title='bbox 1506 3136 1661 3192; x_wconf 80' lang='lat' dir='ltr'>esse,</span> <span class='ocrx_word' id='word_1_142' title='bbox 1734 3112 1847 3184; x_wconf 83' lang='lat' dir='ltr'>ita</span> 
     </span>
     <span class='ocr_line' id='line_1_32' title="bbox 308 3226 1848 3319; baseline 0.006 -25"><span class='ocrx_word' id='word_1_143' title='bbox 308 3228 508 3318; x_wconf 87' lang='lat' dir='ltr'>quod</span> <span class='ocrx_word' id='word_1_144' title='bbox 552 3226 1004 3319; x_wconf 89' lang='lat' dir='ltr'>subjectum</span> <span class='ocrx_word' id='word_1_145' title='bbox 1041 3228 1479 3300; x_wconf 86' lang='lat' dir='ltr'>accidentis</span> <span class='ocrx_word' id='word_1_146' title='bbox 1522 3250 1681 3300; x_wconf 93' lang='lat' dir='ltr'>non</span> <span class='ocrx_word' id='word_1_147' title='bbox 1714 3230 1848 3303; x_wconf 84' lang='lat' dir='ltr'>dat</span> 
     </span>
     <span class='ocr_line' id='line_1_33' title="bbox 308 3343 1848 3437; baseline 0.002 -25"><span class='ocrx_word' id='word_1_148' title='bbox 308 3343 867 3416; x_wconf 75' lang='lat' dir='ltr'>actualitatem</span> <span class='ocrx_word' id='word_1_149' title='bbox 902 3344 1382 3425; x_wconf 67' lang='lat' dir='ltr'>existentiae,</span> <span class='ocrx_word' id='word_1_150' title='bbox 1423 3346 1554 3417; x_wconf 89' lang='lat' dir='ltr'>sed</span> <span class='ocrx_word' id='word_1_151' title='bbox 1590 3345 1848 3437; x_wconf 81' lang='lat' dir='ltr'>ipsam</span> 
     </span>
     <span class='ocr_line' id='line_1_34' title="bbox 307 3463 1849 3542; baseline 0.003 -12"><span class='ocrx_word' id='word_1_152' title='bbox 307 3465 736 3533; x_wconf 85' lang='lat' dir='ltr'>conservat</span> <span class='ocrx_word' id='word_1_153' title='bbox 793 3464 872 3532; x_wconf 92' lang='lat' dir='ltr'>et</span> <span class='ocrx_word' id='word_1_154' title='bbox 943 3464 1386 3542; x_wconf 80' lang='lat' dir='ltr'>sustentat3</span> <span class='ocrx_word' id='word_1_155' title='bbox 1430 3463 1849 3534; x_wconf 83' lang='lat' dir='ltr'>videndum</span> 
     </span>
     <span class='ocr_line' id='line_1_35' title="bbox 309 3578 1854 3671; baseline -0.001 -24"><span class='ocrx_word' id='word_1_156' title='bbox 309 3584 423 3651; x_wconf 87' lang='lat' dir='ltr'>est</span> <span class='ocrx_word' id='word_1_157' title='bbox 493 3578 753 3669; x_wconf 82' lang='lat' dir='ltr'>igitur</span> <span class='ocrx_word' id='word_1_158' title='bbox 825 3600 966 3670; x_wconf 88' lang='lat' dir='ltr'>per</span> <span class='ocrx_word' id='word_1_159' title='bbox 1027 3579 1231 3671; x_wconf 83' lang='lat' dir='ltr'>quod</span> <span class='ocrx_word' id='word_1_160' title='bbox 1304 3579 1648 3651; x_wconf 85' lang='lat' dir='ltr'>istorum</span> <span class='ocrx_word' id='word_1_161' title='bbox 1721 3604 1854 3647; x_wconf 73' lang='lat' dir='ltr'>esse</span> 
     </span>
     <span class='ocr_line' id='line_1_36' title="bbox 311 3696 1851 3770; baseline 0.002 -5"><span class='ocrx_word' id='word_1_162' title='bbox 311 3696 672 3768; x_wconf 90' lang='lat' dir='ltr'>accidens</span> <span class='ocrx_word' id='word_1_163' title='bbox 716 3700 1220 3769; x_wconf 70' lang='lat' dir='ltr'>numeretur.</span> <span class='ocrx_word' id='word_1_164' title='bbox 1273 3700 1368 3769; x_wconf 78' lang='lat' dir='ltr'>Et</span> <span class='ocrx_word' id='word_1_165' title='bbox 1414 3699 1480 3770; x_wconf 94' lang='lat' dir='ltr'>si</span> <span class='ocrx_word' id='word_1_166' title='bbox 1523 3700 1611 3770; x_wconf 88' lang='lat' dir='ltr'>‹le</span> <span class='ocrx_word' id='word_1_167' title='bbox 1649 3697 1851 3768; x_wconf 89' lang='lat' dir='ltr'>acci-</span> 
     </span>
     <span class='ocr_line' id='line_1_37' title="bbox 309 3813 1850 3908; baseline 0.003 -25"><span class='ocrx_word' id='word_1_168' title='bbox 309 3813 671 3887; x_wconf 87' lang='lat' dir='ltr'>dentibus</span> <span class='ocrx_word' id='word_1_169' title='bbox 702 3813 1045 3886; x_wconf 89' lang='lat' dir='ltr'>diversis</span> <span class='ocrx_word' id='word_1_170' title='bbox 1082 3816 1345 3908; x_wconf 77' lang='lat' dir='ltr'>specie</span> <span class='ocrx_word' id='word_1_171' title='bbox 1382 3821 1850 3906; x_wconf 51' lang='lat' dir='ltr'>quaeratur?</span> 
     </span>
     <span class='ocr_line' id='line_1_38' title="bbox 317 3930 1856 4022; baseline 0.003 -22"><span class='ocrx_word' id='word_1_172' title='bbox 317 3930 635 4021; x_wconf 87' lang='lat' dir='ltr'>planum</span> <span class='ocrx_word' id='word_1_173' title='bbox 679 3936 827 4011; x_wconf 89' lang='lat' dir='ltr'>est,</span> <span class='ocrx_word' id='word_1_174' title='bbox 867 3933 1072 4022; x_wconf 80' lang='lat' dir='ltr'>quod</span> <span class='ocrx_word' id='word_1_175' title='bbox 1114 3953 1271 4003; x_wconf 87' lang='lat' dir='ltr'>nou</span> <span class='ocrx_word' id='word_1_176' title='bbox 1314 3938 1856 4007; x_wconf 72' lang='lat' dir='ltr'>numerantur</span> 
     </span>
     <span class='ocr_line' id='line_1_39' title="bbox 317 4050 1855 4141; baseline 0.003 -24"><span class='ocrx_word' id='word_1_177' title='bbox 317 4067 452 4137; x_wconf 89' lang='lat' dir='ltr'>per</span> <span class='ocrx_word' id='word_1_178' title='bbox 529 4069 639 4128; x_wconf 89' lang='lat' dir='ltr'>se,</span> <span class='ocrx_word' id='word_1_179' title='bbox 721 4053 801 4122; x_wconf 91' lang='lat' dir='ltr'>et</span> <span class='ocrx_word' id='word_1_180' title='bbox 870 4050 1135 4140; x_wconf 89' lang='lat' dir='ltr'>primo</span> <span class='ocrx_word' id='word_1_181' title='bbox 1208 4070 1351 4141; x_wconf 82' lang='lat' dir='ltr'>per</span> <span class='ocrx_word' id='word_1_182' title='bbox 1426 4072 1855 4122; x_wconf 88' lang='lat' dir='ltr'>numerum</span> 
     </span>
     <span class='ocr_line' id='line_1_40' title="bbox 320 4164 1856 4261; baseline 0.006 -30"><span class='ocrx_word' id='word_1_183' title='bbox 320 4164 864 4255; x_wconf 77' lang='lat' dir='ltr'>subjectorum</span> <span class='ocrx_word' id='word_1_184' title='bbox 952 4165 1477 4239; x_wconf 86' lang='lat' dir='ltr'>existentium</span> <span class='ocrx_word' id='word_1_185' title='bbox 1567 4196 1578 4238; x_wconf 77' lang='grc' dir='ltr'>ε</span> <span class='ocrx_word' id='word_1_186' title='bbox 1670 4169 1856 4261; x_wconf 79' lang='lat' dir='ltr'>quia</span> 
     </span>
     <span class='ocr_line' id='line_1_41' title="bbox 321 4281 1857 4378; baseline 0.004 -27"><span class='ocrx_word' id='word_1_187' title='bbox 321 4283 500 4354; x_wconf 91' lang='lat' dir='ltr'>tunc</span> <span class='ocrx_word' id='word_1_188' title='bbox 569 4281 642 4352; x_wconf 92' lang='lat' dir='ltr'>in</span> <span class='ocrx_word' id='word_1_189' title='bbox 705 4283 979 4353; x_wconf 91' lang='lat' dir='ltr'>eodem</span> <span class='ocrx_word' id='word_1_190' title='bbox 1042 4283 1403 4375; x_wconf 80' lang='lat' dir='ltr'>subjecto</span> <span class='ocrx_word' id='word_1_191' title='bbox 1463 4305 1620 4356; x_wconf 91' lang='lat' dir='ltr'>non</span> <span class='ocrx_word' id='word_1_192' title='bbox 1685 4307 1857 4378; x_wconf 79' lang='lat' dir='ltr'>pos-</span> 
     </span>
     <span class='ocr_line' id='line_1_42' title="bbox 322 4398 1858 4474; baseline 0.005 -9"><span class='ocrx_word' id='word_1_193' title='bbox 322 4402 490 4470; x_wconf 88' lang='lat' dir='ltr'>sent</span> <span class='ocrx_word' id='word_1_194' title='bbox 530 4420 710 4469; x_wconf 86' lang='lat' dir='ltr'>esse</span> <span class='ocrx_word' id='word_1_195' title='bbox 765 4398 1007 4469; x_wconf 89' lang='lat' dir='ltr'>simul</span> <span class='ocrx_word' id='word_1_196' title='bbox 1049 4400 1368 4472; x_wconf 75' lang='lat' dir='ltr'>diversa</span> <span class='ocrx_word' id='word_1_197' title='bbox 1414 4401 1858 4474; x_wconf 84' lang='lat' dir='ltr'>accidentia</span> 
     </span>
     <span class='ocr_line' id='line_1_43' title="bbox 323 4514 1851 4609; baseline 0.006 -30"><span class='ocrx_word' id='word_1_198' title='bbox 323 4531 653 4585; x_wconf 86' lang='lat' dir='ltr'>numero</span> <span class='ocrx_word' id='word_1_199' title='bbox 757 4514 1267 4587; x_wconf 77' lang='lat' dir='ltr'>diversarum</span> <span class='ocrx_word' id='word_1_200' title='bbox 1371 4519 1851 4609; x_wconf 81' lang='lat' dir='ltr'>specierum,</span> 
     </span>
     <span class='ocr_line' id='line_1_44' title="bbox 326 4630 1858 4723; baseline 0.003 -24"><span class='ocrx_word' id='word_1_201' title='bbox 326 4630 520 4718; x_wconf 82' lang='lat' dir='ltr'>quod</span> <span class='ocrx_word' id='word_1_202' title='bbox 592 4634 813 4723; x_wconf 85' lang='lat' dir='ltr'>patet</span> <span class='ocrx_word' id='word_1_203' title='bbox 864 4653 1039 4703; x_wconf 89' lang='lat' dir='ltr'>csse</span> <span class='ocrx_word' id='word_1_204' title='bbox 1103 4633 1394 4704; x_wconf 83' lang='lat' dir='ltr'>falsum</span> <span class='ocrx_word' id='word_1_205' title='bbox 1451 4661 1462 4703; x_wconf 90' lang='lat'>:</span> <span class='ocrx_word' id='word_1_206' title='bbox 1513 4656 1654 4706; x_wconf 88' lang='lat' dir='ltr'>nec</span> <span class='ocrx_word' id='word_1_207' title='bbox 1725 4656 1858 4705; x_wconf 87' lang='lat' dir='ltr'>nn-</span> 
     </span>
     <span class='ocr_line' id='line_1_45' title="bbox 331 4749 1855 4843; baseline 0.005 -28"><span class='ocrx_word' id='word_1_208' title='bbox 331 4752 744 4820; x_wconf 85' lang='lat' dir='ltr'>merantur</span> <span class='ocrx_word' id='word_1_209' title='bbox 832 4768 975 4840; x_wconf 85' lang='lat' dir='ltr'>per</span> <span class='ocrx_word' id='word_1_210' title='bbox 1053 4749 1500 4843; x_wconf 88' lang='lat' dir='ltr'>subjectum</span> <span class='ocrx_word' id='word_1_211' title='bbox 1584 4774 1855 4833; x_wconf 88' lang='lat' dir='ltr'>unum,</span> 
     </span>
    </p>
   </div>
   <div class='ocr_carea' id='block_1_17' title="bbox 331 4861 1867 5075">
    <p class='ocr_par' dir='ltr' id='par_1_19' title="bbox 331 4861 1867 5075">
     <span class='ocr_line' id='line_1_46' title="bbox 331 4861 1866 4962; baseline 0.01 -37"><span class='ocrx_word' id='word_1_212' title='bbox 331 4861 504 4950; x_wconf 83' lang='lat' dir='ltr'>quia</span> <span class='ocrx_word' id='word_1_213' title='bbox 553 4884 692 4955; x_wconf 86' lang='lat' dir='ltr'>per</span> <span class='ocrx_word' id='word_1_214' title='bbox 734 4864 930 4935; x_wconf 91' lang='lat' dir='ltr'>illud</span> <span class='ocrx_word' id='word_1_215' title='bbox 979 4887 1162 4938; x_wconf 89' lang='lat' dir='ltr'>cum</span> <span class='ocrx_word' id='word_1_216' title='bbox 1226 4867 1331 4940; x_wconf 87' lang='lat' dir='ltr'>sit</span> <span class='ocrx_word' id='word_1_217' title='bbox 1393 4888 1663 4950; x_wconf 92' lang='lat' dir='ltr'>unum,</span> <span class='ocrx_word' id='word_1_218' title='bbox 1731 4890 1866 4962; x_wconf 85' lang='lat' dir='ltr'>po-</span> 
     </span>
     <span class='ocr_line' id='line_1_47' title="bbox 332 4976 1867 5075; baseline 0.006 -28"><span class='ocrx_word' id='word_1_219' title='bbox 332 4976 483 5049; x_wconf 87' lang='lat' dir='ltr'>tius</span> <span class='ocrx_word' id='word_1_220' title='bbox 525 4976 917 5053; x_wconf 83' lang='lat' dir='ltr'>haberent</span> <span class='ocrx_word' id='word_1_221' title='bbox 967 4981 1391 5066; x_wconf 87' lang='lat' dir='ltr'>unitatem,</span> <span class='ocrx_word' id='word_1_222' title='bbox 1439 5004 1677 5075; x_wconf 86' lang='lat' dir='ltr'>quam</span> <span class='ocrx_word' id='word_1_223' title='bbox 1729 5006 1867 5056; x_wconf 89' lang='lat' dir='ltr'>nu-</span> 
     </span>
    </p>
   </div>
   <div class='ocr_carea' id='block_1_18' title="bbox 1936 888 3515 4257">
    <p class='ocr_par' dir='ltr' id='par_1_20' title="bbox 1936 888 3515 4257">
     <span class='ocr_line' id='line_1_48' title="bbox 1936 888 3481 982; baseline -0.001 -20"><span class='ocrx_word' id='word_1_224' title='bbox 1936 891 2391 982; x_wconf 68' lang='lat' dir='ltr'>agentibi1S‚</span> <span class='ocrx_word' id='word_1_225' title='bbox 2426 890 2551 962; x_wconf 87' lang='lat' dir='ltr'>vel</span> <span class='ocrx_word' id='word_1_226' title='bbox 2595 912 2641 963; x_wconf 90' lang='lat' dir='ltr'>a</span> <span class='ocrx_word' id='word_1_227' title='bbox 2683 889 3285 982; x_wconf 54' lang='lat' dir='ltr'>generantibus</span> <span class='ocrx_word' id='word_1_228' title='bbox 3322 888 3481 962; x_wconf 86' lang='lat' dir='ltr'>sor·</span> 
     </span>
     <span class='ocr_line' id='line_1_49' title="bbox 1942 1006 3486 1083; baseline 0 -4"><span class='ocrx_word' id='word_1_229' title='bbox 1942 1009 2271 1080; x_wconf 86' lang='lat' dir='ltr'>malitcr</span> <span class='ocrx_word' id='word_1_230' title='bbox 2308 1029 2506 1082; x_wconf 88' lang='lat' dir='ltr'>vcro</span> <span class='ocrx_word' id='word_1_231' title='bbox 2542 1007 2836 1083; x_wconf 88' lang='lat' dir='ltr'>habent</span> <span class='ocrx_word' id='word_1_232' title='bbox 2866 1031 3000 1076; x_wconf 78' lang='lat' dir='ltr'>esse</span> <span class='ocrx_word' id='word_1_233' title='bbox 3029 1006 3180 1080; x_wconf 87' lang='lat' dir='ltr'>hoc</span> <span class='ocrx_word' id='word_1_234' title='bbox 3221 1028 3319 1078; x_wconf 88' lang='lat' dir='ltr'>ex</span> <span class='ocrx_word' id='word_1_235' title='bbox 3352 1026 3486 1079; x_wconf 86' lang='lat' dir='ltr'>ac-</span> 
     </span>
     <span class='ocr_line' id='line_1_50' title="bbox 1941 1122 3487 1206; baseline -0.001 -11"><span class='ocrx_word' id='word_1_236' title='bbox 1941 1124 2320 1198; x_wconf 88' lang='lat' dir='ltr'>tualitate</span> <span class='ocrx_word' id='word_1_237' title='bbox 2360 1123 2858 1206; x_wconf 54' lang='lat' dir='ltr'>existentiam</span> <span class='ocrx_word' id='word_1_238' title='bbox 2908 1122 3080 1196; x_wconf 89' lang='lat' dir='ltr'>idco</span> <span class='ocrx_word' id='word_1_239' title='bbox 3122 1122 3487 1195; x_wconf 88' lang='lat' dir='ltr'>acciden-</span> 
     </span>
     <span class='ocr_line' id='line_1_51' title="bbox 1941 1238 3489 1333; baseline -0.003 -18"><span class='ocrx_word' id='word_1_240' title='bbox 1941 1240 2057 1315; x_wconf 90' lang='lat' dir='ltr'>tia</span> <span class='ocrx_word' id='word_1_241' title='bbox 2096 1240 2417 1313; x_wconf 80' lang='lat' dir='ltr'>diversa</span> <span class='ocrx_word' id='word_1_242' title='bbox 2459 1241 2722 1333; x_wconf 85' lang='lat' dir='ltr'>specie</span> <span class='ocrx_word' id='word_1_243' title='bbox 2753 1261 2912 1313; x_wconf 92' lang='lat' dir='ltr'>non</span> <span class='ocrx_word' id='word_1_244' title='bbox 2948 1238 3489 1332; x_wconf 84' lang='lat' dir='ltr'>multiplican-</span> 
     </span>
     <span class='ocr_line' id='line_1_52' title="bbox 1942 1360 3493 1450; baseline -0.005 -17"><span class='ocrx_word' id='word_1_245' title='bbox 1942 1364 2103 1442; x_wconf 90' lang='lat' dir='ltr'>tur,</span> <span class='ocrx_word' id='word_1_246' title='bbox 2155 1379 2298 1432; x_wconf 90' lang='lat' dir='ltr'>nec</span> <span class='ocrx_word' id='word_1_247' title='bbox 2350 1360 2891 1430; x_wconf 83' lang='lat' dir='ltr'>numerantur</span> <span class='ocrx_word' id='word_1_248' title='bbox 2932 1378 3076 1450; x_wconf 88' lang='lat' dir='ltr'>per</span> <span class='ocrx_word' id='word_1_249' title='bbox 3115 1375 3493 1428; x_wconf 86' lang='lat' dir='ltr'>numera-</span> 
     </span>
     <span class='ocr_line' id='line_1_53' title="bbox 1946 1474 3494 1567; baseline -0.004 -18"><span class='ocrx_word' id='word_1_250' title='bbox 1946 1476 2251 1549; x_wconf 88' lang='lat' dir='ltr'>tionem</span> <span class='ocrx_word' id='word_1_251' title='bbox 2308 1476 2887 1567; x_wconf 83' lang='lat' dir='ltr'>subjectorum,</span> <span class='ocrx_word' id='word_1_252' title='bbox 2949 1474 3080 1546; x_wconf 90' lang='lat' dir='ltr'>sed</span> <span class='ocrx_word' id='word_1_253' title='bbox 3143 1493 3288 1566; x_wconf 86' lang='lat' dir='ltr'>per</span> <span class='ocrx_word' id='word_1_254' title='bbox 3348 1492 3494 1544; x_wconf 93' lang='lat' dir='ltr'>sua</span> 
     </span>
     <span class='ocr_line' id='line_1_54' title="bbox 1946 1592 3486 1681; baseline -0.004 -19"><span class='ocrx_word' id='word_1_255' title='bbox 1946 1618 2081 1664; x_wconf 78' lang='lat' dir='ltr'>esse</span> <span class='ocrx_word' id='word_1_256' title='bbox 2111 1593 2492 1667; x_wconf 82' lang='lat' dir='ltr'>actualia.</span> <span class='ocrx_word' id='word_1_257' title='bbox 2541 1596 2640 1666; x_wconf 75' lang='lat' dir='ltr'>Et</span> <span class='ocrx_word' id='word_1_258' title='bbox 2672 1592 2837 1664; x_wconf 82' lang='lat' dir='ltr'>dixi</span> <span class='ocrx_word' id='word_1_259' title='bbox 2865 1595 3113 1681; x_wconf 77' lang='lat' dir='ltr'>prime,</span> <span class='ocrx_word' id='word_1_260' title='bbox 3149 1604 3209 1658; x_wconf 78' lang='lat' dir='ltr'>et</span> <span class='ocrx_word' id='word_1_261' title='bbox 3236 1613 3361 1679; x_wconf 82' lang='lat' dir='ltr'>per</span> <span class='ocrx_word' id='word_1_262' title='bbox 3396 1613 3486 1672; x_wconf 76' lang='lat' dir='ltr'>se,</span> 
     </span>
     <span class='ocr_line' id='line_1_55' title="bbox 1948 1705 3492 1804; baseline -0.003 -23"><span class='ocrx_word' id='word_1_263' title='bbox 1948 1710 2137 1804; x_wconf 85' lang='lat' dir='ltr'>quia</span> <span class='ocrx_word' id='word_1_264' title='bbox 2170 1732 2353 1783; x_wconf 91' lang='lat' dir='ltr'>cum</span> <span class='ocrx_word' id='word_1_265' title='bbox 2385 1710 2707 1783; x_wconf 82' lang='lat' dir='ltr'>diversa</span> <span class='ocrx_word' id='word_1_266' title='bbox 2739 1706 3188 1782; x_wconf 89' lang='lat' dir='ltr'>accidentia</span> <span class='ocrx_word' id='word_1_267' title='bbox 3229 1705 3492 1799; x_wconf 90' lang='lat' dir='ltr'>specie</span> 
     </span>
     <span class='ocr_line' id='line_1_56' title="bbox 1947 1823 3493 1914; baseline -0.003 -15"><span class='ocrx_word' id='word_1_268' title='bbox 1947 1827 2386 1901; x_wconf 82' lang='lat' dir='ltr'>actualiter</span> <span class='ocrx_word' id='word_1_269' title='bbox 2438 1828 2599 1901; x_wconf 87' lang='lat' dir='ltr'>sint</span> <span class='ocrx_word' id='word_1_270' title='bbox 2655 1827 2730 1898; x_wconf 92' lang='lat' dir='ltr'>in</span> <span class='ocrx_word' id='word_1_271' title='bbox 2778 1824 3122 1898; x_wconf 85' lang='lat' dir='ltr'>diversis</span> <span class='ocrx_word' id='word_1_272' title='bbox 3184 1823 3493 1914; x_wconf 82' lang='lat' dir='ltr'>subjec-</span> 
     </span>
     <span class='ocr_line' id='line_1_57' title="bbox 1948 1941 3492 2035; baseline -0.006 -16"><span class='ocrx_word' id='word_1_273' title='bbox 1948 1945 2079 2026; x_wconf 90' lang='lat' dir='ltr'>tis,</span> <span class='ocrx_word' id='word_1_274' title='bbox 2134 1966 2460 2018; x_wconf 87' lang='lat' dir='ltr'>necesse</span> <span class='ocrx_word' id='word_1_275' title='bbox 2502 1948 2627 2018; x_wconf 93' lang='lat' dir='ltr'>est</span> <span class='ocrx_word' id='word_1_276' title='bbox 2672 1943 2877 2035; x_wconf 89' lang='lat' dir='ltr'>quod</span> <span class='ocrx_word' id='word_1_277' title='bbox 2923 1942 3004 2014; x_wconf 95' lang='lat' dir='ltr'>in</span> <span class='ocrx_word' id='word_1_278' title='bbox 3052 1941 3169 2014; x_wconf 89' lang='lat' dir='ltr'>eis</span> <span class='ocrx_word' id='word_1_279' title='bbox 3223 1960 3492 2013; x_wconf 91' lang='lat' dir='ltr'>nume-</span> 
     </span>
     <span class='ocr_line' id='line_1_58' title="bbox 1952 2056 3493 2134; baseline -0.003 -1"><span class='ocrx_word' id='word_1_280' title='bbox 1952 2065 2240 2134; x_wconf 85' lang='lat' dir='ltr'>rentur</span> <span class='ocrx_word' id='word_1_281' title='bbox 2309 2061 2739 2134; x_wconf 90' lang='lat' dir='ltr'>sccundum</span> <span class='ocrx_word' id='word_1_282' title='bbox 2808 2079 3242 2131; x_wconf 90' lang='lat' dir='ltr'>numerum</span> <span class='ocrx_word' id='word_1_283' title='bbox 3311 2056 3493 2129; x_wconf 90' lang='lat' dir='ltr'>sub-</span> 
     </span>
     <span class='ocr_line' id='line_1_59' title="bbox 1942 2174 3498 2271; baseline -0.003 -22"><span class='ocrx_word' id='word_1_284' title='bbox 1942 2179 2354 2271; x_wconf 84' lang='lat' dir='ltr'>jectorum</span> <span class='ocrx_word' id='word_1_285' title='bbox 2404 2207 2417 2248; x_wconf 89' lang='lat'><strong>:</strong></span> <span class='ocrx_word' id='word_1_286' title='bbox 2458 2198 2617 2250; x_wconf 90' lang='lat' dir='ltr'>non</span> <span class='ocrx_word' id='word_1_287' title='bbox 2668 2177 2840 2250; x_wconf 89' lang='lat' dir='ltr'>ideo</span> <span class='ocrx_word' id='word_1_288' title='bbox 2895 2175 3084 2268; x_wconf 89' lang='lat' dir='ltr'>quia</span> <span class='ocrx_word' id='word_1_289' title='bbox 3132 2174 3498 2266; x_wconf 76' lang='lat' dir='ltr'>subJecta</span> 
     </span>
     <span class='ocr_line' id='line_1_60' title="bbox 1954 2292 3496 2385; baseline -0.003 -18"><span class='ocrx_word' id='word_1_290' title='bbox 1954 2299 2139 2368; x_wconf 86' lang='lat' dir='ltr'>sunt</span> <span class='ocrx_word' id='word_1_291' title='bbox 2208 2296 2555 2377; x_wconf 83' lang='lat' dir='ltr'>diversa,</span> <span class='ocrx_word' id='word_1_292' title='bbox 2644 2294 2775 2366; x_wconf 90' lang='lat' dir='ltr'>sed</span> <span class='ocrx_word' id='word_1_293' title='bbox 2835 2293 3009 2366; x_wconf 86' lang='lat' dir='ltr'>ideo</span> <span class='ocrx_word' id='word_1_294' title='bbox 3082 2292 3269 2385; x_wconf 89' lang='lat' dir='ltr'>quia</span> <span class='ocrx_word' id='word_1_295' title='bbox 3333 2310 3496 2363; x_wconf 92' lang='lat' dir='ltr'>non</span> 
     </span>
     <span class='ocr_line' id='line_1_61' title="bbox 1955 2407 3499 2485; baseline -0.003 -3"><span class='ocrx_word' id='word_1_296' title='bbox 1955 2412 2243 2485; x_wconf 74' lang='lat' dir='ltr'>liabent</span> <span class='ocrx_word' id='word_1_297' title='bbox 2290 2411 2496 2484; x_wconf 91' lang='lat' dir='ltr'>idem</span> <span class='ocrx_word' id='word_1_298' title='bbox 2549 2434 2683 2480; x_wconf 78' lang='lat' dir='ltr'>esse</span> <span class='ocrx_word' id='word_1_299' title='bbox 2738 2408 3197 2483; x_wconf 76' lang='lat' dir='ltr'>existentiae</span> <span class='ocrx_word' id='word_1_300' title='bbox 3254 2407 3335 2481; x_wconf 91' lang='lat' dir='ltr'>in</span> <span class='ocrx_word' id='word_1_301' title='bbox 3393 2407 3499 2479; x_wconf 89' lang='lat' dir='ltr'>di-</span> 
     </span>
     <span class='ocr_line' id='line_1_62' title="bbox 1953 2523 3503 2622; baseline -0.005 -20"><span class='ocrx_word' id='word_1_302' title='bbox 1953 2529 2220 2603; x_wconf 74' lang='lat' dir='ltr'>versis</span> <span class='ocrx_word' id='word_1_303' title='bbox 2266 2528 2675 2622; x_wconf 76' lang='lat' dir='ltr'>subJectis.</span> <span class='ocrx_word' id='word_1_304' title='bbox 2739 2529 2834 2598; x_wconf 86' lang='lat' dir='ltr'>Et</span> <span class='ocrx_word' id='word_1_305' title='bbox 2880 2525 3079 2609; x_wconf 86' lang='lat' dir='ltr'>ich,</span> <span class='ocrx_word' id='word_1_306' title='bbox 3136 2524 3346 2617; x_wconf 91' lang='lat' dir='ltr'>quod</span> <span class='ocrx_word' id='word_1_307' title='bbox 3394 2523 3503 2596; x_wconf 90' lang='lat' dir='ltr'>di-</span> 
     </span>
     <span class='ocr_line' id='line_1_63' title="bbox 1955 2643 3503 2736; baseline -0.005 -16"><span class='ocrx_word' id='word_1_308' title='bbox 1955 2666 2198 2720; x_wconf 85' lang='lat' dir='ltr'>versa</span> <span class='ocrx_word' id='word_1_309' title='bbox 2238 2644 2683 2720; x_wconf 88' lang='lat' dir='ltr'>accidentia</span> <span class='ocrx_word' id='word_1_310' title='bbox 2748 2643 3013 2736; x_wconf 84' lang='lat' dir='ltr'>specie</span> <span class='ocrx_word' id='word_1_311' title='bbox 3073 2660 3503 2714; x_wconf 89' lang='lat' dir='ltr'>numeren-</span> 
     </span>
     <span class='ocr_line' id='line_1_64' title="bbox 1958 2756 3503 2853; baseline -0.005 -16"><span class='ocrx_word' id='word_1_312' title='bbox 1958 2769 2097 2839; x_wconf 88' lang='lat' dir='ltr'>tur</span> <span class='ocrx_word' id='word_1_313' title='bbox 2152 2763 2231 2834; x_wconf 90' lang='lat' dir='ltr'>in</span> <span class='ocrx_word' id='word_1_314' title='bbox 2279 2761 2624 2834; x_wconf 88' lang='lat' dir='ltr'>diversis</span> <span class='ocrx_word' id='word_1_315' title='bbox 2686 2757 3097 2853; x_wconf 87' lang='lat' dir='ltr'>subjectis,</span> <span class='ocrx_word' id='word_1_316' title='bbox 3160 2756 3310 2829; x_wconf 90' lang='lat' dir='ltr'>hoc</span> <span class='ocrx_word' id='word_1_317' title='bbox 3379 2760 3503 2829; x_wconf 90' lang='lat' dir='ltr'>est</span> 
     </span>
     <span class='ocr_line' id='line_1_65' title="bbox 1965 2870 3500 2975; baseline -0.004 -23"><span class='ocrx_word' id='word_1_318' title='bbox 1965 2900 2108 2975; x_wconf 86' lang='lat' dir='ltr'>per</span> <span class='ocrx_word' id='word_1_319' title='bbox 2169 2902 2277 2961; x_wconf 91' lang='lat' dir='ltr'>se,</span> <span class='ocrx_word' id='word_1_320' title='bbox 2342 2879 2530 2970; x_wconf 85' lang='lat' dir='ltr'>quia</span> <span class='ocrx_word' id='word_1_321' title='bbox 2591 2877 2668 2948; x_wconf 90' lang='lat' dir='ltr'>in</span> <span class='ocrx_word' id='word_1_322' title='bbox 2733 2875 2892 2947; x_wconf 90' lang='lat' dir='ltr'>illis</span> <span class='ocrx_word' id='word_1_323' title='bbox 2951 2894 3113 2946; x_wconf 93' lang='lat' dir='ltr'>non</span> <span class='ocrx_word' id='word_1_324' title='bbox 3179 2870 3500 2952; x_wconf 87' lang='lat' dir='ltr'>habent,</span> 
     </span>
     <span class='ocr_line' id='line_1_66' title="bbox 1961 2989 3506 3086; baseline -0.006 -18"><span class='ocrx_word' id='word_1_325' title='bbox 1961 3019 2105 3069; x_wconf 90' lang='lat' dir='ltr'>nec</span> <span class='ocrx_word' id='word_1_326' title='bbox 2138 2995 2438 3068; x_wconf 84' lang='lat' dir='ltr'>habere</span> <span class='ocrx_word' id='word_1_327' title='bbox 2484 2996 2826 3086; x_wconf 89' lang='lat' dir='ltr'>possunt</span> <span class='ocrx_word' id='word_1_328' title='bbox 2875 2990 3080 3063; x_wconf 91' lang='lat' dir='ltr'>idem</span> <span class='ocrx_word' id='word_1_329' title='bbox 3127 3014 3260 3059; x_wconf 80' lang='lat' dir='ltr'>esse</span> <span class='ocrx_word' id='word_1_330' title='bbox 3298 2989 3506 3062; x_wconf 87' lang='lat' dir='ltr'>exis·</span> 
     </span>
     <span class='ocr_line' id='line_1_67' title="bbox 1963 3106 3507 3201; baseline -0.005 -16"><span class='ocrx_word' id='word_1_331' title='bbox 1963 3114 2265 3185; x_wconf 81' lang='lat' dir='ltr'>tentiae.</span> <span class='ocrx_word' id='word_1_332' title='bbox 2338 3114 2434 3183; x_wconf 86' lang='lat' dir='ltr'>Et</span> <span class='ocrx_word' id='word_1_333' title='bbox 2506 3110 2679 3182; x_wconf 87' lang='lat' dir='ltr'>ideo</span> <span class='ocrx_word' id='word_1_334' title='bbox 2750 3129 2893 3201; x_wconf 88' lang='lat' dir='ltr'>per</span> <span class='ocrx_word' id='word_1_335' title='bbox 2962 3106 3356 3188; x_wconf 80' lang='lat' dir='ltr'>accidenS‚</span> <span class='ocrx_word' id='word_1_336' title='bbox 3426 3108 3507 3178; x_wconf 88' lang='lat' dir='ltr'>et</span> 
     </span>
     <span class='ocr_line' id='line_1_68' title="bbox 1964 3223 3507 3324; baseline -0.006 -20"><span class='ocrx_word' id='word_1_337' title='bbox 1964 3252 2123 3304; x_wconf 91' lang='lat' dir='ltr'>non</span> <span class='ocrx_word' id='word_1_338' title='bbox 2188 3230 2481 3324; x_wconf 84' lang='lat' dir='ltr'>primO,</span> <span class='ocrx_word' id='word_1_339' title='bbox 2535 3248 2678 3299; x_wconf 90' lang='lat' dir='ltr'>nec</span> <span class='ocrx_word' id='word_1_340' title='bbox 2732 3245 2875 3317; x_wconf 83' lang='lat' dir='ltr'>per</span> <span class='ocrx_word' id='word_1_341' title='bbox 2929 3246 3012 3296; x_wconf 89' lang='lat' dir='ltr'>se</span> <span class='ocrx_word' id='word_1_342' title='bbox 3070 3223 3507 3296; x_wconf 85' lang='lat' dir='ltr'>diversitas</span> 
     </span>
     <span class='ocr_line' id='line_1_69' title="bbox 1967 3339 3509 3441; baseline -0.006 -20"><span class='ocrx_word' id='word_1_343' title='bbox 1967 3349 2520 3441; x_wconf 81' lang='lat' dir='ltr'>subjectorum</span> <span class='ocrx_word' id='word_1_344' title='bbox 2554 3346 2676 3415; x_wconf 91' lang='lat' dir='ltr'>est</span> <span class='ocrx_word' id='word_1_345' title='bbox 2708 3362 2964 3415; x_wconf 86' lang='lat' dir='ltr'>causa</span> <span class='ocrx_word' id='word_1_346' title='bbox 3003 3339 3509 3414; x_wconf 87' lang='lat' dir='ltr'>diversitatis</span> 
     </span>
     <span class='ocr_line' id='line_1_70' title="bbox 1964 3457 3503 3550; baseline -0.006 -12"><span class='ocrx_word' id='word_1_347' title='bbox 1964 3467 2478 3538; x_wconf 79' lang='lat' dir='ltr'>diversorum</span> <span class='ocrx_word' id='word_1_348' title='bbox 2520 3459 3057 3534; x_wconf 89' lang='lat' dir='ltr'>accidentium</span> <span class='ocrx_word' id='word_1_349' title='bbox 3090 3458 3171 3530; x_wconf 91' lang='lat' dir='ltr'>in</span> <span class='ocrx_word' id='word_1_350' title='bbox 3214 3457 3503 3550; x_wconf 84' lang='lat' dir='ltr'>specie.</span> 
     </span>
     <span class='ocr_line' id='line_1_71' title="bbox 1967 3575 3513 3657; baseline -0.008 0"><span class='ocrx_word' id='word_1_351' title='bbox 1967 3587 2231 3657; x_wconf 86' lang='lat' dir='ltr'>Causa</span> <span class='ocrx_word' id='word_1_352' title='bbox 2271 3582 2542 3653; x_wconf 84' lang='lat' dir='ltr'>autc-m</span> <span class='ocrx_word' id='word_1_353' title='bbox 2575 3575 2916 3649; x_wconf 89' lang='lat' dir='ltr'>unitatis</span> <span class='ocrx_word' id='word_1_354' title='bbox 2949 3593 3315 3656; x_wconf 82' lang='lat' dir='ltr'>numerO,</span> <span class='ocrx_word' id='word_1_355' title='bbox 3352 3592 3513 3644; x_wconf 92' lang='lat' dir='ltr'>non</span> 
     </span>
     <span class='ocr_line' id='line_1_72' title="bbox 1966 3688 3511 3790; baseline -0.006 -18"><span class='ocrx_word' id='word_1_356' title='bbox 1966 3704 2092 3772; x_wconf 87' lang='lat' dir='ltr'>est</span> <span class='ocrx_word' id='word_1_357' title='bbox 2153 3694 2581 3790; x_wconf 80' lang='lat' dir='ltr'>quaerenda</span> <span class='ocrx_word' id='word_1_358' title='bbox 2648 3692 2727 3763; x_wconf 89' lang='lat' dir='ltr'>in</span> <span class='ocrx_word' id='word_1_359' title='bbox 2797 3689 3339 3764; x_wconf 88' lang='lat' dir='ltr'>accidentibus</span> <span class='ocrx_word' id='word_1_360' title='bbox 3406 3688 3511 3762; x_wconf 90' lang='lat' dir='ltr'>di-</span> 
     </span>
     <span class='ocr_line' id='line_1_73' title="bbox 1967 3806 3511 3904; baseline -0.006 -17"><span class='ocrx_word' id='word_1_361' title='bbox 1967 3814 2231 3887; x_wconf 77' lang='lat' dir='ltr'>versis</span> <span class='ocrx_word' id='word_1_362' title='bbox 2293 3811 2558 3904; x_wconf 84' lang='lat' dir='ltr'>specie</span> <span class='ocrx_word' id='word_1_363' title='bbox 2610 3808 3044 3880; x_wconf 90' lang='lat' dir='ltr'>secundum</span> <span class='ocrx_word' id='word_1_364' title='bbox 3113 3806 3511 3880; x_wconf 89' lang='lat' dir='ltr'>unitatem</span> 
     </span>
     <span class='ocr_line' id='line_1_74' title="bbox 1970 3922 3514 4018; baseline -0.008 -14"><span class='ocrx_word' id='word_1_365' title='bbox 1970 3927 2543 4009; x_wconf 46' lang='lat' dir='ltr'>subsistentia),</span> <span class='ocrx_word' id='word_1_366' title='bbox 2582 3924 2768 4018; x_wconf 90' lang='lat' dir='ltr'>quia</span> <span class='ocrx_word' id='word_1_367' title='bbox 2809 3944 2990 3996; x_wconf 90' lang='lat' dir='ltr'>eam</span> <span class='ocrx_word' id='word_1_368' title='bbox 3024 3922 3320 3995; x_wconf 87' lang='lat' dir='ltr'>habere</span> <span class='ocrx_word' id='word_1_369' title='bbox 3353 3941 3514 3993; x_wconf 92' lang='lat' dir='ltr'>non</span> 
     </span>
     <span class='ocr_line' id='line_1_75' title="bbox 1972 4038 3515 4141; baseline -0.005 -22"><span class='ocrx_word' id='word_1_370' title='bbox 1972 4049 2339 4141; x_wconf 86' lang='lat' dir='ltr'>possunt,</span> <span class='ocrx_word' id='word_1_371' title='bbox 2375 4065 2517 4115; x_wconf 90' lang='lat' dir='ltr'>nec</span> <span class='ocrx_word' id='word_1_372' title='bbox 2552 4042 2844 4115; x_wconf 84' lang='lat' dir='ltr'>habent</span> <span class='ocrx_word' id='word_1_373' title='bbox 2869 4039 2966 4111; x_wconf 91' lang='lat' dir='ltr'>ab</span> <span class='ocrx_word' id='word_1_374' title='bbox 2999 4040 3309 4114; x_wconf 88' lang='lat' dir='ltr'>unitate</span> <span class='ocrx_word' id='word_1_375' title='bbox 3342 4038 3515 4111; x_wconf 73' lang='lat' dir='ltr'>sub-</span> 
     </span>
     <span class='ocr_line' id='line_1_76' title="bbox 1963 4163 2188 4257; baseline -0.013 -22"><span class='ocrx_word' id='word_1_376' title='bbox 1963 4163 2188 4257; x_wconf 64' lang='lat' dir='ltr'>jectL</span> 
     </span>
    </p>
   </div>
   <div class='ocr_carea' id='block_1_19' title="bbox 2546 4359 2948 4417">
    <p class='ocr_par' dir='ltr' id='par_1_21' title="bbox 2546 4359 2948 4417">
     <span class='ocr_line' id='line_1_77' title="bbox 2546 4359 2948 4417; baseline 0 -1"><span class='ocrx_word' id='word_1_377' title='bbox 2546 4361 2628 4416; x_wconf 89' lang='lat' dir='ltr'>SC</span> <span class='ocrx_word' id='word_1_378' title='bbox 2639 4359 2948 4417; x_wconf 85' lang='lat' dir='ltr'><strong>HOLIUM.</strong></span> 
     </span>
    </p>
   </div>
   <div class='ocr_carea' id='block_1_20' title="bbox 1973 4524 3527 5093">
    <p class='ocr_par' dir='ltr' id='par_1_22' title="bbox 1973 4524 3527 5093">
     <span class='ocr_line' id='line_1_78' title="bbox 2047 4524 3521 4597; baseline -0.004 -8"><span class='ocrx_word' id='word_1_379' title='bbox 2047 4535 2170 4590; x_wconf 74' lang='lat' dir='ltr'>Etsi</span> <span class='ocrx_word' id='word_1_380' title='bbox 2210 4534 2422 4588; x_wconf 84' lang='lat' dir='ltr'>Doctor</span> <span class='ocrx_word' id='word_1_381' title='bbox 2456 4529 2555 4584; x_wconf 83' lang='lat' dir='ltr'>hic</span> <span class='ocrx_word' id='word_1_382' title='bbox 2590 4527 2882 4583; x_wconf 86' lang='lat' dir='ltr'>videatur</span> <span class='ocrx_word' id='word_1_383' title='bbox 2914 4526 3191 4584; x_wconf 75' lang='lat' dir='ltr'>absolute</span> <span class='ocrx_word' id='word_1_384' title='bbox 3232 4524 3427 4597; x_wconf 76' lang='lat' dir='ltr'>loqui,</span> <span class='ocrx_word' id='word_1_385' title='bbox 3460 4527 3521 4583; x_wconf 79' lang='lat' dir='ltr'>et</span> 
     </span>
     <span class='ocr_line' id='line_1_79' title="bbox 1977 4621 3520 4695; baseline -0.004 -10"><span class='ocrx_word' id='word_1_386' title='bbox 1977 4633 2138 4687; x_wconf 80' lang='lat' dir='ltr'>velle</span> <span class='ocrx_word' id='word_1_387' title='bbox 2172 4629 2396 4684; x_wconf 87' lang='lat' dir='ltr'>docere</span> <span class='ocrx_word' id='word_1_388' title='bbox 2431 4626 2792 4682; x_wconf 85' lang='lat' dir='ltr'>nullatenus</span> <span class='ocrx_word' id='word_1_389' title='bbox 2825 4638 3002 4695; x_wconf 81' lang='lat' dir='ltr'>posse</span> <span class='ocrx_word' id='word_1_390' title='bbox 3023 4622 3146 4680; x_wconf 89' lang='lat' dir='ltr'>duo</span> <span class='ocrx_word' id='word_1_391' title='bbox 3174 4621 3520 4680; x_wconf 81' lang='lat' dir='ltr'>accidentia</span> 
     </span>
     <span class='ocr_line' id='line_1_80' title="bbox 1974 4720 3523 4800; baseline -0.005 -15"><span class='ocrx_word' id='word_1_392' title='bbox 1974 4726 2254 4800; x_wconf 85' lang='lat' dir='ltr'>ejusdem</span> <span class='ocrx_word' id='word_1_393' title='bbox 2279 4726 2512 4797; x_wconf 87' lang='lat' dir='ltr'>speciei</span> <span class='ocrx_word' id='word_1_394' title='bbox 2545 4721 2734 4779; x_wconf 85' lang='lat' dir='ltr'>simul</span> <span class='ocrx_word' id='word_1_395' title='bbox 2765 4735 2900 4776; x_wconf 86' lang='lat' dir='ltr'>esse</span> <span class='ocrx_word' id='word_1_396' title='bbox 2932 4722 2994 4776; x_wconf 85' lang='lat' dir='ltr'>in</span> <span class='ocrx_word' id='word_1_397' title='bbox 3019 4720 3234 4777; x_wconf 87' lang='lat' dir='ltr'>eodem</span> <span class='ocrx_word' id='word_1_398' title='bbox 3276 4721 3523 4792; x_wconf 85' lang='lat' dir='ltr'>subjec-</span> 
     </span>
     <span class='ocr_line' id='line_1_81' title="bbox 1973 4817 3521 4895; baseline -0.005 -12"><span class='ocrx_word' id='word_1_399' title='bbox 1973 4833 2055 4895; x_wconf 78' lang='lat' dir='ltr'>te,</span> <span class='ocrx_word' id='word_1_400' title='bbox 2090 4840 2211 4881; x_wconf 88' lang='lat' dir='ltr'>non</span> <span class='ocrx_word' id='word_1_401' title='bbox 2243 4829 2449 4881; x_wconf 85' lang='lat' dir='ltr'>tamen</span> <span class='ocrx_word' id='word_1_402' title='bbox 2481 4821 2759 4877; x_wconf 81' lang='lat' dir='ltr'>absolute</span> <span class='ocrx_word' id='word_1_403' title='bbox 2825 4818 3285 4887; x_wconf 80' lang='lat' dir='ltr'>intelligendus</span> <span class='ocrx_word' id='word_1_404' title='bbox 3321 4822 3414 4876; x_wconf 85' lang='lat' dir='ltr'>est</span> <span class='ocrx_word' id='word_1_405' title='bbox 3445 4817 3521 4876; x_wconf 85' lang='lat' dir='ltr'>de</span> 
     </span>
     <span class='ocr_line' id='line_1_82' title="bbox 1978 4916 3523 4984; baseline -0.005 -3"><span class='ocrx_word' id='word_1_406' title='bbox 1978 4924 2269 4982; x_wconf 87' lang='lat' dir='ltr'>omnibus</span> <span class='ocrx_word' id='word_1_407' title='bbox 2318 4919 2770 4984; x_wconf 58' lang='lat' dir='ltr'>accidentibus»,</span> <span class='ocrx_word' id='word_1_408' title='bbox 2822 4916 2929 4974; x_wconf 85' lang='lat' dir='ltr'>sed</span> <span class='ocrx_word' id='word_1_409' title='bbox 2960 4916 3036 4973; x_wconf 88' lang='lat' dir='ltr'>de</span> <span class='ocrx_word' id='word_1_410' title='bbox 3096 4917 3245 4975; x_wconf 85' lang='lat' dir='ltr'>solis</span> <span class='ocrx_word' id='word_1_411' title='bbox 3303 4916 3523 4974; x_wconf 79' lang='lat' dir='ltr'>formis</span> 
     </span>
     <span class='ocr_line' id='line_1_83' title="bbox 1982 5013 3527 5093; baseline -0.005 -15"><span class='ocrx_word' id='word_1_412' title='bbox 1982 5022 2304 5087; x_wconf 81' lang='lat' dir='ltr'>absolutis,</span> <span class='ocrx_word' id='word_1_413' title='bbox 2338 5034 2477 5093; x_wconf 80' lang='lat' dir='ltr'>quae</span> <span class='ocrx_word' id='word_1_414' title='bbox 2510 5017 2685 5083; x_wconf 83' lang='lat' dir='ltr'>fiunt,</span> <span class='ocrx_word' id='word_1_415' title='bbox 2746 5014 2848 5070; x_wconf 87' lang='lat' dir='ltr'>vel</span> <span class='ocrx_word' id='word_1_416' title='bbox 2883 5013 3370 5073; x_wconf 84' lang='lat' dir='ltr'>introducuntur</span> <span class='ocrx_word' id='word_1_417' title='bbox 3411 5031 3527 5088; x_wconf 85' lang='lat' dir='ltr'>per</span> 
     </span>
    </p>
   </div>
   <div class='ocr_carea' id='block_1_21' title="bbox 339 5096 3530 5189">
    <p class='ocr_par' dir='ltr' id='par_1_23' title="bbox 339 5096 3530 5189">
     <span class='ocr_line' id='line_1_84' title="bbox 339 5096 3530 5189; baseline 0.002 -26"><span class='ocrx_word' id='word_1_418' title='bbox 339 5096 864 5168; x_wconf 84' lang='lat' dir='ltr'>merationem</span> <span class='ocrx_word' id='word_1_419' title='bbox 918 5119 1130 5171; x_wconf 91' lang='lat' dir='ltr'>:non</span> <span class='ocrx_word' id='word_1_420' title='bbox 1182 5120 1379 5189; x_wconf 79' lang='lat' dir='ltr'>ergo</span> <span class='ocrx_word' id='word_1_421' title='bbox 1424 5101 1869 5174; x_wconf 84' lang='lat' dir='ltr'>accidentia</span> <span class='ocrx_word' id='word_1_422' title='bbox 1985 5125 2251 5188; x_wconf 77' lang='lat' dir='ltr'>motum3</span> <span class='ocrx_word' id='word_1_423' title='bbox 2306 5117 2535 5173; x_wconf 65' lang='lat' dir='ltr'>etenim</span> <span class='ocrx_word' id='word_1_424' title='bbox 2584 5114 2716 5185; x_wconf 74' lang='lat' dir='ltr'>ipse</span> <span class='ocrx_word' id='word_1_425' title='bbox 2774 5112 2829 5167; x_wconf 87' lang='lat'>5.</span> <span class='ocrx_word' id='word_1_426' title='bbox 2890 5112 3159 5182; x_wconf 75' lang='lat' dir='ltr'>Metaph.</span> <span class='ocrx_word' id='word_1_427' title='bbox 3220 5116 3437 5183; x_wconf 83' lang='lat' dir='ltr'>quaest.</span> <span class='ocrx_word' id='word_1_428' title='bbox 3470 5115 3530 5169; x_wconf 84' lang='lat'>9.</span> 
     </span>
    </p>
   </div>
   <div class='ocr_carea' id='block_1_22' title="bbox 337 5205 1875 5309">
    <p class='ocr_par' dir='ltr' id='par_1_24' title="bbox 337 5205 1875 5309">
     <span class='ocr_line' id='line_1_85' title="bbox 337 5205 1875 5309; baseline 0.006 -34"><span class='ocrx_word' id='word_1_429' title='bbox 337 5205 646 5282; x_wconf 85' lang='lat' dir='ltr'>diversa</span> <span class='ocrx_word' id='word_1_430' title='bbox 691 5212 960 5305; x_wconf 89' lang='lat' dir='ltr'>specie</span> <span class='ocrx_word' id='word_1_431' title='bbox 990 5219 1533 5287; x_wconf 86' lang='lat' dir='ltr'>numerantur</span> <span class='ocrx_word' id='word_1_432' title='bbox 1565 5237 1710 5309; x_wconf 88' lang='lat' dir='ltr'>per</span> <span class='ocrx_word' id='word_1_433' title='bbox 1741 5242 1875 5285; x_wconf 80' lang='lat' dir='ltr'>esse</span> 
     </span>
    </p>
   </div>
   <div class='ocr_carea' id='block_1_23' title="bbox 1990 5211 3532 5282">
    <p class='ocr_par' dir='ltr' id='par_1_25' title="bbox 1990 5211 3532 5282">
     <span class='ocr_line' id='line_1_86' title="bbox 1990 5211 3532 5282; baseline -0.005 -8"><span class='ocrx_word' id='word_1_434' title='bbox 1990 5232 2162 5274; x_wconf 89' lang='lat' dir='ltr'>num.</span> <span class='ocrx_word' id='word_1_435' title='bbox 2200 5218 2283 5271; x_wconf 83' lang='lat'>11.</span> <span class='ocrx_word' id='word_1_436' title='bbox 2320 5219 2382 5271; x_wconf 87' lang='lat' dir='ltr'>et</span> <span class='ocrx_word' id='word_1_437' title='bbox 2413 5215 2479 5269; x_wconf 91' lang='lat' dir='ltr'>in</span> <span class='ocrx_word' id='word_1_438' title='bbox 2514 5214 2564 5268; x_wconf 90' lang='lat'>1.</span> <span class='ocrx_word' id='word_1_439' title='bbox 2598 5211 2740 5269; x_wconf 88' lang='lat' dir='ltr'>dist.</span> <span class='ocrx_word' id='word_1_440' title='bbox 2772 5212 2827 5268; x_wconf 88' lang='lat'>3.</span> <span class='ocrx_word' id='word_1_441' title='bbox 2850 5214 3068 5282; x_wconf 82' lang='lat' dir='ltr'>quaest.</span> <span class='ocrx_word' id='word_1_442' title='bbox 3117 5211 3173 5266; x_wconf 91' lang='lat'>6.</span> <span class='ocrx_word' id='word_1_443' title='bbox 3227 5225 3400 5266; x_wconf 91' lang='lat' dir='ltr'>num.</span> <span class='ocrx_word' id='word_1_444' title='bbox 3440 5213 3532 5267; x_wconf 79' lang='lat'>29.</span> 
     </span>
    </p>
   </div>
   <div class='ocr_carea' id='block_1_24' title="bbox 345 5306 3530 5425">
    <p class='ocr_par' dir='ltr' id='par_1_26' title="bbox 345 5306 3530 5425">
     <span class='ocr_line' id='line_1_87' title="bbox 345 5306 3530 5425; baseline -0.002 -54"><span class='ocrx_word' id='word_1_445' title='bbox 345 5326 883 5402; x_wconf 64' lang='lat' dir='ltr'>subsistentiae</span> <span class='ocrx_word' id='word_1_446' title='bbox 936 5350 1082 5422; x_wconf 65' lang='lat' dir='ltr'>pel.</span> <span class='ocrx_word' id='word_1_447' title='bbox 1124 5353 1231 5414; x_wconf 50' lang='lat'>33,</span> <span class='ocrx_word' id='word_1_448' title='bbox 1279 5336 1358 5405; x_wconf 57' lang='lat' dir='ltr'>et</span> <span class='ocrx_word' id='word_1_449' title='bbox 1403 5332 1693 5425; x_wconf 51' lang='lat' dir='ltr'>primo,</span> <span class='ocrx_word' id='word_1_450' title='bbox 1743 5336 1875 5407; x_wconf 62' lang='lat' dir='ltr'>sed</span> <span class='ocrx_word' id='word_1_451' title='bbox 1989 5326 2043 5382; x_wconf 59' lang='grc' dir='ltr'>ἓ.</span> <span class='ocrx_word' id='word_1_452' title='bbox 2078 5316 2161 5371; x_wconf 75' lang='lat' dir='ltr'>Ad</span> <span class='ocrx_word' id='word_1_453' title='bbox 2227 5315 2622 5382; x_wconf 69' lang='lat' dir='ltr'>arquvnentum</span> <span class='ocrx_word' id='word_1_454' title='bbox 2646 5312 2902 5380; x_wconf 78' lang='lat' dir='ltr'>primum</span> <span class='ocrx_word' id='word_1_455' title='bbox 2938 5310 3142 5366; x_wconf 82' lang='lat' dir='ltr'>:etin</span> <span class='ocrx_word' id='word_1_456' title='bbox 3172 5310 3227 5367; x_wconf 89' lang='lat'>3.</span> <span class='ocrx_word' id='word_1_457' title='bbox 3262 5306 3405 5365; x_wconf 85' lang='lat' dir='ltr'>dist.</span> <span class='ocrx_word' id='word_1_458' title='bbox 3472 5311 3530 5366; x_wconf 88' lang='grc'>8.</span> 
     </span>
    </p>
   </div>
   <div class='ocr_carea' id='block_1_25' title="bbox 347 5441 1886 5651">
    <p class='ocr_par' dir='ltr' id='par_1_27' title="bbox 347 5441 1886 5651">
     <span class='ocr_line' id='line_1_88' title="bbox 347 5441 1881 5536; baseline 0.007 -25"><span class='ocrx_word' id='word_1_459' title='bbox 347 5441 609 5529; x_wconf 86' lang='lat' dir='ltr'>potius</span> <span class='ocrx_word' id='word_1_460' title='bbox 669 5464 815 5536; x_wconf 89' lang='lat' dir='ltr'>per</span> <span class='ocrx_word' id='word_1_461' title='bbox 865 5468 999 5514; x_wconf 73' lang='lat' dir='ltr'>esse</span> <span class='ocrx_word' id='word_1_462' title='bbox 1054 5447 1538 5530; x_wconf 79' lang='lat' dir='ltr'>existentiae,</span> <span class='ocrx_word' id='word_1_463' title='bbox 1607 5470 1881 5521; x_wconf 86' lang='lat' dir='ltr'>secun-</span> 
     </span>
     <span class='ocr_line' id='line_1_89' title="bbox 350 5554 1886 5651; baseline 0.01 -27"><span class='ocrx_word' id='word_1_464' title='bbox 350 5554 528 5628; x_wconf 89' lang='lat' dir='ltr'>dum</span> <span class='ocrx_word' id='word_1_465' title='bbox 598 5563 801 5651; x_wconf 90' lang='lat' dir='ltr'>quod</span> <span class='ocrx_word' id='word_1_466' title='bbox 873 5566 1056 5635; x_wconf 91' lang='lat' dir='ltr'>sunt</span> <span class='ocrx_word' id='word_1_467' title='bbox 1131 5564 1460 5637; x_wconf 88' lang='lat' dir='ltr'>termini</span> <span class='ocrx_word' id='word_1_468' title='bbox 1536 5565 1886 5640; x_wconf 88' lang='lat' dir='ltr'>diversa-</span> 
     </span>
    </p>
   </div>
   <div class='ocr_carea' id='block_1_26' title="bbox 1995 5406 3540 5681">
    <p class='ocr_par' dir='ltr' id='par_1_28' title="bbox 1995 5406 3540 5681">
     <span class='ocr_line' id='line_1_90' title="bbox 1995 5406 3539 5485; baseline -0.005 -15"><span class='ocrx_word' id='word_1_469' title='bbox 1995 5417 2214 5485; x_wconf 82' lang='lat' dir='ltr'>quaest.</span> <span class='ocrx_word' id='word_1_470' title='bbox 2253 5413 2459 5478; x_wconf 87' lang='lat' dir='ltr'>unica,</span> <span class='ocrx_word' id='word_1_471' title='bbox 2492 5423 2663 5466; x_wconf 90' lang='lat' dir='ltr'>num.</span> <span class='ocrx_word' id='word_1_472' title='bbox 2694 5411 2750 5465; x_wconf 81' lang='lat'>6.</span> <span class='ocrx_word' id='word_1_473' title='bbox 2810 5407 2986 5466; x_wconf 87' lang='lat' dir='ltr'>docet</span> <span class='ocrx_word' id='word_1_474' title='bbox 3042 5406 3387 5465; x_wconf 83' lang='lat' dir='ltr'>accidentia</span> <span class='ocrx_word' id='word_1_475' title='bbox 3437 5408 3539 5464; x_wconf 90' lang='lat' dir='ltr'>in-</span> 
     </span>
     <span class='ocr_line' id='line_1_91' title="bbox 1999 5505 3540 5579; baseline -0.004 -10"><span class='ocrx_word' id='word_1_476' title='bbox 1999 5511 2389 5575; x_wconf 84' lang='lat' dir='ltr'>tentionalia‚</span> <span class='ocrx_word' id='word_1_477' title='bbox 2425 5514 2491 5566; x_wconf 86' lang='lat' dir='ltr'>ut</span> <span class='ocrx_word' id='word_1_478' title='bbox 2520 5508 2760 5579; x_wconf 85' lang='lat' dir='ltr'>species</span> <span class='ocrx_word' id='word_1_479' title='bbox 2791 5505 3145 5573; x_wconf 77' lang='lat' dir='ltr'>sensibileS,</span> <span class='ocrx_word' id='word_1_480' title='bbox 3198 5511 3259 5564; x_wconf 87' lang='lat' dir='ltr'>et</span> <span class='ocrx_word' id='word_1_481' title='bbox 3297 5507 3540 5564; x_wconf 85' lang='lat' dir='ltr'>intelli-</span> 
     </span>
     <span class='ocr_line' id='line_1_92' title="bbox 2004 5605 3539 5681; baseline 0.001 -15"><span class='ocrx_word' id='word_1_482' title='bbox 2004 5611 2231 5681; x_wconf 83' lang='lat' dir='ltr'>gibiles</span> <span class='ocrx_word' id='word_1_483' title='bbox 2266 5606 2677 5678; x_wconf 82' lang='lat' dir='ltr'>multiplicari</span> <span class='ocrx_word' id='word_1_484' title='bbox 2713 5621 2888 5678; x_wconf 88' lang='lat' dir='ltr'>posse</span> <span class='ocrx_word' id='word_1_485' title='bbox 2920 5607 2984 5662; x_wconf 91' lang='lat' dir='ltr'>in</span> <span class='ocrx_word' id='word_1_486' title='bbox 3007 5605 3539 5680; x_wconf 82' lang='lat' dir='ltr'>eodem&#39;subjccto,</span> 
     </span>
    </p>
   </div>
   <div class='ocr_carea' id='block_1_27' title="bbox 365 5680 3541 5781">
    <p class='ocr_par' dir='ltr' id='par_1_29' title="bbox 365 5680 3541 5781">
     <span class='ocr_line' id='line_1_93' title="bbox 365 5680 3541 5781; baseline 0.006 -35"><span class='ocrx_word' id='word_1_487' title='bbox 365 5690 538 5744; x_wconf 80' lang='lat' dir='ltr'>rum</span> <span class='ocrx_word' id='word_1_488' title='bbox 616 5680 1259 5769; x_wconf 81' lang='lat' dir='ltr'>generationum.</span> <span class='ocrx_word' id='word_1_489' title='bbox 1333 5684 1432 5754; x_wconf 84' lang='lat' dir='ltr'>Et</span> <span class='ocrx_word' id='word_1_490' title='bbox 1503 5683 1722 5774; x_wconf 85' lang='lat' dir='ltr'>quia,</span> <span class='ocrx_word' id='word_1_491' title='bbox 1806 5686 1892 5757; x_wconf 88' lang='lat' dir='ltr'>ut</span> <span class='ocrx_word' id='word_1_492' title='bbox 2006 5713 2065 5765; x_wconf 80' lang='lat' dir='ltr'>et</span> <span class='ocrx_word' id='word_1_493' title='bbox 2097 5705 2329 5764; x_wconf 78' lang='lat' dir='ltr'>ibidem</span> <span class='ocrx_word' id='word_1_494' title='bbox 2389 5706 2456 5762; x_wconf 87' lang='lat' dir='ltr'>in</span> <span class='ocrx_word' id='word_1_495' title='bbox 2517 5704 2788 5777; x_wconf 80' lang='lat' dir='ltr'>Metaph.</span> <span class='ocrx_word' id='word_1_496' title='bbox 2825 5709 2888 5761; x_wconf 82' lang='lat' dir='ltr'>et</span> <span class='ocrx_word' id='word_1_497' title='bbox 2928 5705 2992 5760; x_wconf 89' lang='lat' dir='ltr'>in</span> <span class='ocrx_word' id='word_1_498' title='bbox 3040 5707 3097 5764; x_wconf 86' lang='lat'>3.</span> <span class='ocrx_word' id='word_1_499' title='bbox 3157 5704 3541 5781; x_wconf 57' lang='lat' dir='ltr'>locogeitato,</span> 
     </span>
    </p>
   </div>
  </div>
 </body>
</html>
