4252 6393
646 383 767 452 768

647 552 820 624 tum
850 549 1395 633 denominata,
1434 550 1820 626 similiter
1849 551 2183 626 diecret.

649 670 869 750 Quod
913 667 981 741 si
1042 669 1493 763 subjectum
1545 668 2036 742 determinat
2094 669 2188 741 il-

647 785 804 867 lud,
841 785 1328 860 determinat
1373 785 1523 859 sibi
1557 786 2184 859 nobilissimum.

648 900 728 975 Si
772 920 958 985 non,
1011 902 1304 975 saltem
1367 902 1820 994 subjectum
1887 903 2189 994 quodli-

647 1019 804 1100 bet,
852 1019 1328 1111 inquantum
1381 1018 1956 1092 denominatur
1999 1019 2185 1103 isto,

647 1140 772 1210 est
807 1135 1094 1208 melius
1131 1135 1514 1228 quolibet,
1563 1135 2040 1228 inquantum
2074 1137 2191 1208 dc-

640 1252 1140 1332 nominatur,
1223 1250 1387 1323 alio
1433 1250 1583 1324 sibi
1655 1250 2189 1345 incompossi-

650 1368 813 1441 bili.

1106 1586 1548 1643 SCHOLIUM
1626 1586 1740 1641 111.

742 1764 1016 1820 Primam
1086 1777 1337 1820 causam
1415 1763 1848 1832 contingenter
1929 1776 2190 1819 causare

644 1860 952 1934 quidquid
981 1865 1217 1930 causat,
1268 1862 1403 1917 sive
1451 1859 1742 1926 mediate,
1793 1861 1927 1916 sive
1968 1862 2192 1916 imme-

640 1961 829 2029 diate,
861 1964 1029 2032 patet
1057 1976 1130 2015 ox
1173 1962 1357 2016 tertia
1387 1958 1748 2032 probatione
1780 1973 1892 2030 pro
1930 1959 2191 2015 conclu-

637 2060 810 2114 sione
878 2063 1128 2130 quarta.
1181 2059 1373 2115 Instat
1428 2055 1934 2129 quadrupliciter
1973 2059 2188 2112 contra

632 2156 1081 2228 probationem,
1108 2170 1383 2226 arguens
1414 2159 1578 2211 stare
1610 2169 1788 2225 posse
1831 2153 2187 2210 libertatem

631 2272 835 2314 causae
865 2255 1155 2313 secunda}
1175 2269 1318 2312 cum
1352 2256 1719 2311 necessitate
1744 2254 1992 2325 primze.
2021 2255 2192 2308 Mau-

636 2355 822 2412 ritius
854 2355 1042 2412 solvit
1073 2354 1417 2421 instantias,
1466 2351 1574 2408 sed
1608 2352 1761 2407 mibi
1788 2366 1910 2407 non
1944 2350 2191 2422 placent

635 2455 773 2525 ejus
811 2453 1199 2522 solutiones3
1249 2467 1449 2523 neque
1501 2465 1775 2522 unquam
1829 2450 2190 2518 intelligere

637 2551 806 2622 potui
840 2548 1137 2623 quomodo
1169 2551 1461 2606 voluntas
1492 2553 1704 2605 nostra
1737 2552 1943 2603 manet
1964 2546 2186 2612 libera,

636 2646 796 2720 quod
829 2649 964 2719 ipse
1002 2649 1109 2713 ait,
1162 2647 1212 2703 si
1264 2647 1696 2717 praeveniatur
1741 2644 2024 2700 absoluto
2076 2643 2178 2698 Dei

633 2746 880 2803 decreto
909 2745 984 2802 ab
1006 2749 1240 2801 aeterno
1270 2745 1488 2815 posite,
1515 2743 1691 2800 nulla
1723 2744 1861 2813 eJus
1891 2756 2188 2813 coopera-

592 2843 598 2847 ’
630 2845 820 2910 tione,
854 2844 954 2899 vel
985 2841 1491 2899 conditionaliter
1520 2842 1793 2913 praevisa
1821 2839 1843 2895 2
1881 2841 2095 2911 ltaque
2130 2841 2183 2895 si

634 2940 1049 2998 admittantur
1079 2941 1190 2997 illa
1222 2939 1467 2997 decreta
1497 2938 1803 3005 absoluta,
1836 2954 1945 2995 seu
1978 2938 2186 2995 deter-

634 3041 891 3098 minatio
967 3038 1072 3094 Dei
1149 3044 1382 3096 aeterna
1449 3038 1525 3096 de
1601 3039 1846 3096 actibus
1927 3039 2183 3106 nostris,

630 3137 1015 3196 admittenda
1063 3138 1251 3195 etiam
1310 3136 1568 3195 videtur
1635 3136 1900 3194 scientia
1959 3135 2183 3206 media,

629 3255 751 3313 qua
784 3244 943 3297 Deus
964 3219 1046 3297 'ab
1077 3243 1308 3295 aeterno
1345 3236 1643 3310 praevidit
1689 3236 1843 3308 quid
1875 3251 2179 3308 quacum-

631 3354 754 3413 que
820 3339 1137 3396 occasione
1193 3337 1414 3409 posita,
1476 3337 1702 3391 facturi
1778 3349 2049 3401 eramus,
2114 3339 2181 3391 ut

628 3438 910 3495 salvetur
965 3441 1171 3493 nostra
1229 3435 1486 3492 libertas
1517 3453 1532 3505 ;
1624 3433 1727 3490 cui
1784 3448 1903 3489 non
1966 3434 2176 3488 minus

627 3536 905 3594 officium
953 3536 1106 3593 talia
1137 3534 1407 3600 decreta,
1459 3536 1683 3602 negata
1733 3532 1845 3588 ill'a
1887 3531 2173 3597 scientia,

633 3651 820 3709 quam
840 3633 1521 3707 praedeterminationes
1545 3630 1847 3699 physicae,
1873 3644 2028 3701 quas
2048 3628 2186 3685 doc·

627 3737 675 3792 ti
707 3736 941 3806 passim
963 3734 1373 3797 insectantur,
1400 3732 1469 3786 ut
1492 3729 1767 3785 libertati
1793 3729 2031 3785 noxias.
2057 3729 2181 3784 Nec

630 3834 1022 3890 satisfaciunt
1098 3829 1373 3886 dicentes
1422 3830 1614 3884 Deum
1663 3826 1740 3883 ab
1773 3833 2002 3884 zeterno
2054 3840 2174 3883 non

629 3930 1233 4004 praedeterminassffi
1293 3925 1398 3983 sed
1447 3924 2018 3983 condeterminasse
2068 3940 2182 3983 no-

627 4028 865 4085 biscum
920 4030 1095 4085 actus
1134 4028 1391 4092 nostros,
1444 4023 1594 4096 quia
1653 4022 1908 4079 nullum
1967 4027 2181 4079 actum

631 4126 924 4185 habemus
957 4140 1065 4182 nos
1096 4125 1218 4181 nisi
1241 4125 1306 4180 in
1339 4127 1652 4195 tempore3
1683 4126 1744 4180 et
1764 4122 1954 4193 primi
1985 4125 2180 4190 actuS,

627 4241 780 4297 quos
834 4223 1124 4281 elicimus
1173 4225 1318 4280 sunt
1365 4237 1400 4279 a
1443 4224 1562 4277 Deo
1611 4222 1760 4288 sole,
1815 4220 1890 4277 ab
1948 4223 2183 4276 aeterno

625 4315 928 4371 decretati
966 4333 980 4385 3
1019 4329 1219 4386 neque
1251 4325 1581 4384 possumus
1631 4314 1918 4381 respectu
1961 4324 2180 4368 eorum

627 4411 855 4470 habere
885 4417 1061 4469 actus
1090 4410 1525 4477 decretatiVOS,
1559 4410 1709 4481 quia
1743 4411 1923 4464 actus
1951 4405 2179 4464 decre-

627 4519 784 4577 tans,
826 4529 934 4569 seu
976 4512 1393 4569 determinans
1444 4507 1738 4581 praecedit
1791 4507 2179 4565 decretatum

631 4626 739 4668 seu
807 4611 1309 4676 determinatum,
1367 4612 1427 4663 et
1466 4607 1541 4664 ab
1598 4622 1668 4663 eo
1725 4622 1792 4663 re
1839 4606 2181 4677 distingui-

627 4715 758 4780 tur;
793 4709 994 4777 igitur
1042 4710 1200 4762 Deus
1249 4707 1418 4763 solus
1468 4704 1545 4762 ab
1596 4710 1831 4762 aeterno
1871 4704 2175 4771 decrevit,

630 4812 692 4865 et
720 4805 1321 4879 praedeterminavit,
1372 4804 1534 4876 quod
1585 4805 1718 4875 ipse
1757 4802 2077 4859 nobiscum
2111 4804 2175 4858 in

628 4912 901 4977 tempore
931 4904 1108 4971 taleS,
1143 4903 1245 4959 vel
1293 4903 1450 4959 tales
1480 4906 1656 4960 actus
1704 4901 1975 4957 eliceret.
2005 4901 2178 4958 Sicut

627 5006 677 5061 si
720 5004 1014 5076 princeps
1044 5016 1221 5057 meus
1255 5003 1318 5057 in
1353 5000 1643 5057 cubiculo
1672 5015 1803 5065 suo,
1831 5013 1927 5054 me
1959 4999 2180 5054 incon-

627 5098 813 5164 sulte,
873 5096 1243 5152 decerneret
1300 5092 1505 5160 hodie,
1558 5091 1722 5164 quod
1779 5093 1912 5163 ipse
1958 5097 2016 5147 et
2064 5106 2180 5162 ego

628 5195 870 5269 aliquid
901 5195 1249 5251 faceremus
1300 5206 1462 5258 cras,
1523 5194 1583 5247 et
1631 5204 1744 5262 per
1792 5203 2178 5260 consequens

629 5310 749 5351 non
780 5298 872 5349 est
920 5293 1002 5349 ibi
1059 5291 1186 5347 ulla
1236 5295 1469 5345 {eterna
1514 5286 2074 5343 condeterminatio
2103 5301 2178 5341 ex

631 5398 808 5465 parte
841 5396 1069 5457 nostra,
1131 5394 1373 5446 tantum
1417 5387 1585 5442 enim
1635 5386 2072 5443 concurrimus
2102 5384 2179 5440 ad

627 5492 964 5548 terminum
996 5485 1735 5545 illiusdeterminationis
1785 5499 1892 5539 seu
1917 5482 2175 5541 decreti.

626 5593 754 5648 Etsi
787 5604 931 5648 cum
972 5589 1084 5645 boc
1117 5591 1385 5656 negetur
1414 5584 1532 5642 illa
1563 5584 1826 5641 scientia
1859 5582 2083 5650 media,
2117 5583 2179 5638 et

1821 386 1922 453 DE
1966 392 2208 457 PRIMO
2252 391 2644 456 PRINCIPIO

2301 557 2617 628 supposita
2675 557 2788 613 illa
2846 560 3078 614 aeterna
3145 554 3683 621 determinatione,
3742 570 3855 612 re-

2302 659 2540 725 pugnat
2568 656 2722 727 quin
2764 658 3063 727 sequatur
3110 655 3247 724 eJus
3277 657 3556 720 effectus,
3587 657 3695 712 vix
3742 659 3855 712 aut

2303 767 2379 807 ne
2436 754 2544 808 vix
2602 769 2824 824 capere
2874 769 3122 825 possum
3197 754 3500 826 quomodo
3571 754 3854 811 salvetur

2301 850 2578 914 libertas,
2657 857 2718 908 et
2768 852 2906 909 ideo
2959 852 3137 909 illam
3187 853 3517 909 scientiam
3576 852 3849 910 mediam

2301 951 2660 1022 amplector.
2692 952 2845 1009 Vide
2877 952 3008 1010 loca
3041 955 3198 1011 Scoti
3224 954 3302 1011 ad
3334 955 3447 1013 hoc
3478 956 3668 1012 citata
3707 957 3752 1012 1.
3787 956 3851 1012 d.

2301 1045 2391 1104 39.
2427 1050 2490 1103 in
2517 1049 2716 1105 Schol.
2743 1065 2915 1107 num.
2939 1051 3030 1106 23.
3054 1056 3109 1117 ἓ.
3153 1055 3282 1108 Viso
3302 1057 3376 1109 de
3393 1055 3851 1122 continqenua.

2303 1145 2420 1202 Sed
2452 1145 2527 1201 de
2559 1147 2671 1204 boc
2703 1148 2862 1204 nihil
2913 1164 3052 1204 cu.n
3103 1149 3415 1209 brevitate
3465 1152 3588 1209 dici
3630 1158 3852 1225 potest,

2303 1244 2466 1316 quod
2495 1246 2838 1303 satisfaciat
2867 1246 2945 1303 ad
2979 1249 3094 1315 rei,
3126 1251 3406 1307 oninium
3434 1251 3564 1308 sere
3596 1252 3856 1309 difficil-

2306 1342 2495 1406 limae,
2522 1342 3027 1414 explicationem.
3052 1346 3269 1402 Refert
3300 1362 3365 1403 se
3396 1350 3612 1406 Doctor
3640 1347 3746 1405 hic
3775 1347 3854 1404 ad

2303 1437 2727 1507 quaestionem,
2762 1453 2950 1509 quam
3000 1442 3255 1512 scripsit
3299 1441 3376 1498 de
3425 1443 3656 1501 suturis
3703 1458 3840 1499 con·

2302 1529 2693 1599 tingentibus
2724 1549 2737 1586 ε
2773 1537 2924 1603 puto
2961 1548 3094 1589 esse
3122 1536 3204 1591 13.
3234 1535 3490 1592 secundi
3527 1537 3715 1607 Phys.
3744 1536 3849 1592 ubi

2303 1626 2434 1694 agit
2464 1625 2539 1681 de
2570 1627 2831 1683 scientia
2864 1627 3062 1685 futuri
3086 1630 3529 1700 contingentis,
3568 1637 3629 1689 et
3658 1631 3855 1688 liber-

2303 1722 2426 1777 tate
2467 1736 2606 1777 cum
2656 1737 2725 1777 ea
2767 1722 3195 1795 compatibili3
3247 1725 3351 1780 vel
3392 1725 3551 1782 sorte
3598 1725 3857 1796 scripsit

2300 1823 2632 1876 tractatum
2687 1820 2761 1876 de
2821 1821 2934 1878 hac
2976 1835 3067 1889 re,
3120 1823 3228 1895 qui
3291 1838 3409 1881 non
3452 1827 3637 1890 extat,
3691 1824 3852 1879 alias

2301 1918 2691 1988 conjecturas
2722 1916 2798 1974 de
2831 1918 2942 1975 hoc
2974 1919 3158 1977 habet
3187 1921 3522 1978 Mauritius
3554 1920 3678 1977 hic.

2390 2073 2694 2137 Pm'mum
2722 2092 3026 2152 causans,
3053 2070 3385 2160 quidquid
3415 2084 3670 2154 causat,
3693 2095 3844 2141 con-
3874 2085 4131 2139 Coactus.
4168 2087 4209 2137 1.

2302 2189 2355 2253 ei
2361 2199 2633 2275 nyenter
2662 2199 2911 2254 causat.
4028 2231 4082 2283 9·

2392 2302 2823 2384 Probatur,
2863 2302 3053 2394 quia
3121 2304 3327 2395 quod
3389 2303 3850 2377 immediate
3916 2352 4072 2401 Dm,
4102 2356 4184 2402 m..

2300 2420 3521 2512 causat‚contingcntcrcausat‚
3568 2441 3665 2493 ex
3689 2424 3845 2495 ter·
3935 2413 4025 2464 ¹²³¹
4055 2432 4183 2465 ΟΜ·

3874 2491 3903 2523 ,
4142 2480 4155 2490 .

2302 2533 2415 2607 tia
2445 2535 2924 2628 probatione
2979 2543 3297 2632 quartoe
3354 2538 3840 2632 p1²aemissae3
3877 2479 4210 2596 &02⁶5ss

2309 2672 2507 2743 ergo
2555 2655 3108 2748 quodcumque
3160 2655 3398 2738 aliud,
3431 2656 3621 2749 quia
3660 2677 3846 2730 con-
3877 2604 4207 2720 ηἶῗέἑῗνῗίο.

2293 2768 2613 2860 tingcns
2641 2791 2800 2842 non
2838 2771 3214 2864 praeeedit
3271 2772 3840 2845 necessarium

2294 2887 2814 2970 naturaliter,
2898 2909 3041 2961 nec
3094 2888 3656 2962 necessarium
3719 2889 3844 2961 dc-

2296 3002 2576 3094 pendet
2622 3023 2665 3074 a
2700 3004 3247 3098 contingente.
3290 3005 3523 3087 Item,
3569 3025 3667 3076 ex
3710 3027 3844 3077 vo-
3875 3041 3977 3091 A„
4007 3053 4176 3090 mma

2294 3118 2577 3192 litione
2656 3119 2862 3203 linis,
2935 3142 3097 3194 non
3178 3122 3648 3195 necessario
3711 3126 3839 3196 cst
3876 3106 4202 3216 ἇξῗεζξῗῗΜ,

2296 3236 2595 3329 aliquid
2636 3237 3008 3323 volitum,
3054 3238 3211 3313 nisi
3244 3239 3438 3313 illud
3479 3239 3650 3311 sine
3683 3260 3845 3332 quo
3876 3230 4181 3342 ‘²⁴²‘„{²a{”‘'‘·

2294 3373 2455 3425 non
2534 3358 2698 3429 stat
2759 3353 2977 3437 illud,
3052 3357 3262 3449 quod
3316 3360 3440 3430 est
3493 3356 3847 3431 volitum

2295 3467 2515 3543 circa
2540 3470 2779 3543 finem
2808 3475 3060 3552 ;·Deus
3094 3478 3316 3547 amat
3351 3495 3434 3546 se
3459 3477 3547 3547 ut
3569 3473 3841 3555 finem,

2293 3590 2373 3660 et
2417 3588 2791 3680 quidquid
2817 3589 3042 3664 circa
3077 3611 3160 3663 se
3204 3595 3289 3664 ut
3321 3591 3560 3663 finem
3589 3594 3842 3673 amat,

2294 3708 2516 3777 stare
2554 3709 2847 3797 potest,
2886 3705 2952 3778 si
2996 3706 3197 3780 nihil
3241 3707 3456 3780 aliud
3507 3709 3606 3780 ab
3646 3707 3828 3801 ipso

2295 3819 2427 3901 sit,
2466 3819 2654 3913 quia
2686 3823 3245 3896 necessarium
3288 3844 3387 3897 ex
3429 3844 3513 3897 se
3545 3822 3837 3895 anullo

2289 3935 2704 4030 dependet3
2743 3957 2942 4030 ergo
2987 3938 3055 4012 si
3096 3961 3194 4011 ex
3253 3939 3647 4013 volitione
3682 3937 3841 4021 sui,

2289 4051 2489 4125 nihil
2534 4054 2748 4127 aliud
2818 4054 3285 4130 necessario
3348 4056 3562 4138 vult;
3634 4073 3844 4146 ergo

2293 4189 2438 4242 nec
2469 4170 2933 4243 necessario
2977 4176 3289 4247 causat.

2380 4289 2686 4361 Contra
2729 4313 2743 4357 ε
2789 4287 2997 4360 velle
3049 4288 3240 4361 illud
3275 4293 3400 4363 est
3435 4288 3639 4361 idem
3679 4290 3844 4383 pri-

2293 4423 2423 4474 mo
2462 4429 2475 4484 ;
2514 4422 2714 4495 crgo
2785 4426 3113 4479 necesse
3175 4426 3389 4487 esse;
3434 4425 3633 4499 ergo
3675 4425 3844 4479 non

2292 4520 2796 4613 contingens.
2847 4524 3076 4605 Item,
3140 4522 3209 4596 si
3264 4522 3513 4599 tertia
3557 4522 3845 4616 proba-

2293 4633 2408 4708 tio
2478 4635 2953 4727 preemissae‚
3006 4635 3138 4710 cui
3198 4635 3361 4713 ista
3428 4636 3841 4720 innititur,

2295 4754 2547 4833 tenet;
2592 4772 2791 4845 ergo
2850 4753 3074 4826 nulla
3106 4757 3231 4829 est
3282 4753 3845 4847 contingentia

2289 4867 2871 4962 cujuscumque
2947 4890 3215 4945 causae
3302 4873 3667 4946 secundae
3757 4872 3849 4946 in

2292 4984 2722 5068 causando,
2749 4984 2909 5060 nisi
2935 4986 3045 5063 sit
3075 4986 3635 5081 contingentia
3675 4989 3844 5083 pri-

2294 5099 2402 5172 mi
2465 5099 2932 5177 involendo.
2981 5103 3206 5180 Sicut
3281 5105 3500 5181 enim
3568 5124 3845 5180 neces-

2291 5213 2492 5287 sitas
2565 5216 2807 5308 primi
2868 5218 2951 5292 in
2993 5219 3360 5305 volendo,
3429 5222 3841 5297 concludit

2287 5332 2862 5408 necessitatem
2889 5336 3473 5432 cujuscumque
3494 5340 3846 5414 alterius

2291 5447 2369 5520 in
2403 5452 2835 5535 causando,
2883 5452 2998 5526 ita
3038 5453 3614 5530 determinatio
3649 5457 3834 5551 ejus

2289 5564 2369 5637 in
2424 5566 2764 5641 volendo
2862 5570 3268 5646 concludit
3346 5572 3833 5650 determina-
