4252 6393
740 387 860 454 294

727 566 987 629 suum,
1053 545 1249 620 illud
1308 563 1468 616 non
1536 539 2066 633 attingerent,
2132 542 2271 612 aut

724 662 1190 736 necessario
1223 662 1658 732 mutarent.
1686 657 1893 732 Hinc
1917 658 2271 748 estquod

726 779 1218 855 Aristoteles
1279 780 1342 849 [ι.
1388 777 1659 864 Phys-ie.
1724 787 1883 845 texe.
1932 777 2038 846 41.
2094 773 2271 846 vult

724 898 993 971 locum
1028 896 1513 975 naturalem,
1552 893 1647 965 ad
1682 914 1918 985 quem
1950 914 2080 965 res
2107 913 2269 964 mo-

721 1018 964 1086 vetur
1052 1010 1577 1090 naturaliter,
1675 1009 2007 1083 omnino
2089 1029 2269 1081 esse

725 1128 1251 1203 immobilem.

498 1275 575 1322 12.
818 1257 1045 1337 Item,
1116 1254 1299 1327 finis
1389 1256 1466 1325 et
1536 1252 1834 1324 bonum
1903 1252 2136 1334 idem,
2199 1254 2263 1325 3.

326 1371 336 1380 ’
384 1338 1094 1461 (ἶῖἑῗὲιοζζῖῗξιήίοιαρήῃε.
1144 1384 1304 1440 text.
1362 1373 1427 1444 3.
1466 1371 1725 1462 igitur
1768 1371 1973 1461 quod
2029 1369 2270 1444 habet

404 1462 697 1510 universa-

422 1523 664 1586 ηερ...
728 1489 1131 1561 rationem
1197 1488 1687 1561 universalis
1760 1487 1967 1568 finis,
2026 1486 2267 1559 habet

373 1584 695 1699 ,Zssss‘jfffg‘LL
723 1606 1308 1680 universaliter
1347 1611 1426 1680 et
1469 1605 1969 1697 generaliter
2022 1606 2272 1679 ratio-

398 1710 658 1765 ’³²'³²'⁰’“'·
720 1745 902 1796 nem
956 1724 1219 1797 omnis
1248 1724 1464 1805 boni,
1519 1723 1709 1797 etsi
1753 1724 1987 1796 cadat
2038 1743 2084 1793 a
2139 1744 2268 1794 ra-

715 1839 939 1911 tione
982 1839 1326 1931 alicujus
1358 1839 1570 1919 boni,
1617 1838 1830 1911 cadit
1866 1859 1910 1909 a
1948 1838 2267 1912 ratione

714 1955 1207 2029 universalis
1280 1956 1510 2035 finis3
1588 1955 1847 2045 igitur
1919 1954 1986 2025 si
2045 1957 2264 2028 Deus

711 2072 987 2164 aliquo
1046 2072 1276 2144 modo
1359 2076 1846 2154 mutaretur,
1926 2071 2076 2144 hoe
2139 2094 2267 2145 ne-

708 2191 1075 2262 cessario
1134 2193 1377 2271 esset,
1424 2193 1564 2262 aut
1623 2190 1928 2282 aliquid
1989 2191 2266 2282 acqui-

711 2306 980 2387 rendo,
1028 2310 1169 2380 aut
1239 2305 1543 2395 aliquid
1606 2307 2114 2380 amittendo:
2194 2307 2261 2379 si

710 2422 1010 2515 aliquid
1051 2422 1567 2514 acquirendo,
1607 2443 1766 2493 non
1807 2421 2086 2494 habuit
2134 2444 2264 2495 ra-

709 2539 1015 2612 tionem
1052 2537 1542 2610 universalis
1576 2536 1788 2616 boni,
1818 2558 1963 2629 per
1995 2559 2263 2610 conse·

716 2673 964 2745 quens
1013 2673 1156 2725 nee
1206 2654 1391 2725 finis
1450 2677 1463 2720 :
1523 2653 1594 2725 si
1665 2652 1971 2744 aliquid
2032 2656 2262 2727 amit·

718 2768 980 2849 tendo,
1047 2767 1330 2841 cecidit
1400 2786 1447 2837 a
1518 2767 1838 2841 ratione
1911 2769 2260 2864 alicujus

713 2886 929 2967 beni,
975 2889 1056 2959 et
1116 2906 1260 2978 per
1298 2906 1798 2975 consequens
1851 2906 1898 2958 a
1942 2888 2261 2962 ratione

722 3004 1215 3077 universalis
1248 3003 1477 3085 finis;
1519 3004 1776 3093 igitur
1826 3005 1890 3078 si
1925 3011 2049 3080 est
2093 3028 2260 3079 om-

709 3119 935 3191 nium
980 3120 1184 3203 finiS,
1242 3120 1680 3192 secundum
1725 3121 2257 3199 Aristotelem

708 3236 814 3305 12.
881 3236 1243 3323 Metaphys.
1290 3249 1454 3304 text.
1507 3238 1619 3308 36.
1666 3251 1727 3306 ec
1786 3240 2117 3327 deinceps,
2172 3246 2259 3317 ut

712 3351 1128 3421 ostensum
1162 3354 1309 3432 est,
1348 3351 1734 3444 supponit
1760 3357 2252 3439 necessarie,

707 3469 794 3538 ut
831 3465 1035 3538 idem
1077 3466 1259 3538 finis
1292 3467 1398 3542 sit
1443 3468 1773 3540 omuino
1814 3470 2257 3546 immobilis

709 3587 789 3655 et
828 3583 1386 3656 immutabilis

492 3722 568 3775 13.
805 3710 1032 3790 Item,
1110 3710 1614 3799 Augustinus
1682 3714 1747 3782 8.
1840 3713 1923 3779 cle
2011 3715 2253 3785 Triuia.

707 3849 852 3913 cap.
894 3827 954 3896 t.
996 3825 1328 3917 loquens
1383 3827 1473 3898 de
1519 3826 1677 3897 isto
1721 3827 1957 3910 bone,
2005 3832 2083 3902 et
2133 3853 2259 3903 os-

708 3942 1039 4013 tendens
1084 3943 1288 4033 quod
1320 3944 1535 4015 Deus
1574 3965 1733 4015 non
1768 3949 1890 4018 est
1936 3946 2085 4020 hoe
2119 3948 2258 4020 be-

712 4077 928 4136 num,
970 4058 1101 4128 sed
1138 4058 1430 4129 bonum
1477 4058 1742 4132 omnis
1777 4061 1989 4144 boni,
2037 4062 2252 4149 dicit,

713 4172 918 4262 quod
969 4170 1124 4243 nisi
1174 4176 1387 4244 esset
1431 4173 1753 4264 aliquod
1797 4177 2094 4249 bonum
2140 4178 2258 4250 in-

708 4287 1250 4369 terminabile,
1316 4290 1628 4363 nullum
1685 4297 1900 4365 esset
1954 4295 2256 4368 bonum

713 4404 1240 4489 immutabile,
1288 4427 1430 4479 nec
1482 4408 1801 4480 animus
1838 4410 2091 4482 bonus
2128 4411 2257 4483 sie—

715 4524 841 4593 ret
874 4521 1153 4604 bonus,
1203 4524 1386 4615 quia
1429 4525 1685 4613 bonus
1729 4526 2051 4598 animus
2093 4549 2251 4599 non

708 4639 797 4710 fit
843 4639 1127 4722 malus,
1174 4639 1330 4712 nisi
1375 4640 1564 4732 quia.
1605 4643 2014 4716 avertitur
2048 4666 2093 4716 a
2130 4646 2255 4718 bo-

709 4777 846 4835 no;
894 4776 1035 4828 nec
1096 4756 1357 4828 malus
1399 4758 1487 4830 fit
1530 4759 1813 4841 bonus,
1856 4760 2011 4832 nisi
2066 4762 2254 4852 quia

708 4873 1222 4945 convertitur
1254 4875 1348 4944 ad
1385 4873 1457 4946 id
1499 4897 1593 4966 qu
1610 4876 1705 4947 od
1738 4876 2035 4947 bonum
2071 4881 2194 4950 est
2233 4904 2246 4960 ;

707 5011 851 5062 nec
893 5009 1138 5061 unum
1191 4990 1478 5062 melius
1522 4991 1813 5074 altero,
1862 4992 2016 5065 nisi
2063 4994 2252 5086 quia

706 5107 884 5198 plus
920 5105 1519 5198 appropinquat
1555 5109 1648 5179 ad
1684 5130 2090 5181 summum
2128 5111 2252 5184 bo-

702 5244 918 5295 num.
967 5224 1066 5295 Et
1102 5222 1504 5296 concludit
1540 5222 1620 5294 in
1656 5223 1809 5296 fine
1850 5246 2184 5299 eausa-m
2232 5253 2246 5296 :

710 5344 1127 5429 Quapropter
1154 5343 1345 5408 nulla
1394 5353 1604 5408 essen-t
1650 5344 2003 5410 „amabilia
2051 5346 2242 5426 bona,

1898 376 1999 443 DE
2044 378 2308 443 RERUM
2354 373 2741 442 PRINCIPIO

2387 559 2543 632 qua
2574 539 2696 611 est
2733 536 2939 622 finiS,
2977 537 3099 612 est
3138 536 3465 611 omnino
3489 533 3910 608 incommu-

2383 656 2654 730 tabile.
2703 657 2874 730 Hoc
2914 655 3005 728 de
3040 655 3408 729 secundo,

2844 985 3279 1044 ARTICULUS
3357 984 3454 1043 111.

2380 1173 2531 1240 Non
2586 1168 2773 1237 cadit
2817 1168 3098 1234 mutatio
3155 1167 3230 1232 in
3298 1166 3535 1244 Deum,
3611 1163 3814 1229 etiam
3854 1175 3915 1229 ιιι

2468 1286 2934 1354 consideratur
2979 1283 3399 1373 principium
3434 1281 3699 1348 actuale
3735 1300 3911 1376 nouae

2467 1416 2813 1471 creaturae.

2470 1604 2708 1679 Circa
2730 1601 3098 1683 tertium,
3128 1600 3332 1694 quod
3358 1599 3648 1692 quaerit
3677 1618 3915 1691 quaes-

2379 1723 2522 1804 tio,
2572 1720 2776 1813 quod
2820 1717 3128 1792 scilicet
3173 1716 3255 1788 in
3295 1719 3551 1789 Deum
3603 1736 3765 1788 non
3807 1736 3916 1788 ca-

2377 1841 2509 1913 dat
2546 1836 2917 1920 mutatiO,
2965 1838 3053 1909 ut
3095 1837 3217 1907 est
3263 1832 3753 1927 principium
3798 1853 3915 1907 ae-

2377 1956 2597 2029 tuale
2640 1976 2868 2026 novae
2910 1955 3340 2033 creaturae,
3396 1950 3510 2024 sic
3559 1951 3683 2022 est
3738 1970 3916 2042 pro-

2379 2074 2862 2149 cedendum:
2919 2072 3196 2146 Primo
3266 2070 3689 2145 videndum
3771 2070 3913 2152 est,

2381 2193 2563 2285 quid
2589 2191 2887 2282 ingerit
2912 2190 3503 2263 difficultatem.
3534 2188 3911 2269 Secundo,

2380 2309 2560 2402 quid
2589 2306 3051 2380 manuducit
3089 2306 3184 2377 ad
3223 2306 3686 2379 veritatem.
3735 2307 3918 2378 Ter-

2374 2425 2518 2508 tio,
2567 2423 2749 2516 quid
2794 2422 3092 2495 inducit
3144 2421 3743 2495 necessitatem.

2704 2735 2955 2792 ARTIC.
3033 2734 3132 2792 111.
3236 2733 3439 2792 SEGT.
3540 2736 3582 2790 1.

2378 2924 2556 3004 Quid
2594 2925 2668 2992 in
2705 2925 2829 2990 hac
2876 2921 3193 2988 doctrina
3240 2920 3487 3007 inqerit
3548 2919 3919 3004 difficulta-

3082 3036 3259 3104 lem?

2462 3238 2698 3313 Circa
2769 3236 3125 3328 primum
3197 3229 3630 3314 sciendum,

2369 3355 2444 3427 id
2478 3344 2683 3446 quod
2714 3352 2846 3424 hic
2879 3350 3177 3441 ingerit
3212 3348 3802 3429 difficultatem,
3838 3351 3912 3420 et

4041 1632 4098 1682 ss.

3709 3254 3808 3325 qu
3821 3232 3909 3304 od
3959 3251 4056 3301 Non
4081 3249 4168 3296 zm

3953 3324 4169 3376 aryumcm

3943 3384 4097 3423 tamur
4107 3388 4129 3418 a
4141 3385 4169 3434 pq

3945 3437 4094 3484 teneas
4110 3439 4169 3484 nos

2369 3471 2719 3550 excludit
2781 3468 3245 3548 veritatem,
3300 3468 3424 3538 est
3486 3486 4169 3571 processum-Mat

2375 3590 2603 3686 quasi
2671 3608 2718 3659 a
2779 3583 3052 3665 simili,
3136 3581 3218 3654 in
3285 3583 3427 3655 illo
3509 3583 3720 3674 quod
3798 3588 3916 3656 est

2330 3705 2700 3778 ·omnino
2752 3698 3178 3779 dissimile;
3239 3697 3371 3790 qui
3425 3696 3640 3770 enim
3698 3699 3918 3772 circa

2368 3821 2721 3896 divinam
2754 3819 3263 3890 voluntatem
3324 3819 3402 3888 et
3447 3836 3705 3897 suam,
3747 3837 3919 3889 con·

2370 3938 2614 4011 cludit
2648 3935 2971 4027 aliquid,
3013 3954 3157 4025 per
3190 3931 3341 4004 hoe
3377 3933 3580 4026 quod
3625 3933 3706 4003 in
3742 3954 3920 4005 nos-

2369 4058 2504 4128 tra
2551 4053 3001 4132 voluntate,
3055 4053 3134 4122 et
3187 4053 3477 4122 nostro
3520 4050 3734 4121 velle
3786 4070 3918 4121 ex-

2372 4171 2771 4267 perimur;
2841 4169 2968 4242 vel
3028 4190 3174 4263 per
3234 4169 3387 4240 hoe
3448 4168 3650 4259 quod
3705 4168 3916 4242 vide-

2373 4309 2576 4368 n1uS‚
2614 4289 2691 4358 et
2728 4285 2806 4358 in
2842 4285 3209 4378 potentia
3242 4286 3319 4358 et
3346 4288 3528 4358 actu
3567 4283 3916 4376 alioujiis
3959 4290 3968 4298 '

2368 4407 2770 4476 creaturae
2820 4406 2968 4485 est,
3024 4423 3434 4497 nunquam
3499 4401 3916 4497 perveniet

2370 4521 2464 4593 ad
2485 4521 2923 4593 veritatem
2948 4520 3189 4614 hujus
3219 4520 3361 4592 rei.
3393 4520 3673 4595 Omnis
3698 4520 3914 4596 enim

2368 4638 2757 4732 potentia,
2804 4636 2973 4709 sive
3013 4625 3445 4721 naturalis,
3503 4637 3673 4713 sive
3727 4641 3919 4714 libe-

2369 4775 2485 4836 ra,
2525 4774 2707 4825 eum
2751 4771 2796 4822 a
2840 4774 2985 4824 suo
3031 4755 3213 4825 actu
3248 4754 3596 4838 differat,
3642 4778 3919 4831 neces-

2365 4871 2587 4944 sario
2647 4868 3061 4942 contrahit
3138 4875 3611 4962 potentiam,
3679 4879 3761 4948 et
3825 4876 3916 4948 ad

2365 4986 2756 5081 pauciora
2800 5007 2883 5058 se
2925 4987 3311 5072 extendit,
3360 5011 3599 5081 quam
3642 4996 3918 5085 poten·

2362 5103 2478 5177 tia
2514 5103 2813 5196 primm
2855 5102 3041 5196 quia
3076 5106 3440 5196 potentia
3473 5109 3909 5190 naturalis,

2365 5244 2536 5315 quae
2596 5222 2867 5313 potest
2940 5221 3230 5302 multa,
3288 5223 3647 5299 existens
3722 5246 3909 5309 una,

2362 5340 2833 5432 producere,
2926 5338 3078 5412 hoe
3155 5360 3315 5411 non
3404 5344 3673 5433 potest
3771 5363 3915 5436 per

702 5458 838 5523 nisi
876 5467 1035 5524 esset
1089 5455 1626 5523 incommutabile
1674 5458 1957 5540 bonum;
2010 5460 2249 5528 bonum
2359 5476 2608 5528 unum
2650 5458 2947 5538 aetum,
2999 5457 3132 5528 sed
3193 5478 3339 5550 per
3399 5458 3730 5532 multos.
3798 5459 3914 5534 Si-

710 5581 927 5638 autem
968 5581 1028 5638 el
1063 5571 1224 5657 finis
1264 5570 1440 5640 idem
1490 5597 1510 5638 .·
1553 5588 1753 5662 ergo
1796 5569 1876 5644 in
1929 5570 2248 5645 ratione

2361 5570 2669 5646 militer
2713 5571 3078 5665 potentia
3138 5572 3421 5656 libera,
3471 5593 3643 5667 quae
3696 5573 3914 5648 exis-

4011 3573 4144 3609 ΝΜ.
