4252 6393
726 400 844 494 '43'4

740 592 1085 666 minoris
1112 590 1669 687 perfectionis,
1698 590 1930 664 tanto
1958 586 2281 681 paucio-

738 708 960 780 ribus
1031 706 1330 799 indiget
1407 704 2106 800 dispositionibus,
2190 703 2276 772 ut

733 826 956 915 patet
993 824 1073 898 in
1105 825 1488 915 gradibus
1532 824 1990 896 formarum
2022 846 2035 901 ;
2074 837 2275 908 ergo

713 938 876 1011 ‘illa
908 938 1180 1012 forma
1212 943 1336 1013 est
1372 961 1683 1013 summe
1720 939 2107 1032 perfecta,
2147 933 2277 1008 cui

728 1053 1486 1130 debetur·matcria
1547 1056 1691 1128 sub
1763 1054 1981 1126 omni
2040 1052 2274 1124 modo

725 1170 1339 1264 dispositionis:
1415 1174 1546 1246 sed
1625 1193 1926 1265 corpus
1997 1171 2273 1245 huma-

727 1304 919 1356 num
1006 1286 1369 1362 continet
1447 1307 1765 1360 omnem
1815 1284 2276 1378 dispositio-

723 1422 908 1473 nem
968 1402 1430 1486 humorum,
1499 1425 1819 1476 omnem
1892 1401 2274 1476 nobilita-

723 1520 889 1592 tem
952 1539 1490 1611 organorum,
1563 1520 1853 1594 saltcm
1951 1521 2274 1592 ratione

724 1636 1450 1710 consubstantialis
1495 1637 1929 1720 sensitivae,
1979 1642 2069 1711 ut
2130 1635 2273 1709 illa

721 1756 844 1826 est
917 1754 1412 1849 principium
1484 1756 1867 1849 operandi
1947 1775 2271 1828 omnem

722 1864 1387 1970 adaequationem,
1419 1873 1939 1970 etxsummam
1971 1874 2270 1962 tempe-

724 1983 1082 2058 rantiam
1179 1986 1739 2070 miscibilium,
1834 1988 2271 2060 secundum

722 2101 1313 2176 auctoritatem
1386 2104 1816 2177 Avicennae
1891 2104 2268 2197 superius

722 2217 1171 2308 allegatam
1199 2245 1214 2303 ;
1244 2241 1444 2313 ergo
1472 2221 1741 2296 forma
1767 2222 2269 2297 intellectiva

719 2337 845 2407 est
896 2355 1214 2409 summe
1254 2336 1527 2410 forma
1598 2337 1961 2432 perfecta
2014 2337 2090 2410 in
2134 2357 2268 2430 ge-

718 2471 914 2524 nere
980 2450 1469 2537 formarum,
1525 2475 1617 2528 ac
1668 2476 1814 2548 per
1880 2455 2033 2528 hoc
2085 2454 2266 2528 inti-

720 2567 934 2639 mius
998 2567 1330 2642 unibilis
1385 2571 1753 2644 materiae
1821 2591 2012 2653 suae,
2074 2575 2262 2646 actu

718 2682 1151 2760 unieturct
1180 2685 1548 2778 perficiet
1570 2707 1776 2759 eam.
1826 2690 2264 2762 Ostensum

716 2802 843 2873 est
921 2805 1197 2875 autem
1270 2804 1477 2895 quod
1554 2824 1695 2877 ens
1737 2808 1818 2878 et
1871 2825 2117 2877 unum
2179 2826 2263 2877 sc

718 2922 1358 3008 consequuntur,
1404 2920 1839 2992 secundum
1873 2918 2025 2995 hoc
2063 2940 2263 3013 ergo

715 3033 996 3106 verius
1064 3033 1262 3107 facit
1334 3055 1582 3108 unum
1650 3056 1834 3108 cum
1908 3057 2263 3130 corpore

712 3146 1072 3224 humano
1134 3154 1212 3226 et
1273 3153 1553 3227 verius
1594 3173 1735 3226 ens
1794 3156 1874 3227 et
1953 3153 2262 3228 unitius

713 3268 1269 3362 compositum
1303 3291 1543 3363 quam
1588 3271 1859 3364 aliqua
1902 3271 2066 3345 alia
2101 3292 2261 3345 ma-

713 3383 929 3457 teria
956 3405 1141 3458 cum
1186 3406 1333 3458 sua
1375 3385 1669 3459 forma.

804 3502 1367 3579 confirmatur
1400 3502 1570 3576 haec
1606 3502 1847 3586 ratio,
1875 3503 2065 3597 quia
2100 3524 2261 3577 ma-

704 3614 846 3708 jor
897 3617 1169 3690 unitas
1203 3621 1327 3690 est
1363 3617 1444 3690 in
1486 3618 1862 3702 termino,
1902 3640 2144 3711 quam
2180 3620 2260 3693 in

710 3730 866 3821 his,
928 3754 1103 3827 quae
1156 3740 1343 3809 sunt
1395 3737 1490 3808 ad
1534 3735 1999 3819 terminum,
2046 3740 2123 3810 et
2180 3736 2260 3809 in

705 3849 862 3924 fine
923 3872 1164 3944 quam
1209 3852 1288 3924 in
1347 3850 1498 3935 his,
1564 3873 1739 3944 quae
1775 3855 2096 3927 suntad
2170 3854 2258 3926 fi-

706 3987 916 4050 nem,
957 3968 1198 4041 homo
1233 3974 1357 4042 est
1391 3970 1791 4043 terminus
1825 3974 1905 4044 et
1940 3970 2257 4045 fructus

705 4093 960 4167 totius
1003 4096 1347 4175 naturae,
1395 4094 1525 4166 ubi
1571 4094 1780 4168 sicut
1853 4096 1931 4167 in
1983 4095 2256 4170 fructu

707 4224 1035 4293 maturo
1068 4219 1544 4295 declaratur
1570 4222 1831 4295 omnis
1860 4222 2258 4316 possibili·

703 4351 829 4420 tas
871 4353 1213 4422 naturae.

794 4474 1154 4547 Secundo
1189 4494 1448 4565 arguo
1486 4474 1623 4557 sic,
1665 4477 1929 4548 omnis
1983 4476 2255 4550 forma

705 4600 1046 4693 perficit,
1085 4604 1163 4673 et
1199 4600 1617 4684 terminat,
1654 4604 1732 4674 ct
1771 4602 1969 4686 unit,
1999 4606 2079 4676 et
2112 4602 2248 4675 dat

694 4746 877 4804 esse
922 4725 1290 4798 materiae
1335 4747 1526 4808 suae,
1593 4731 1681 4800 ut
1722 4731 1848 4801 est
1909 4726 1981 4798 ei
2042 4747 2250 4819 prae-

693 4871 877 4921 sens
948 4871 1094 4944 per
1157 4851 1747 4933 substantiam;
1814 4871 2015 4943 ergo
2101 4852 2249 4925 illa

689 4975 985 5060 forma,
1033 4999 1207 5070 quae
1266 4979 1356 5051 de
1419 4977 1739 5051 ratione
1784 4997 1931 5049 sua
1989 4978 2244 5070 majo-

692 5124 862 5175 rem
912 5103 1152 5179 habet
1209 5105 1770 5198 aptitudinem,
1823 5110 1913 5179 ut
1958 5107 2240 5178 verius

685 5236 766 5306 et
799 5229 1243 5323 perfectius
1287 5232 1394 5304 sit
1438 5251 1798 5323 praesens
1833 5233 2231 5313 materiae,

1900 426 2001 490 nn
2046 398 2311 490 Renum
2354 422 2746 487 nummo

2393 583 2571 656 sola
2641 559 2912 655 forma
2988 579 3379 655 rationali
3448 577 3931 671 completur,

2391 701 2605 775 sicut
2639 700 2718 773 in
2760 699 3115 774 termino
3162 724 3176 781 ;
3223 717 3452 790 ergo,
3489 701 3641 771 etc.

2479 817 2761 892 Tertio
2797 817 2940 899 sic,
2997 817 3268 889 forma
3334 814 3733 888 terminat
3791 812 3932 883 flu-

2389 951 2582 1003 xum
2671 934 2749 1003 et
2812 928 3443 1023 passibilitatem
3504 926 3928 1007 materiam

2387 1066 2587 1137 ergo
2634 1047 2774 1120 illa
2807 1046 3077 1119 forma
3109 1046 3385 1118 verius
3430 1044 3627 1118 facit
3657 1062 3929 1125 unum,

2389 1163 2578 1255 quia
2648 1163 3091 1256 perfectius
3142 1162 3353 1235 hunc
3412 1162 3712 1233 fluxum
3772 1163 3934 1234 ter-

2389 1280 2672 1362 minat,
2721 1281 2854 1353 sed
2888 1280 3416 1361 intellectiva,
3455 1281 3543 1351 ut
3579 1276 3931 1351 intellec-

2386 1398 2581 1478 tiva,
2629 1418 2714 1469 re
2754 1399 2834 1470 et
2879 1398 3200 1472 ratione
3252 1415 3571 1469 omnem
3622 1394 3930 1465 fluxum

2388 1495 2763 1585 materiae
2802 1511 3215 1594 terminat,
3253 1532 3436 1584 cum
3470 1511 3583 1584 sit
3634 1509 3714 1582 in
3774 1512 3929 1582 fine

2388 1650 2994 1722 supremorum,
3077 1629 3583 1723 conjungens
3650 1647 3737 1700 se
3805 1646 3929 1698 su-

2386 1744 2694 1837 premis
2730 1744 3246 1818 inferiorum.

2476 1863 2705 1944 Item,
2752 1863 3021 1936 forma
3086 1864 3177 1936 de
3231 1861 3554 1936 ratione
3610 1879 3757 1932 sua
3795 1862 3932 1936 dat

2383 1982 2681 2061 actum,
2746 1982 2827 2053 et
2903 1979 3456 2053 communicat
3524 1979 3930 2071 operatio-

2381 2114 2563 2166 nem
2600 2095 2966 2169 materiae
2994 2117 3182 2177 suae,
3211 2094 3337 2168 vel
3373 2094 3524 2170 toti
3552 2094 3934 2188 conjunc·

2382 2215 2490 2294 to,
2544 2216 2631 2286 ut
2689 2238 2898 2304 supra
2944 2213 3286 2307 exposui
3333 2239 3346 2283 :
3405 2233 3590 2285 cum
3671 2212 3931 2304 igitur

2385 2328 2462 2400 in
2495 2327 2823 2403 homine
2864 2322 2953 2405 et
2975 2330 3193 2403 actio
3238 2328 3520 2412 libera,
3566 2334 3648 2403 et
3700 2328 3932 2402 intel-

2380 2446 2699 2529 lectiva,
2747 2446 3107 2519 nobilior
3148 2446 3255 2520 sit
3317 2445 3536 2518 omni
3577 2445 3746 2519 alia
3795 2465 3931 2518 ac-

2381 2563 2602 2636 tione
2635 2555 2681 2634 a
2724 2584 3227 2656 quacumque
3269 2562 3539 2635 forma
3570 2583 3929 2636 commu-

2377 2679 2693 2763 nicata;
2774 2700 2975 2772 ergo
3061 2678 3330 2752 forma
3420 2680 3926 2754 intellectiva

2380 2802 2556 2894 plus
2625 2801 2864 2877 habet
2921 2802 3013 2874 de
3091 2802 3412 2876 ratione
3465 2801 3778 2885 formae,
3843 2805 3927 2876 et

2375 2918 2651 2991 verius
2702 2938 2884 2990 eam
2945 2918 3417 3013 participat,
3483 2939 3726 3012 quam
3784 2918 3928 2992 ali-

2378 3056 2534 3127 qua
2571 3035 2734 3108 alia
2771 3036 3121 3109 materia
3164 3057 3339 3109 sua.

2469 3150 2701 3235 Item,
2735 3152 2826 3224 de
2878 3150 3201 3226 ratione
3262 3151 3550 3224 formae
3593 3155 3720 3227 est
3764 3171 3928 3225 ma-

2377 3267 2674 3341 teriam
2728 3289 2959 3340 suam
3013 3270 3107 3341 ad
3150 3290 3344 3342 suas
3386 3269 3608 3361 leges
3658 3268 3932 3343 trahe-

2377 3404 2465 3457 re
2498 3389 2577 3459 et
2609 3386 3162 3468 actualitates,
3199 3391 3280 3461 et
3312 3385 3564 3460 etiam
3598 3406 3932 3479 compo-

2377 3501 2652 3584 situm,
2701 3504 3137 3577 secundum
3182 3492 3444 3595 magis
3483 3505 3565 3575 et
3626 3502 3926 3581 minus,

2376 3620 2815 3692 secundum
2902 3620 3302 3714 majorem
3370 3625 3451 3694 et
3510 3620 3928 3692 minorem

2373 3735 2940 3809 actualitatem
2999 3735 3333 3817 formam
3383 3736 3514 3808 sed
3559 3734 3931 3808 intellec-

2374 3850 2542 3925 tiva
2570 3851 2746 3944 plus
2766 3852 3174 3926 abstrahit
3200 3851 3635 3926 materiam
3661 3872 3927 3932 suam,

2375 3987 2616 4061 quam
2711 3968 2985 4061 aliqua
3065 3969 3336 4043 forma
3408 3971 3499 4042 de
3597 3969 3928 4042 mundo.

2373 4086 2596 4167 Quod
2631 4090 2879 4178 patet,
2918 4085 3106 4177 quia
3143 4107 3326 4158 cum
3363 4085 3714 4159 materia
3746 4085 3933 4179 ejus
3982 4178 3990 4186 θ

2374 4202 2480 4276 sit
2504 4203 3097 4296 corruptibilis,
3129 4225 3276 4297 per
3305 4209 3577 4278 actum
3615 4224 3934 4277 meren·
4043 4246 4046 4247 ν

2370 4320 2470 4401 di,
2533 4320 2854 4395 ordinat
2912 4342 3094 4395 eam
3137 4322 3232 4394 ad
3283 4320 3929 4416 perpetuitatem

2368 4437 2824 4511 firmiorem
2888 4459 3128 4531 quam
3199 4438 3306 4512 sit
3394 4437 3474 4509 in
3531 4436 3764 4518 coelo,
3845 4442 3928 4510 et

2368 4575 2548 4626 eam
2590 4555 2763 4628 unit
2796 4555 3063 4627 forma
3107 4554 3748 4649 supernaturali,
3805 4576 3926 4627 se-

2366 4675 2714 4745 cundum
2749 4676 2956 4765 quod
3000 4678 3222 4748 totus
3265 4673 3510 4745 homo
3558 4676 3685 4747 est
3745 4673 3925 4744 sub-

2357 4789 2666 4882 jectum
2690 4788 3213 4863 beatitudinis
3251 4787 3632 4881 perfectae
3669 4813 3683 4855 :
3724 4788 3923 4878 quia

2363 4906 2796 4978 secundum
2834 4905 3161 4980 beatum
3212 4905 3785 4997 Augustinum,
3830 4912 3919 4981 ut

2358 5021 2665 5096 dictum
2721 5027 2845 5096 est
2892 5046 3123 5112 supra,
3181 5022 3456 5096 anima
3518 5029 3915 5118 separata
3968 5030 4106 5084 Num·

2356 5138 2715 5231 perfecte
2793 5143 2970 5213 tota
3055 5138 3508 5213 intensione
3607 5140 3917 5233 absque

2352 5276 2705 5347 corpore
2765 5255 2844 5327 in
2877 5275 3283 5328 summum
3334 5256 3626 5330 coelum
3688 5255 3898 5331 ferri

681 5357 961 5430 verius
995 5359 1074 5430 et
1123 5355 1563 5449 perfectius
1606 5356 1890 5430 unitur
1938 5356 2011 5429 ei
2049 5385 2061 5426 :
2101 5359 2233 5430 sed
2348 5394 2510 5445 non
2551 5378 2840 5466 potest.

686 5488 864 5558 tota
900 5483 1116 5557 ratio
1171 5482 1627 5575 prae-sentis,
1678 5504 1850 5574 quae
1914 5483 2231 5573 excogi-

2441 5493 2670 5572 Item‚
2707 5492 3071 5564 videmus
3111 5493 3317 5585 quod
3347 5493 3501 5566 duo
3534 5512 3900 5586 corpora

682 5608 847 5681 tari
887 5608 1180 5701 potest,
1220 5605 1506 5679 sormae
1543 5606 1633 5676 ad
1683 5604 2117 5679 materiam
2150 5603 2231 5676 in
2343 5627 2504 5679 non
2566 5612 2907 5704 possunt
2953 5607 3103 5680 sibi
3166 5607 3665 5683 naturaliter
3704 5608 3901 5683 inti-

4036 5523 4109 5576 Ἡ.
