4252 6393
441 1289 488 1341 2.

334 1386 382 1433 :l
388 1395 451 1446 ΥΩ
457 1415 470 1429 ,
493 1374 612 1440 pri·

381 1459 434 1493 ”l
441 1456 474 1491 u
480 1456 529 1490 m
536 1475 550 1490 ο

314 1896 638 1949 qunaum.

334 2942 599 2995 ‘Ten-tium.

305 4803 596 4860 Quartum.

677 394 767 465 3²12·

1027 766 1495 850 QUAEs'rlo
1616 769 1679 837 V
1698 768 1725 838 I
1742 769 1770 839 I
1787 768 1842 838 Ι.

666 967 909 1035 Utrum
974 989 1093 1035 aer
1166 969 1254 1035 sit
1330 968 1743 1035 naturaliter
1827 968 2088 1036 calidus
2167 980 2234 1035 ct

686 1085 693 1089 ’
1268 1083 1589 1150 humidus
1608 1084 1640 1150 ἰ)

690 1278 1159 1368 ‘Arguitur
1237 1281 1441 1370 quod
1523 1300 1705 1362 non,
1790 1280 1976 1374 quia
2062 1281 2234 1357 duae

673 1393 1109 1485 qualitates
1150 1417 1310 1469 non
1370 1402 1712 1491 possunt
1773 1400 2035 1473 inesse
2094 1401 2235 1472 ali·

671 1512 802 1584 cui
831 1512 1231 1586 elemento
1264 1532 1470 1607 puro
1505 1537 1519 1595 ;
1566 1535 1765 1607 ergo
1798 1536 1959 1590 non
2002 1521 2232 1592 natu-

667 1629 983 1704 raliter.
1027 1631 1623 1724 Consequentia
1673 1635 1893 1708 tenet
1934 1653 2082 1728 per
2133 1636 2232 1709 si·

673 1744 888 1829 mile,
923 1749 1004 1819 et
1034 1746 1513 1822 antecedens
1543 1750 1611 1821 Ξ.
1648 1751 1729 1817 de
1763 1752 2224 1821 Generatimw.

761 1863 1145 1945 Secundo,
1172 1863 1365 1937 illud
1388 1865 1595 1956 quod
1614 1869 1740 1939 est
1758 1867 2229 1961 quandoque

672 1978 1051 2063 calidum,
1099 1980 1574 2074 quandoque
1605 1982 2017 2073 frigidum,
2065 2005 2226 2058 non

667 2099 792 2170 est
825 2096 1322 2170 naturaliter
1343 2097 1693 2171 calidum
1722 2125 1736 2181 ;
1765 2099 1899 2171 sed
1919 2099 2010 2172 de
2034 2119 2126 2173 ae
2139 2123 2224 2174 re

670 2208 789 2285 ita
838 2214 965 2284 est
1008 2236 1023 2280 ε
1070 2230 1297 2301 ergo,
1352 2217 1507 2285 etc.
1560 2214 1833 2285 Minor
1879 2221 2222 2309 apparet

665 2326 762 2399 ad
801 2327 1425 2419 experientiam,
1472 2348 1659 2400 nam
1703 2349 1847 2402 aer
1901 2331 1981 2404 in
2031 2331 2219 2426 hyc-

665 2464 792 2515 me
832 2448 958 2518 est
1005 2444 1380 2536 frigiduS,
1428 2446 1509 2518 in
1547 2451 1838 2522 aestate
1878 2449 2212 2524 calidus.

666 2561 935 2654 MaJor
979 2582 1295 2655 quoque
1333 2566 1583 2655 patet,
1622 2563 1812 2657 quia
1853 2566 2058 2659 quod
2089 2571 2218 2643 est

665 2677 1043 2753 naturale
1085 2676 1359 2763 alicui,
1396 2678 1650 2753 eidem
1694 2680 1906 2758 inest
1935 2683 2213 2758 eodem

668 2792 933 2868 modo.
1150 2822 1185 2844 ·

749 2909 1054 2997 Terti0,
1106 2911 1301 2986 illud
1343 2914 1552 3007 quod
1590 2920 1717 2990 est
1760 2914 2022 3008 magis
2073 2915 2212 2991 fri-

662 3026 960 3119 gidum,
1043 3048 1284 3122 quam
1356 3049 1659 3124 corpus
1735 3030 2206 3115 humanum,

660 3164 823 3218 non
876 3148 1002 3222 est
1068 3146 1566 3222 naturaliter
1622 3148 1997 3233 calidum,
2077 3150 2211 3224 sed

662 3281 806 3335 aer
844 3267 970 3339 est
1019 3264 1280 3357 magis
1331 3265 1677 3358 frigidus
1739 3287 1981 3360 quam
2031 3289 2207 3341 cor·

662 3401 811 3473 pus
852 3377 1338 3464 huma-num;
1378 3403 1605 3475 ergo.
1656 3384 1928 3476 Major
1967 3404 2207 3478 appa·

662 3501 815 3580 ret,
863 3497 1050 3590 quia
1082 3520 1381 3593 corpus
1414 3498 1860 3574 humanum
1886 3506 2011 3576 est
2046 3521 2206 3574 ma-

659 3612 786 3705 gis
846 3612 1260 3704 frigidum,
1335 3636 1576 3708 quam
1652 3616 2029 3698 calidum,
2118 3623 2207 3691 ut

660 3736 883 3824 patet
950 3754 1049 3806 ex
1101 3732 1436 3805 duobus.
1504 3733 1810 3818 Primo,
1859 3734 2048 3826 quia
2125 3733 2207 3806 in
2266 3794 2273 3802 .

658 3847 836 3940 ipso
894 3849 1362 3925 dominatur
1427 3853 1682 3931 terra,
1740 3853 1828 3923 ut
1872 3853 2096 3942 patet
2136 3852 2201 3922 4.

656 3969 890 4055 mesu-s,-
925 3966 1157 4039 modo
1191 3969 1421 4042 terra
1444 3971 1570 4041 est
1602 3965 1899 4057 frigida
1941 3969 2024 4041 et
2056 3967 2205 4042 sic-

653 4103 772 4154 ca.
839 4082 1227 4165 SecundO,
1289 4103 1384 4155 eo
1441 4084 1645 4176 quod
1712 4104 1859 4156 nos
1920 4103 2203 4157 sumus

653 4197 917 4288 magis
952 4197 1401 4291 perceptivi
1441 4197 1907 4282 caliditatis,
1956 4220 2201 4291 quam

651 4314 1157 4406 frigiditatis,
1205 4318 1292 4388 ut
1334 4317 1557 4406 patet
1597 4334 1742 4406 per
1780 4316 2200 4408 experien-

650 4432 896 4513 tiam;
944 4433 1079 4504 sed
1135 4450 1299 4504 non
1339 4434 1557 4504 essct
1618 4429 1756 4513 ita,
1815 4431 1973 4505 nisi
2016 4432 2197 4525 plus

648 4546 1135 4620 haberemus
1230 4548 1323 4618 de
1390 4544 1867 4637 frigiditate,
1952 4569 2197 4641 quam

648 4662 1070 4738 caliditate
1115 4689 1128 4733 :
1167 4682 1395 4754 ergo,
1431 4667 1585 4739 etc.

674 4815 679 4818 ,
736 4782 1049 4862 Quarto
1139 4775 1550 4868 arguitur,
1609 4778 1816 4870 quod
1859 4798 2017 4851 non
2088 4779 2196 4853 sit

641 4894 1142 4969 naturaliter
1210 4893 1610 4978 humidus,
1676 4894 1866 4988 quia
1912 4916 2194 4969 unum-

640 5011 1007 5104 quodque
1067 5010 1562 5085 elementum
1625 5010 1887 5102 magis
1941 5011 2193 5104 parti·

638 5128 859 5222 cipat
924 5134 1309 5203 naturam
1367 5129 1747 5203 elementi
1807 5127 2186 5210 locantis,

635 5265 879 5337 quam
946 5243 1331 5320 elementi
1390 5244 1680 5325 locati;
1758 5245 1890 5317 sed
1944 5245 2184 5336 ignis,

636 5363 852 5439 locat
885 5383 1201 5446 aerem;
1240 5362 1496 5455 igitur
1537 5383 1680 5434 aer
1722 5362 1902 5454 plus
1938 5363 2188 5455 parti-

635 5464 855 5569 cipat
888 5480 979 5551 de
1013 5482 1313 5552 natura
1356 5478 1593 5569 igniS,
1642 5500 1881 5572 quam
1923 5501 2180 5573 aquae,

634 5616 818 5669 cum
893 5595 1101 5688 ignis
1165 5596 1271 5671 sit
1334 5596 1560 5670 locus
1620 5596 1863 5677 aeris,
1908 5601 1989 5672 et
2040 5617 2185 5669 aer

1858 396 2001 459 Llss.
2055 398 2101 460 1.
2145 395 2693 462 METEORORUM

2343 558 2450 631 sit
2493 560 2719 631 locus
2789 579 3042 650 aquae,
3114 562 3195 632 et
3249 579 3432 632 cum
3494 557 3708 647 ignis
3781 557 3888 632 sit

2343 674 2635 753 siccus,
2702 675 3075 767 sequitur
3116 674 3322 768 quod
3380 696 3525 747 aer
3580 675 3687 748 sit
3744 675 3888 747 sic·

2342 811 2511 864 cus.
2561 792 2831 884 Major
2891 796 3139 885 patet,
3186 792 3377 885 quia
3423 793 3654 866 locus
3701 792 3889 865 dici-

2342 907 2483 979 tur
2538 928 2717 980 esse
2773 908 3395 984 conservativus
3457 906 3748 988 locati;
3810 912 3890 981 et

2347 1021 2616 1097 minor
2666 1029 3013 1120 apparet
3086 1045 3233 1120 per
3300 1025 3885 1119 praecedentem

2348 1143 2903 1233 quaestionem.

2438 1261 2761 1344 Quinto,
2811 1261 2878 1335 si
2928 1279 3071 1333 aer
3129 1265 3346 1335 esset
3387 1259 3887 1335 naturaliter

2345 1378 2748 1461 humidus,
2783 1384 3265 1473 sequeretur
3297 1378 3505 1472 quod
3535 1374 3889 1450 maxime

2341 1504 2563 1574 esset
2603 1499 2952 1573 inferior
2986 1498 3214 1590 regio
3257 1498 3522 1580 aeris:
3569 1496 3703 1570 sed
3749 1495 3890 1567 ali-

2347 1637 2504 1712 qua
2559 1637 2752 1711 pars
2814 1616 3033 1689 illius
3100 1635 3262 1690 non
3322 1618 3449 1690 est
3516 1612 3884 1692 humida;

2342 1752 2572 1826 ergo,
2617 1737 2770 1809 etc.
2836 1731 3107 1825 Major
3164 1734 3414 1826 patet,
3461 1729 3653 1823 quia
3693 1748 3886 1821 pars

2342 1849 2690 1924 inferior
2709 1853 2836 1923 est
2859 1845 3120 1940 magis
3154 1846 3611 1941 propinqua
3628 1864 3882 1936 aquae,

2340 1985 2521 2059 quae
2604 1968 2732 2040 est
2823 1965 3315 2038 elementum
3416 1960 3877 2042 humidum,

2337 2102 2582 2175 quam
2623 2081 2898 2175 aliqua
2940 2101 3132 2176 pars
3172 2081 3352 2175 ejus
3395 2079 3800 2174 superior,
3835 2097 3884 2150 a

2337 2219 2493 2293 quo
2563 2203 2831 2293 potest
2900 2198 3247 2274 alterari
3312 2198 3410 2271 ad
3456 2195 3883 2271 humidita-

2336 2322 2525 2394 tem.
2572 2321 2674 2394 Et
2715 2317 2986 2392 minor
3027 2321 3276 2413 patet,
3322 2315 3512 2409 quia
3566 2315 3880 2410 experi-

2334 2458 2519 2512 mur
2552 2438 2633 2511 in
2673 2436 2907 2512 nobis
2949 2457 3252 2530 corpus
3294 2440 3674 2512 nostrum
3720 2455 3878 2507 ma-

2330 2553 2456 2645 gis
2488 2553 2838 2628 desicari
2888 2554 2988 2626 ab
3031 2555 3191 2629 isto
3234 2572 3423 2627 aere
3471 2550 3872 2632 inferiori,

2330 2691 2572 2768 quam
2613 2669 3099 2744 humectari.

2415 2793 2660 2866 Sexto
2715 2788 3100 2879 arguitur
3141 2787 3346 2881 quod
3387 2807 3529 2860 aer
3569 2806 3727 2859 non
3771 2783 3878 2858 sit

2326 2908 2829 2983 naturaliter
2879 2907 3214 2986 calidus,
3267 2905 3456 2998 quia
3511 2926 3654 2976 aer
3709 2925 3872 2975 non

2324 3031 2450 3101 est
2483 3047 2795 3099 summe
2828 3023 3135 3096 calidus
3165 3046 3179 3104 ;
3219 3042 3444 3111 ergo,
3481 3025 3636 3096 etc.
3675 3026 3875 3094 Con-

2326 3142 2747 3237 sequentia
2769 3145 2988 3216 tenet
3012 3139 3200 3234 quia
3224 3138 3302 3211 in
3324 3137 3473 3211 hoc
3491 3136 3875 3212 differunt

2323 3262 2725 3334 elementa
2793 3257 3204 3350 simplicia
3271 3276 3318 3328 a
3386 3253 3873 3348 corporibus

2327 3378 2642 3459 mixtis;
2742 3397 2929 3449 nam
3020 3373 3400 3468 quaelibet
3473 3371 3866 3464 qualitas,

2324 3516 2564 3588 quam
2600 3493 2747 3566 sibi
2799 3491 3293 3567 determinat
3343 3511 3641 3583 corpus
3687 3489 3870 3562 sim-

2323 3612 2533 3705 plex,
2605 3610 2908 3685 dicitur
2974 3629 3153 3681 esse
3224 3608 3306 3683 in
3375 3627 3721 3690 summo,
3792 3611 3873 3680 et

2323 3726 3155 3822 qualitatescorporis
3181 3722 3646 3800 mixticitra
3664 3743 3872 3794 sum-

2323 3863 2568 3916 mum.
2616 3845 2717 3917 Et
2757 3839 3235 3917 antecedens
3268 3843 3638 3934 apparet,
3684 3839 3873 3931 quia

2321 3961 2545 4034 nulla
2579 3964 2768 4036 sunt
2809 3978 3168 4054 corpora
3218 3957 3613 4032 calidiora
3644 3974 3860 4038 aere,

2321 4079 2537 4154 sicut
2581 4076 2820 4169 ignis.

2405 4187 2891 4290 Oppositum
2932 4193 3320 4286 arguitur
3361 4212 3506 4286 per
3548 4189 3861 4265 Aristo-

2316 4313 2558 4386 telem
2594 4312 2675 4386 in
2726 4311 2887 4384 isto
2930 4311 3226 4404 primo.

2403 4430 2564 4502 Pro
2608 4427 3058 4520 quaestione
3101 4429 3226 4500 est
3271 4424 3681 4499 sciendum
3743 4442 3858 4495 se-

2310 4546 2655 4620 cundum
2692 4543 2896 4636 quod
2927 4547 3270 4637 apparet
3299 4544 3365 4614 2.
3425 4544 3510 4611 de
3559 4543 3854 4611 Genera-

3946 1227 4214 1282 Quintum.

3939 2792 4074 2842 Sext
4082 2808 4163 2842 um
4173 2829 4186 2844 .

3955 4182 4198 4248 Opposir.

4033 4412 4082 4463 2.

3968 4484 4214 4537 Quanam·

3932 4555 4070 4595 sunt
4108 4545 4212 4593 ele·

3877 4617 4069 4657 menen
4088 4607 4213 4656 sim-

2311 4665 2510 4745 tione,
2564 4663 2768 4755 quod
2825 4665 3179 4753 quatuor
3224 4664 3411 4736 sunt
3451 4655 3852 4734 elementa
3874 4687 4074 4750 puceu.

2312 4777 2744 4873 simplicia,
2793 4779 3106 4853 scilicet
3140 4778 3432 4870 ignem,
3479 4798 3650 4860 aer,
3695 4783 3850 4854 etc.

2311 4915 2659 4987 quorum
2692 4896 3026 4972 cuilibet
3066 4895 3636 4972 attribuuntur
3684 4896 3855 4974 duae

2308 5011 2749 5105 qualitates
2815 5010 3100 5105 primae
3158 5012 3237 5087 in
3299 5033 3446 5087 sua
3495 5013 3856 5110 naturali

2302 5129 2864 5222 dispositione,
2903 5129 3213 5206 scilicet
3249 5129 3416 5223 igni
3456 5131 3853 5213 caliditas,

2303 5251 2385 5322 et
2427 5247 2784 5331 siccitas,
2828 5253 2980 5323 etc.
3016 5252 3097 5322 et
3129 5247 3462 5323 cuilibet
3505 5250 3854 5324 istorum

2306 5360 2516 5438 inest
2551 5383 2707 5436 una
2743 5362 3200 5457 primarum
3246 5364 3735 5457 qualitatum
3771 5363 3852 5437 in

2304 5501 2650 5563 summo,
2707 5487 2787 5556 et
2829 5482 2990 5555 alia
3031 5504 3217 5555 non.
3267 5482 3541 5556 Ethoc
3577 5483 3847 5574 potest

2302 5597 2875 5691 multipliciter
2942 5601 3236 5694 exponi
3277 5625 3291 5683 ;
3337 5600 3513 5673 Uno
3579 5599 3838 5681 modo,
