4252 6393
639 399 754 468 172
849 434 852 439 ·

622 565 954 637 veniens
1045 564 1496 642 desursum,
1560 582 1720 633 non
1760 560 2166 634 descendit

622 683 927 755 directe
959 683 1364 762 deorsum,
1422 680 1554 751 sed
1604 679 1946 770 quodam
2005 698 2166 749 mo-

627 805 710 874 tu
757 798 1109 881 laterali,
1155 803 1234 874 et
1278 796 1843 872 transversali.

713 921 1021 1000 Quarto
1081 915 1518 995 sciendum,
1580 914 1783 1015 quod
1835 933 1992 983 non
2045 932 2166 982 so-

621 1036 793 1107 lum
860 1034 1200 1105 fulmina
1277 1032 1660 1104 differunt
1728 1029 2166 1103 secundum

623 1148 1097 1230 accidentia,
1180 1149 1312 1220 sed
1390 1147 1639 1221 etiam
1730 1144 2166 1217 secundum

621 1271 1003 1340 naturam
1049 1293 1063 1336 :
1116 1287 1302 1339 nam
1336 1264 1657 1358 aliquod
1699 1264 2000 1336 fulmen
2042 1281 2168 1352 ge-

623 1389 969 1458 nera-tur
1014 1382 1091 1454 in
1130 1383 1361 1463 nube,
1425 1387 1514 1455 ut
1577 1382 1810 1453 modo
1856 1383 2167 1453 tactum

624 1506 774 1585 est,
842 1501 975 1573 sed
1026 1504 1474 1587 generatur
1516 1499 1599 1572 in
1642 1503 1896 1577 terra,
1956 1496 2169 1569 sicut

626 1617 1099 1710 quandoque
1175 1616 1443 1689 visum
1515 1614 1663 1687 fuit
1732 1613 1957 1685 exire-
2026 1611 2169 1683 ful-

629 1754 810 1806 men
858 1732 949 1803 de
1002 1737 1271 1805 monte
1317 1733 1583 1811 AEtna,
1629 1734 1708 1803 et
1751 1728 1914 1801 tale
1955 1727 2170 1800 forte

628 1853 1076 1941 generatur
1124 1869 1220 1919 ex
1273 1846 1745 1939 quibusdam
1807 1842 2169 1917 fontibus

629 1964 1073 2058 sulphuriS,
1157 1964 1291 2056 qui
1367 1963 1662 2037 habent
1737 1962 2170 2034 decursum

631 2082 777 2153 sub
824 2087 1077 2155 terra.

724 2201 840 2270 Ex
904 2198 1086 2270 istis
1159 2202 1426 2289 potest
1493 2196 1678 2267 elici
1746 2216 1920 2287 quae
2007 2195 2171 2267 sint

630 2334 896 2387 causa}
949 2313 1339 2393 fulminis,
1385 2332 1572 2383 nam
1624 2332 1871 2383 causa
1924 2315 2168 2383 mate-

629 2430 860 2502 rialis
893 2433 1018 2501 est
1050 2427 1465 2503 exhalatio
1498 2426 1758 2499 calida
1803 2430 1883 2499 et
1920 2425 2164 2497 sicca.

626 2550 891 2620 Causa
932 2545 1290 2618 efficiens
1339 2549 1465 2617 est
1510 2542 1920 2632 frigiditas
1991 2563 2169 2633 pro-

625 2664 932 2756 pellens
997 2663 1402 2742 deorsum,
1474 2660 1597 2731 vel
1670 2663 1964 2739 motus,
2030 2664 2170 2732 aut

622 2780 854 2851 calor
937 2778 1453 2849 inflammans
1530 2773 2164 2855 exhalationem,

625 2895 838 2969 sicut
903 2894 1325 2966 dicebatur
1396 2892 1488 2963 dc
1568 2890 2167 2963 coruscatione.

625 3014 858 3084 Patet
914 3010 1169 3101 igitur
1250 3009 1645 3100 quomodo
1723 3012 2173 3097 generatur

621 3127 951 3209 fulmen,
1024 3131 1105 3200 et
1184 3147 1358 3219 quae
1429 3129 1618 3198 sunt
1689 3123 2172 3199 differentiae

622 3246 827 3338 ejus,
869 3248 968 3319 Et
1002 3244 1152 3318 hoc
1185 3245 1275 3318 de
1319 3242 1610 3337 primo.

283 2226 603 2302 Cam-msul-

343 2304 524 2341 mum.

1119 3577 1554 3634 ARTICULUS
1613 3574 1681 3630 ll.

981 3759 1075 3823 De
1105 3756 1444 3842 effectibus
1474 3756 1811 3839 fulmini&

406 3990 452 4038 ⁴.
721 3955 1127 4038 Quantum
1176 3949 1271 4020 ad
1341 3948 1801 4028 secundum,
1861 3946 2177 4019 seilicet

275 4052 604 4178 effssfflffl'ss',
630 4075 721 4146 de
774 4066 1193 4144 effectibus
1248 4064 1636 4143 fulminis,
1711 4068 1835 4136 est
1895 4083 2176 4155 exper-

371 4193 510 4226 Μ’·
634 4194 803 4262 tum
858 4182 1063 4276 quod
1131 4178 1604 4272 quandoque
1671 4178 1985 4268 gladius
2051 4186 2178 4254 est

631 4302 1116 4396 liquefactus
1154 4296 1514 4369 inclusus
1569 4295 1649 4365 in
1697 4296 2019 4386 vagina,
2079 4300 2177 4371 si-

632 4421 938 4497 militer
984 4414 1321 4508 pecunia
1354 4412 1816 4504 liquefacta,
1860 4434 2032 4505 quae
2070 4415 2179 4487 in-

627 4537 985 4615 cluditur
1019 4533 1100 4604 in
1133 4530 1404 4610 bursa,
1451 4532 1532 4601 et
1568 4549 1753 4600 ossa
1797 4530 2179 4602 animalis

627 4660 814 4732 sunt
845 4654 1300 4731 incurvata,
1335 4647 1657 4738 vagina,
1696 4648 1956 4728 corio,
1995 4648 2179 4719 bur·

626 4780 741 4852 sa,
804 4772 1014 4847 cute,
1093 4783 1364 4842 carne,
1436 4762 1764 4835 omnino
1847 4762 2159 4834 illzesis.

627 4892 889 4961 Causa
941 4886 1067 4954 est
1100 4880 1283 4960 ista,
1331 4877 1518 4970 quia
1552 4877 1858 4949 fulmen
1906 4900 2182 4971 percu-

625 5004 832 5078 tiens
936 5002 1277 5091 propter
1381 4995 1506 5067 sui
1606 4995 2176 5076 subtilitatem,

624 5121 805 5193 era-t
867 5116 1095 5187 valde
1169 5112 1794 5205 penetrativum,
1848 5116 1929 5184 et
2000 5112 2173 5184 ideo

630 5232 1087 5332 penetravit
1153 5251 1400 5324 poros
1461 5228 1696 5309 corii,
1773 5229 2011 5311 cutis,
2103 5235 2185 5303 et

629 5351 929 5430 carnis,
1008 5367 1424 5438 usquequo
1537 5346 2000 5436 pervenerit
2084 5347 2184 5417 ad

632 5469 955 5559 aliquod
1017 5465 1334 5538 durum,
1391 5466 1471 5533 et
1545 5461 1936 5534 resistens
2001 5462 2180 5540 sibi,

633 5586 843 5690 quod
875 5603 1032 5655 non
1073 5582 1399 5673 poterat
1433 5576 1791 5656 faciliter
1819 5584 2184 5676 penetra-

1828 402 1966 464 [ΑΒ.
2015 404 2116 465 ΙΙΙ.
2165 399 2707 466 METEORORUM

2282 582 2393 641 re,
2481 564 2561 634 et
2640 564 2979 653 propter
3069 564 3380 633 motum
3457 557 3820 634 fulminis

2281 700 2527 770 super
2569 678 2761 750 illud
2822 678 3215 751 resistens
3288 678 3553 778 ipsum
3604 698 3821 751 com-

2279 794 2563 875 bussit,
2605 800 2684 869 et
2729 794 3240 876 incineravit,
3315 794 3825 887 quemadmo-

2280 911 2465 981 dum
2501 912 2864 983 videmus
2926 913 3134 1004 quod
3200 912 3508 1003 digitus
3568 910 3824 1003 quies-

2280 1046 2468 1099 cens
2542 1027 2623 1098 in
2689 1027 3020 1099 flamma
3096 1028 3260 1102 cito
3331 1028 3678 1109 laeditur,
3750 1031 3830 1101 et

2282 1144 2825 1227 comburitur,
2889 1147 3019 1218 sed
3094 1150 3364 1219 motus
3431 1146 3830 1221 velociter

2285 1282 2429 1353 per
2470 1262 2881 1335 flammam
2922 1283 3082 1335 non
3126 1262 3486 1336 faciliter
3538 1263 3830 1357 recipit

2283 1379 2931 1470 impressionem.
2966 1383 3063 1454 Et
3099 1386 3439 1474 propter
3468 1381 3831 1454 eamdem

2282 1516 2613 1569 causam
2655 1496 2929 1569 dicunt
2970 1497 3246 1589 aliqui,
3313 1499 3520 1589 quod
3588 1518 3830 1589 quan-

2281 1613 2535 1703 doque
2579 1610 2880 1685 fulmen
2923 1614 3193 1687 adurit
3227 1634 3506 1689 omnes
3540 1634 3831 1687 carnes

2283 1730 2660 1809 hominis,
2709 1751 2867 1802 non
2914 1735 3188 1804 tamen
3222 1732 3626 1804 adurendo
3660 1753 3831 1802 ves-

2284 1850 2430 1928 tes,
2487 1848 2675 1938 quia
2746 1847 3095 1922 materia
3134 1847 3433 1929 carnis,
3505 1852 3586 1922 et
3655 1846 3826 1941 pili,

2282 1967 2406 2036 est
2469 1964 2870 2053 grossior,
2935 1968 3014 2037 et
3079 1964 3338 2055 magis
3402 1964 3825 2046 resistens,

2285 2102 2527 2175 quam
2561 2082 2669 2157 sit
2710 2080 2921 2163 lana,
2969 2103 3065 2153 ex
3110 2101 3267 2173 qua
3307 2081 3511 2156 fiunt
3555 2084 3825 2175 panni.

2375 2200 2732 2271 Secundo
2793 2198 3199 2287 contingit
3250 2199 3456 2290 quod
3523 2199 3831 2272 fulmen
3885 2188 4150 2303 8ωαῦάὰαῶ

2284 2314 2754 2406 quandoque
2796 2334 2955 2385 non
3000 2318 3397 2406 penetrat,
3452 2336 3596 2388 nec
3650 2317 3835 2388 adu-

2287 2430 2419 2513 rit,
2472 2432 2603 2502 sed
2651 2429 3021 2523 dissipat,
3057 2436 3135 2505 et
3179 2430 3489 2523 frangit
3538 2453 3836 2525 corpo—

2287 2566 2381 2617 ra
2432 2545 2689 2616 solida
2758 2550 2846 2619 ut
2915 2545 3136 2636 ligna
3202 2552 3282 2621 et
3354 2548 3681 2640 lapideS,
3755 2552 3839 2621 et

2283 2660 2771 2753 hujusmodi,
2817 2666 2899 2735 et
2941 2663 3102 2734 tale
3138 2667 3486 2737 vocatur
3528 2662 3839 2735 fulmen

2283 2777 2712 2870 dissipans.
2761 2782 3024 2851 Causa
3066 2785 3215 2859 est,
3262 2780 3451 2872 quia
3486 2781 3844 2853 materia

2288 2893 2429 2966 illa
2460 2899 2586 2967 est
2631 2895 2871 2968 fortis
2921 2896 3175 2979 valde,
3228 2901 3309 2970 et
3358 2896 3709 2980 viscosa,
3758 2902 3847 2971 et

2289 3012 2459 3084 ideo
2505 3012 2714 3086 ictus
2747 3012 2943 3104 ejus,
2988 3018 3329 3107 propter
3365 3014 3841 3106 impulsum,

2286 3134 2411 3220 est
2462 3130 3029 3223 impetuosior,
3083 3135 3163 3204 et
3213 3130 3540 3205 sortior.

2378 3248 2538 3321 Alii
2576 3247 2852 3321 dicunt
2894 3250 3100 3340 quod
3140 3268 3325 3320 cum
3377 3248 3523 3322 tali
3574 3247 3849 3321 fulmi-

2286 3385 2385 3435 ne
2431 3364 2723 3436 cadunt
2759 3363 3085 3455 lapides,
3132 3367 3212 3436 et
3248 3363 3578 3437 metalla
3612 3382 3851 3453 gene-

2291 3485 2476 3553 rata
2528 3480 2929 3573 superius,
2977 3499 3023 3550 a
3093 3478 3380 3570 quibus
3421 3479 3512 3553 fit
3572 3477 3852 3570 hujus-

2293 3599 2503 3671 modi
2570 3600 3043 3692 dissipatio3
3102 3602 3184 3671 et
3227 3597 3420 3682 illud
3461 3601 3588 3670 est
3645 3598 3851 3671 bene

2295 3714 2703 3807 possibile,
2762 3735 2923 3786 non
2984 3720 3257 3788 tamen
3333 3735 3658 3807 semper
3717 3721 3852 3790 est

2293 3834 2433 3914 ita,
2523 3834 2836 3925 quando
2941 3833 3031 3906 fit
3112 3833 3565 3926 dissipatiO,
3668 3833 3850 3906 ideo

2290 3974 2540 4027 causa
2591 3951 3046 4045 praecedens
3087 3956 3212 4024 est
3271 3951 3846 4024 verisimilior.

2380 4078 2683 4158 Tertio,
2759 4077 3164 4166 contingit
3243 4076 3451 4168 quod
3517 4075 3853 4166 aliquod
3918 4083 4136 4136 rerum.

2292 4203 2595 4274 fulmen
2640 4203 3016 4276 totaliter
3058 4203 3351 4283 adurit,
3391 4204 3472 4273 et
3515 4221 3659 4293 per
3694 4200 3856 4274 hoc

2294 4327 2766 4418 quandoque
2853 4326 3450 4399 comburuntur
3530 4326 3857 4411 domim,

2294 4452 2769 4543 quandoque.
2900 4472 3264 4535 nemora,
3368 4450 3858 4544 quandoque

2294 4576 2706 4648 civitates.

2385 4706 2721 4782 Quarto,
2797 4701 3120 4792 aliquod
3169 4701 3473 4774 fulmen
3523 4702 3863 4776 colorat
3916 4728 4162 4784 Quartus.

2295 4827 2816 4916 denigrando,
2865 4831 2944 4899 et
2985 4827 3184 4900 facit
3226 4847 3583 4919 corpora
3630 4833 3865 4902 tacta

2296 4972 2612 5032 crocea,
2661 4957 2739 5025 et
2775 4953 3249 5044 quandoque
3300 4952 3565 5043 nigra,
3614 4956 3859 5046 quasi

2298 5081 2569 5149 essent
2613 5077 2923 5159 adusta,
2963 5076 3181 5150 sicut
3229 5083 3452 5168 patet
3504 5081 3867 5169 quando·

2301 5222 2451 5293 que
2483 5202 2572 5272 de
2615 5202 2973 5274 vultibus
3019 5200 3464 5285 hominum,
3504 5224 3865 5295 quorum

2299 5328 2618 5399 colores
2695 5332 3120 5401 mutantur
3168 5329 3259 5400 de
3336 5329 3696 5414 fulmine,
3782 5341 3868 5408 et

2298 5455 2545 5531 etiam
2637 5454 3113 5545 quandoque
3183 5460 3405 5548 patet
3473 5457 3564 5528 de
3634 5457 3868 5533 soliis

2299 5579 2751 5664 vinearum,
2817 5586 2895 5656 et
2967 5579 3114 5652 hoc
3160 5580 3454 5654 accidit
3512 5588 3868 5677 propter
