4252 6393
1699 442 2059 517 QUAESTlO
2104 441 2238 503 xx1
3492 436 3605 500 681

375 612 669 690 motuS,
741 606 929 700 quia
997 604 1287 679 ultima
1355 622 1546 695 pars
1609 628 1622 672 ε
1683 606 1760 675 et
1805 606 1919 675 ta·

372 747 554 798 men
622 725 815 800 talis
886 743 1080 817 pars
1157 741 1319 794 non
1387 724 1512 793 est
1619 722 1915 801 motus,

368 862 553 916 cum
614 861 758 913 nec
818 838 1091 911 unitas
1171 837 1278 911 sit
1342 856 1757 916 numeru&
1840 836 1921 907 et

369 959 636 1052 prima
704 976 897 1065 pars
966 954 1328 1050 ejusdem
1399 957 1696 1034 motus,
1741 973 1919 1044 quae

365 1076 618 1151 etiam
692 1094 855 1147 non
924 1077 1050 1147 est
1138 1075 1436 1152 motus,
1525 1075 1648 1142 est
1719 1071 1920 1142 unde

367 1193 656 1287 incipit
702 1192 1043 1275 moveri,
1106 1193 1188 1266 et
1230 1193 1519 1263 neutra
1570 1209 1783 1282 pars,
1833 1193 1917 1261 ut

363 1307 559 1388 dixi,
606 1309 732 1379 est
777 1309 1073 1386 motUS,
1113 1304 1243 1375 sed
1281 1302 1704 1393 utriusque
1748 1322 1918 1373 suc·

365 1423 633 1498 cessio
710 1426 836 1497 est
898 1427 1229 1495 motus:
1291 1421 1490 1492 unde
1561 1419 1769 1491 sicut
1841 1418 1920 1489 in

368 1545 597 1615 motu
687 1538 1075 1614 continuo
1183 1536 1558 1630 corporis
1650 1539 1918 1608 motus

368 1658 754 1751 praecedit
822 1669 1147 1725 mutatum
1222 1681 1379 1742 csse,
1461 1653 1575 1727 sio
1655 1658 1918 1727 totum

372 1776 450 1849 in
492 1776 871 1849 discretis
919 1780 1265 1868 partem.

461 1898 663 1968 Cum
743 1912 945 1985 ergo
1032 1891 1356 1972 dicitur,
1444 1889 1652 1981 quod
1734 1888 1917 1959 dum

364 2010 673 2085 transit
721 2010 819 2083 ab
896 2011 1266 2081 extremo
1327 2007 1404 2079 in
1460 2011 1919 2080 extremum

368 2149 515 2221 per
581 2128 855 2200 omnia
918 2125 1200 2208 media,
1249 2129 1439 2199 tunc
1481 2129 1604 2197 cst
1649 2128 1917 2196 motus

364 2247 803 2320 continuus
867 2273 880 2316 ε
933 2244 1421 2337 respondent
1482 2243 1688 2335 quod
1730 2263 1912 2324 non,

365 2361 555 2453 quia
592 2381 753 2433 non
786 2359 1091 2434 transit
1129 2359 1263 2431 illa
1316 2359 1573 2431 media
1616 2358 1913 2439 omnia,

370 2482 457 2551 ut
500 2476 801 2550 habent
850 2476 1255 2549 rationem
1298 2475 1689 2556 continui,
1750 2475 1916 2546 sive

362 2603 451 2672 ut
494 2600 1272 2671 commensurantur
1312 2596 1428 2667 eis
1482 2595 1914 2667 secundum

367 2716 775 2790 rationem
835 2714 1222 2794 continui,
1281 2714 1491 2785 sicut
1551 2732 1906 2803 corpus:

367 2834 500 2905 scd
536 2836 624 2905 ut
674 2832 1002 2921 signant
1043 2831 1217 2924 ejus
1290 2832 1564 2922 partes
1607 2827 1751 2899 sub
1796 2848 1915 2899 ra-

367 2951 589 3024 tione
632 2949 990 3031 discreti,
1090 2953 1169 3021 et
1217 2946 1621 3039 quotloca
1658 2944 1914 3017 media

370 3069 590 3142 inter
628 3068 783 3139 duo
834 3070 1204 3141 extrema
1250 3084 1393 3157 per
1442 3062 1915 3156 applicatio-

366 3206 554 3258 nem
605 3183 900 3277 signat,
957 3185 1078 3256 tot
1115 3184 1299 3255 sunt
1346 3185 1623 3274 partes
1660 3179 1735 3251 in
1777 3178 1912 3251 illo

368 3307 622 3384 motu,
695 3305 773 3374 et
836 3305 955 3376 tot
988 3300 1375 3373 instantia
1424 3299 1501 3370 in
1548 3303 1912 3390 tempore

366 3422 536 3502 illo,
583 3420 787 3512 quod
832 3418 1061 3491 illum
1108 3422 1417 3491 motum
1464 3419 1908 3487 mensurat.

366 3541 457 3612 In
494 3537 755 3611 medio
785 3556 985 3629 ergo
1023 3535 1188 3617 illo,
1229 3555 1372 3627 per
1414 3535 1618 3625 quod
1652 3535 1912 3624 Ange-

360 3659 488 3730 lus
524 3654 852 3737 transit,
898 3655 1084 3726 dum
1128 3675 1211 3725 sc
1245 3652 1398 3726 toti
1454 3649 1737 3731 medio,
1786 3651 1910 3721 vol

362 3772 769 3866 aliquibus
832 3770 1201 3865 partibus
1281 3769 1660 3861 applicat,
1754 3788 1910 3839 non

362 3896 489 3967 est
574 3889 1113 3973 continuitaS,
1198 3891 1283 3960 ut
1382 3885 1740 3957 refertur
1818 3886 1911 3956 ad

366 4014 682 4084 motum
760 4006 1071 4098 Angeli,
1165 4005 1353 4097 quia
1427 4002 1725 4078 transit
1796 4003 1910 4094 ip—

365 4158 546 4208 sum
607 4134 979 4214 medium,
1066 4153 1220 4203 non
1278 4130 1768 4204 transeundo
1826 4131 1911 4200 ut

362 4283 693 4356 corpus,
776 4260 909 4333 sed
976 4258 1324 4332 discrete
1400 4260 1676 4349 partes
1738 4257 1910 4348 ejus

361 4390 785 4482 signando.
897 4389 995 4459 Et
1074 4386 1245 4457 ideo
1335 4384 1609 4456 dicunt
1706 4384 1911 4474 quod

361 4518 727 4604 tempuS,
820 4529 975 4600 quo
1057 4509 1433 4578 movetur
1526 4505 1905 4594 Angelus,

359 4639 531 4711 sive
601 4636 969 4708 mutatur
1042 4631 1139 4702 ub
1206 4633 1577 4702 extremo
1648 4629 1725 4701 in
1781 4651 1909 4701 ex·

358 4771 755 4844 tremum,
856 4761 1028 4831 sine
1116 4757 1409 4839 medio,
1502 4757 1670 4828 sive
1770 4778 1911 4849 per

363 4891 631 4984 plura.
696 4888 864 4960 sive
905 4904 1050 4978 per
1112 4883 1381 4955 omnia
1429 4882 1708 4963 media,
1747 4903 1908 4954 non

361 5019 487 5089 est
554 5009 952 5085 divisibile
1029 5007 1422 5079 divisione
1493 5006 1904 5089 continua,

362 5140 495 5212 sed
526 5137 918 5211 divisione
949 5133 1304 5205 discreta
1340 5131 1419 5204 in
1455 5133 1692 5225 plura
1755 5133 1907 5204 ins-

361 5264 625 5339 tantia
672 5262 899 5337 finita
948 5281 1289 5332 numero
1339 5281 1352 5324 :
1407 5259 1485 5330 in
1538 5261 1907 5350 temporo

361 5395 663 5468 autem,
712 5407 868 5479 quo
906 5390 1283 5458 movetur
1333 5404 1659 5475 corpus,
1719 5386 1904 5455 sunt

360 5513 753 5589 instantia
793 5511 1109 5585 infinita
1179 5510 1260 5582 in
1322 5509 1709 5603 potentia,
1826 5515 1906 5584 et

361 5643 477 5715 ita
537 5638 758 5712 nulla
835 5641 957 5712 cst
1020 5635 1453 5730 proportio
1498 5634 1715 5708 inter
1766 5635 1903 5707 illa

2032 600 2451 683 instantia,
2495 600 2705 676 sicut
2737 622 2883 674 nec
2923 596 3130 673 finiti
3184 600 3280 673 acl
3321 598 3578 673 infini-

2038 723 2236 793 tum.

2124 838 2266 909 Est
2343 835 2593 909 etiam
2663 833 3101 915 sciendum,
3177 833 3405 926 quod,
3490 838 3575 908 ut

2023 950 2198 1043 jam
2253 952 2455 1024 satis
2502 955 2747 1045 patet,
2803 950 3065 1023 omnis
3119 953 3386 1024 motus
3438 950 3580 1023 ha-

2032 1068 2163 1143 bet
2198 1070 2425 1162 prius
2459 1074 2540 1143 et
2582 1070 3018 1163 posteriuS,
3085 1068 3272 1162 quia
3303 1088 3580 1142 neces-

2033 1185 2257 1258 sario
2299 1186 2536 1261 habet
2569 1188 2766 1260 duos
2810 1188 3234 1266 terminos,
3289 1183 3371 1257 in
3413 1185 3578 1278 qui-

2030 1301 2178 1374 bus
2238 1304 2618 1377 consistit
2682 1304 3089 1377 successio
3150 1302 3574 1395 aliqualis;

2032 1421 2166 1492 sed
2196 1421 2758 1506 diversimode,
2797 1422 2985 1515 quia
3021 1423 3098 1494 in
3137 1424 3360 1494 motu
3397 1440 3582 1493 con·

2030 1536 2260 1612 tinuo
2304 1541 2711 1635 accipitur
2753 1540 2980 1633 prius
3021 1543 3102 1614 et
3136 1536 3574 1632 posterius,

2031 1657 2160 1728 vel
2203 1662 2574 1752 respectu
2609 1659 2953 1731 duorum
2990 1661 3448 1750 temporum
3484 1658 3581 1730 ad

2034 1795 2281 1846 unum
2313 1800 2488 1845 nunc
2520 1776 3146 1868 applicatorurn,
3181 1773 3308 1845 vel
3342 1794 3580 1866 copu-

2033 1891 2418 1976 latorum,
2466 1894 2594 1966 vel
2630 1897 3000 1986 respectu
3028 1894 3372 1966 duorum
3403 1915 3580 1961 nunc

2036 2010 2616 2085 includentium
2705 2031 2950 2082 unum
3044 2013 3392 2102 tempus.
3488 2011 3576 2082 In

2036 2127 2621 2199 mutationibus
2692 2129 2963 2197 autem
3035 2126 3575 2199 instantaneis

2030 2248 2153 2316 cst
2227 2243 2453 2336 prius
2528 2244 2791 2336 ipsum
2867 2246 3187 2336 tempus
3267 2264 3577 2316 mensu-

2034 2381 2227 2432 rans
2318 2365 2627 2435 motum
2717 2361 3328 2454 praecedentem,
3447 2361 3576 2433 cui

2029 2474 2503 2567 adjungitur
2556 2475 2908 2550 alterum
2965 2480 3596 2559 extremorum„

2028 2594 2108 2664 et
2158 2594 2279 2663 cst
2342 2591 2752 2683 posterius
2799 2593 3065 2686 ipsum
3124 2617 3321 2675 nunc,
3370 2596 3576 2686 quod

2033 2714 2453 2784 mensurat
2531 2712 2976 2784 terminum
3058 2716 3327 2784 molus
3409 2738 3423 2782 ε
3498 2718 3578 2786 et

2029 2825 2203 2900 ideo
2258 2828 2471 2899 inter
2518 2829 2671 2900 duo
2722 2834 3094 2902 extrema
3146 2849 3305 2900 non
3364 2829 3575 2901 cadit

2030 2941 2138 3013 ibi
2207 2943 2582 3027 medium,
2640 2944 2850 3017 sicut
2920 2966 3064 3017 nec
3108 2946 3324 3018 inter
3382 2948 3572 3017 tem-

2030 3080 2202 3151 pus,
2254 3063 2329 3131 ct
2382 3082 2613 3131 suum
2665 3085 2864 3143 neme,
2913 3062 3008 3133 ad
3051 3062 3256 3153 quod
3298 3063 3574 3134 termi-

2027 3181 2296 3250 natur.
2349 3180 2436 3250 In
2483 3182 2702 3252 motu
2751 3184 3023 3252 autem
3067 3177 3574 3271 Angeliprins

2027 3297 2103 3366 et
2150 3300 2480 3383 posterius
2540 3300 2728 3369 sunt
2783 3295 2936 3368 duo
2991 3320 3166 3365 manc
3214 3295 3362 3368 sibi
3408 3319 3574 3369 suc-

2026 3412 2365 3493 cessiva,
2403 3412 2527 3483 vel
2560 3411 2713 3484 duo
2755 3427 3008 3481 mutata
3050 3437 3205 3495 esse,
3243 3413 3367 3485 vel
3401 3415 3572 3486 duae

2026 3527 2616 3619 applicationes
2678 3529 2771 3601 ad
2831 3530 2983 3600 duo
3045 3529 3223 3602 loca
3283 3553 3295 3596 ε
3359 3530 3576 3603 inter

2024 3645 2221 3717 talia
2293 3648 2565 3717 autern
2633 3669 2809 3714 nmw
2867 3665 3028 3717 non
3084 3649 3209 3719 est
3252 3648 3572 3740 tempus

2027 3762 2374 3835 medium
2416 3762 2889 3836 continuum

2116 3879 2245 3952 Sic
2285 3901 2484 3971 ergo
2539 3885 2785 3973 patet,
2844 3882 3243 3973 quomodo
3299 3880 3416 3954 illi
3466 3882 3572 3953 di·
3727 3875 3807 3925 ²⁶·

2024 4001 2235 4079 cant,
2284 3998 2490 4091 quod
2539 3999 3056 4091 operationes
3107 3999 3395 4090 Angeli
3438 4020 3573 4071 ex-

2025 4113 2405 4197 teriores,
2445 4136 2588 4208 per
2621 4136 2818 4207 quas
2856 4117 3035 4190 loco
3069 4139 3152 4189 se
3185 4116 3569 4210 applicat,

2022 4233 2398 4323 tempore
2508 4231 2862 4304 discreto
2961 4236 3568 4306 mensurantur.

2025 4349 2223 4419 Cum
2266 4345 2482 4420 enim
2532 4368 2915 4421 mensura
2959 4348 3419 4422 durationis
3456 4350 3572 4422 rei

2024 4484 2180 4534 non
2236 4464 2340 4537 sit
2394 4464 2636 4548 aliud,
2685 4485 2922 4558 quam
2975 4466 3255 4538 modus
3299 4487 3573 4540 secun-

2022 4581 2205 4650 dum
2242 4583 2448 4673 quod
2500 4603 2628 4654 res
2683 4588 3156 4657 mensurata
3207 4604 3575 4676 perseve-

2030 4701 2156 4771 rat
2213 4698 2292 4768 in
2343 4722 2498 4780 esse,
2579 4682 2917 4772 necesse
2962 4704 3086 4774 est
3125 4702 3391 4775 dicere
3453 4724 3573 4775 se-

2021 4814 2364 4887 cundum
2400 4814 2576 4897 hoc,
2619 4818 2702 4889 ut
2741 4836 3124 4889 mensura
3163 4839 3573 4893 mensura-

2020 4935 2104 5004 to
2171 4933 2876 5024 proportionetur,
2939 4939 3016 5008 et
3081 4935 3198 5007 rei
3262 4957 3571 5029 perma-

2021 5049 2287 5120 nentis
2339 5048 2420 5121 in
2472 5070 2618 5121 suo
2672 5072 2849 5123 esse
2893 5053 2999 5125 sit
3044 5074 3425 5126 mensura
3473 5055 3571 5126 si-

2022 5165 2333 5238 militer
2367 5187 2876 5259 permanens,
2914 5173 2993 5243 ct
3020 5169 3133 5241 rei
3163 5169 3240 5241 in
3267 5191 3412 5244 suo
3437 5197 3569 5241 esse

2019 5282 2368 5366 fluentis,
2425 5284 2532 5358 sit
2592 5306 2975 5357 mensura.
3035 5307 3192 5358 non
3245 5308 3889 5395 Pssmna·1mezzecef0

2018 5421 2242 5484 nens,
2297 5404 2427 5475 sed
2488 5405 2762 5476 fluens.
2823 5405 3054 5476 Nunc
3113 5410 3387 5480 autem
3449 5406 3563 5479 ita
3641 5407 3901 5470 Anyelfca

3625 5487 3655 5533 q
3671 5471 3876 5520 naliter

2018 5523 2167 5600 est,
2226 5520 3065 5611 (11.1o(lintellectioncs
3125 5523 3559 5615 Angelicae‚
3594 5548 3874 5596 compara·

3650 5605 3738 5645 τω·
3769 5598 3841 5646 ad

2016 5639 2096 5708 et
2130 5636 2304 5729 ejus
2347 5627 2809 5720 volitiones,
2870 5659 3051 5711 cum
3107 5639 3283 5733 eJus
3337 5640 3564 5715 intel·
3630 5670 3892 5711 meram.
