4252 6393
712 387 831 452 700

692 569 933 642 quam
974 551 1380 624 successio
1414 552 1798 627 continua
1829 556 2236 628 transmu-

689 667 1026 743 tationis
1080 688 1127 741 a
1174 668 1437 761 priori
1483 670 1561 741 in
1603 670 2017 762 posterius
2059 670 2236 763 ejus

693 785 837 868 rei,
886 787 1325 859 secundum
1368 806 1609 880 quam
1645 786 1938 860 mobile
1975 809 2236 862 move-

690 909 853 985 tur,
917 903 1085 977 sive
1147 905 1253 978 sit
1313 905 1694 997 qualitas,
1755 905 1923 978 sive
1980 905 2232 988 locus,

693 1022 924 1115 quus
986 1022 1302 1114 quidem
1374 1024 1642 1095 motus
1710 1022 1910 1096 nihil
1969 1028 2094 1097 est
2158 1023 2236 1097 in

694 1144 906 1222 actu,
954 1139 1111 1212 nisi
1153 1139 1498 1233 simplex
1546 1141 1892 1214 mutatio
1939 1141 2238 1215 instan-

697 1261 959 1339 tanea,
996 1260 1075 1331 et
1121 1276 1262 1349 per
1294 1277 1473 1329 eam
1517 1262 1641 1332 est
1684 1262 1906 1333 totus
1941 1263 2234 1343 motuS,

696 1395 854 1467 qua
896 1374 1208 1467 quidem
1248 1374 1697 1448 mutatione
1734 1375 1803 1447 id
1837 1375 2041 1469 quod
2078 1393 2240 1447 mo-

691 1496 933 1566 vetur
977 1495 1197 1566 motu
1242 1492 1483 1566 locali
1541 1493 1650 1582 (in
1703 1516 1857 1586 quo
1900 1498 2024 1569 est
2082 1494 2239 1567 evi-

691 1611 975 1684 denter
1017 1611 1233 1684 ratio
1271 1616 1572 1700 motus)
1616 1616 1992 1686 movetur
2040 1631 2238 1685 scm-

698 1748 838 1820 per
884 1748 1133 1819 super
1175 1728 1529 1820 spatium
1575 1729 1724 1802 sibi
1765 1731 2099 1821 ecquale,
2154 1734 2240 1803 ut

690 1844 991 1919 (licitur
1029 1848 1093 1917 (3.
1142 1849 1492 1934 physicon
1531 1855 1694 1916 tecet.
1731 1872 1893 1916 eom.
1929 1852 2040 1921 89.
2078 1848 2240 1919 Un-

689 1963 781 2035 de
815 1965 1097 2055 aperte
1136 1966 1353 2055 patet
1388 1964 1594 2054 quod
1638 1964 1702 2036 si
1748 1964 2239 2055 significatio

693 2080 1070 2162 nominiS,
1130 2079 1334 2171 quod
1381 2084 1505 2153 est
1557 2084 1813 2149 instans
1863 2081 1940 2153 in
1987 2086 2236 2163 motu,

691 2199 822 2272 vel
884 2198 964 2270 in
1023 2198 1321 2290 aliquo,
1390 2198 1596 2290 quod
1656 2204 1780 2273 est
1842 2200 1919 2272 in
1984 2204 2237 2282 motu,

696 2316 1132 2398 invenitur,
1171 2336 1315 2407 per
1357 2317 1742 2388 naturam
1787 2322 2058 2390 motus
2102 2338 2242 2389 na-

694 2437 884 2508 tura
927 2438 1241 2502 instantis
1286 2432 1591 2525 poterit
1625 2432 2001 2526 judicari.
2040 2435 2244 2518 Quia

692 2550 943 2625 etiam
1005 2549 1345 2631 instanS,
1412 2552 1535 2638 (ut
1586 2550 1758 2642 jam
1812 2551 2242 2642 videbitur)

692 2671 816 2740 est
871 2666 1173 2757 aliquid
1225 2667 1649 2759 temporis,
1736 2672 2055 2761 tempus
2110 2690 2244 2742 au·

696 2789 860 2858 tem
920 2788 1043 2857 cst
1091 2783 1363 2876 passio
1408 2787 1677 2857 motus
1723 2812 1737 2854 :
1788 2785 2243 2879 subjeetum

693 2905 993 2983 autem,
1038 2900 1244 2991 quod
1286 2899 1498 2973 eadit
1562 2898 1641 2971 in
1696 2900 2243 2975 definitionem

699 3014 1132 3108 passionis,
1195 3014 1414 3090 ducit
1478 3015 1555 3088 in
1617 3015 1998 3090 notitiam
2064 3038 2246 3110 pas-

695 3133 949 3208 sionis
987 3159 1001 3215 ;
1084 3152 1284 3225 ergo
1365 3138 1631 3208 motus
1711 3134 1790 3208 in
1861 3136 2244 3210 notitiam

690 3255 1203 3347 temporis,et
1237 3274 1379 3347 per
1408 3275 1907 3348 consequens
1940 3257 2249 3330 instan-

696 3372 826 3454 tis,
863 3373 1070 3464 quod
1103 3373 1224 3443 est
1270 3371 1570 3464 aliquid
1614 3374 2034 3465 temporis.

1885 392 1986 453 DE
2031 392 2296 455 RERUM
2340 390 2727 456 PluNClPlO

2351 557 2436 626 ut
2478 557 2602 627 est
2651 558 2834 627 actu
2898 554 3220 628 initium
3293 551 3711 645 temporis,
3763 553 3874 626 vel
3921 582 4090 656 efigiem.

2350 673 2536 743 actu
2618 670 2799 743 finis
2877 671 3091 763 ejuS,
3177 670 3611 743 secundum
3689 645 4127 772 quod¹'{¹,2',',‘},‘‚²⁰‘

2351 790 2771 860 mensurat
2851 792 3163 861 motum
3238 786 3667 861 habentem
3743 788 3875 860 ini-

2352 903 2553 979 tium
2598 907 2678 978 et
2719 906 2982 977 finem.
3041 907 3140 979 Et
3192 904 3351 977 isto
3399 905 3628 977 modo
3665 905 3878 977 reali·

2351 1027 2480 1098 ter
2523 1024 2601 1096 in
2636 1027 3002 1116 tempore
3035 1027 3221 1096 sunt
3258 1024 3521 1095 solum
3554 1023 3707 1097 duo
3742 1023 3876 1096 ins-

2351 1140 2638 1223 tantia,
2679 1161 3025 1234 quorum
3080 1141 3435 1234 primum
3477 1139 3633 1213 fuit
3683 1140 3879 1232 prin·

2351 1258 2654 1350 cipium
2716 1256 3139 1349 temporis,
3204 1255 3634 1350 supposito
3693 1256 3882 1347 quod

2355 1378 2623 1448 motus
2686 1373 2864 1446 coeli
2924 1393 3085 1445 non
3145 1374 3300 1447 fuit
3360 1375 3742 1455 aetornus,
3806 1377 3883 1446 ut

2355 1492 2586 1562 modo
2613 1490 3171 1584 supponimuS,
3199 1494 3280 1564 et
3304 1491 3510 1583 quod
3544 1489 3887 1582 aliquan-

2351 1607 2448 1679 do
2508 1607 2858 1681 cessabit
2921 1611 3191 1681 motus
3245 1606 3452 1689 coeli,
3520 1609 3607 1679 ut
3665 1604 3882 1677 modo

2354 1746 2744 1818 suppono.
2777 1727 2964 1798 Ilaec
2998 1725 3149 1797 duo
3175 1723 3570 1800 instantia
3604 1743 3887 1817 ponun-

2356 1847 2493 1917 tur
2559 1845 2772 1926 actm
2826 1847 2905 1918 et
2968 1844 3308 1917 realiter
3364 1842 3444 1915 in
3504 1846 3883 1934 tempore,

2355 1961 2778 2054 supposito
2839 1962 3045 2052 quod
3106 1961 3538 2033 secundum
3596 1958 3887 2032 verIta-

2355 2083 2518 2153 tem
2590 2078 3009 2171 inceperit,
3082 2082 3161 2151 et
3231 2076 3813 2151 terminabitur
3869 2101 3882 2145 :

2357 2196 2515 2271 isto
2562 2196 2792 2268 modo
2827 2201 3109 2282 instans,
3143 2195 3465 2277 dicitur,
3506 2196 3739 2289 quasi
3769 2221 3892 2265 non

2355 2319 2631 2395 instans,
2699 2313 2882 2406 quia
2945 2314 3086 2387 illa
3151 2314 3544 2388 instantia
3595 2314 3892 2386 nullam

2357 2449 2676 2503 moram
2742 2430 3222 2503 habuerant.
3301 2432 3470 2504 Ista
3533 2430 3690 2503 duo
3752 2431 3893 2502 ins-

2357 2546 2620 2621 tantia
2709 2546 2940 2640 quasi
3043 2547 3516 2621 similantur
3598 2547 3895 2620 duobus

2360 2663 2707 2756 punctis,
2763 2664 2979 2738 inter
3032 2686 3204 2756 quae
3257 2667 3424 2738 stat
3475 2664 3692 2737 linea.
3740 2664 3898 2737 fini·

2358 2786 2466 2863 ta,
2526 2803 2700 2873 quae
2742 2787 2927 2856 sunt
2970 2786 3156 2856 actu
3202 2783 3283 2855 in
3324 2782 3559 2865 linea,
3604 2786 3687 2857 et
3730 2780 3898 2854 nul-

2359 2899 2524 2970 lum
2569 2898 2784 2971 aliud
2817 2904 2942 2974 est
2984 2900 3064 2972 in
3096 2919 3192 2973 ea
3234 2903 3447 2973 actu.

2454 3019 2597 3090 Est
2636 3017 2885 3091 etiam
2938 3017 3152 3089 aliud
3197 3021 3456 3085 instans
3506 3015 3586 3087 in
3631 3019 3895 3109 poten·
3939 3029 4139 3103 300an

2360 3133 2472 3206 tia
2515 3153 2675 3207 non
2730 3139 2941 3217 actu,
3012 3135 3220 3227 quod
3272 3131 3588 3226 quidem
3642 3133 3897 3226 signa·
3957 3104 4153 3159 ΨΜ

2359 3250 2515 3323 bile
2583 3255 2708 3324 est
2780 3273 2922 3344 per
2994 3251 3696 3343 imaginationem,
3779 3251 3898 3323 vel

2364 3366 2866 3442 intellectum
2936 3368 3017 3440 in
3089 3388 3590 3461 quacumque
3673 3371 3899 3461 parte

2360 3485 2759 3578 temporis
2804 3513 2816 3556 :
2868 3485 3030 3559 tale
3071 3490 3345 3559 autem
3391 3484 3707 3558 instans
3749 3504 3903 3556 non
3952 3495 4159 3621 3313,

2363 3604 2629 3695 potest
2711 3601 2896 3694 poni
2958 3601 3039 3674 in
3108 3605 3478 3695 tempore
3541 3600 4184 3730 realiter.e3{ncggf’ffj

2361 3722 2501 3793 aut
2573 3719 2650 3790 in
2712 3739 2888 3790 esse
2957 3719 3371 3801 continuo,
3450 3718 3639 3810 quia
3700 3701 4134 3794 sicut¹1m0e1

783 3491 1012 3563 Nunc
1085 3494 1356 3562 autem
1429 3489 1506 3562 in
1587 3494 1811 3563 motu
1881 3491 2245 3564 videmus

694 3626 872 3675 esse
917 3603 1234 3685 mobile,
1285 3609 1629 3686 motum,
1699 3605 2021 3680 initium
2084 3628 2244 3681 mo-

699 3725 857 3805 tus,
900 3745 1100 3803 nunc,
1158 3724 1235 3793 ct
1288 3720 1462 3813 ejus
1516 3722 2240 3806 continuationem,

402 5458 624 5507 Iustam

387 5527 623 5584 quatuor

386 5582 555 5635 modis
584 5598 669 5633 ac·
702 5592 953 5665 modis
997 5589 1400 5683 accipitur·
1440 5593 1697 5658 instans
1737 5619 1755 5660 .·
1793 5612 1947 5663 uno
1987 5591 2243 5676 modo,

694 3844 775 3913 et
820 3839 1217 3912 unitatem
1261 3862 1277 3908 ε
1323 3844 1403 3913 et
1445 3839 1806 3912 videmus
1842 3843 2047 3932 quod
2083 3865 2245 3915 mo-

693 3955 849 4029 bile
895 3954 972 4025 in
1024 3958 1248 4027 motu
1302 3954 1688 4027 continuo
1746 3977 2066 4049 semper
2106 3957 2246 4029 ha-

694 4073 825 4145 bct
895 4071 1135 4153 aliud,
1200 4075 1279 4145 et
1322 4070 1732 4155 aliudesse,
1809 4074 2244 4145 secundum

693 4192 1077 4262 naturam
1113 4187 1330 4261 illius
1358 4188 1500 4269 rei,
1531 4190 1966 4262 secundum
2004 4211 2246 4282 quam

696 4308 1095 4379 movetur.
1135 4307 1342 4377 Nam
1380 4305 1448 4377 si
1492 4305 1571 4377 in
1613 4306 1886 4397 aliquo
1944 4311 2245 4402 tempo-

696 4443 807 4504 re,
873 4423 1057 4494 dum
1130 4424 1507 4493 movetur
1557 4419 1962 4504 localiter,
2030 4428 2243 4495 essct

693 4540 774 4612 iu
815 4539 1093 4611 eodem
1138 4538 1323 4618 situ,
1370 4537 1495 4609 vel
1550 4539 1628 4610 in
1670 4540 1944 4611 eodem
1990 4542 2241 4630 gradu

694 4654 1108 4736 albediniS,
1156 4654 1280 4726 vel
1334 4655 1554 4727 illius
1602 4655 1744 4737 rei,
1810 4658 2246 4730 secundum

696 4793 939 4866 quam
1003 4777 1397 4853 movetur,
1466 4777 1654 4846 tunc
1718 4773 2174 4864 quiesceret
2227 4804 2238 4845 ;

700 4891 1041 4982 propter
1102 4888 1309 4979 quod
1372 4888 1665 4960 mobile
1736 4910 2060 4982 semper
2117 4911 2246 4963 va-

658 5005 967 5078 ·riatur
1019 5005 1452 5076 secundum
1502 5028 1658 5086 esse,
1707 5006 1910 5097 quod
1957 5006 2245 5099 recipit

696 5143 742 5194 a
812 5121 1065 5194 variis
1137 5120 1517 5212 gradibus
1594 5121 1735 5202 rei,
1814 5124 2247 5194 seeundum

701 5259 942 5333 quam
1000 5242 1400 5313 movetur.

790 5361 905 5430 Ex
967 5357 1090 5428 his
1156 5356 1434 5447 igitur,
1501 5376 1673 5447 quse
1746 5356 2104 5428 videmus
2173 5357 2246 5428 in

702 5479 951 5556 motu,
995 5473 1270 5546 dicunt
1330 5472 1583 5564 aliqui
1637 5475 1839 5565 quod
1894 5478 2250 5565 quatuor

2362 3836 2676 3910 instans
2721 3837 2923 3928 quod
2959 3838 3144 3908 actu
3193 3836 3524 3928 ponitur
3571 3835 3650 3908 in
3699 3834 3911 3928 prin·

2361 3953 2572 4047 cipio
2618 3953 3014 4046 temporis
3075 3953 3464 4026 terminat
3507 3952 3774 4045 ipsum
3818 3972 3912 4023 ex

2362 4076 2596 4162 parte
2641 4072 2852 4153 ante,
2916 4074 2993 4141 et
3060 4069 3250 4141 illud
3311 4070 3516 4160 quod
3583 4069 3913 4161 ponitur

2363 4189 2440 4260 in
2501 4189 2680 4269 fine,
2754 4187 3172 4270 terminat,
3238 4191 3317 4259 et
3384 4185 3915 4278 interrumpit

2361 4307 2626 4400 ipsum
2671 4326 2717 4378 a
2761 4309 2993 4399 parte
3038 4308 3220 4397 post
3265 4332 3278 4374 :
3329 4303 3443 4378 sic
3490 4304 3558 4376 si
3593 4304 3916 4397 aliquod

2363 4424 2675 4496 instans
2737 4428 2921 4495 actu
2991 4420 3324 4513 ponitur
3386 4421 3606 4495 intra
3657 4422 3918 4495 conti-

2358 4539 2832 4612 nuationem
2921 4536 3348 4629 temporiS,
3442 4537 3918 4610 necessario

2364 4657 2627 4750 ipsum
2676 4654 3128 4736 dirimeret,
3174 4659 3255 4728 et
3302 4654 3694 4728 divideret
3750 4681 3764 4723 :
3822 4653 3918 4724 si·

2362 4780 2496 4849 cut
2567 4775 2636 4847 si
2706 4773 2784 4847 in
2861 4772 3075 4846 linea
3153 4778 3453 4866 praeter
3530 4780 3918 4868 punctum

2365 4890 2864 4966 initiativum
2900 4894 3346 4983 poneretur
3374 4895 3760 4983 punctum
3800 4911 3920 4964 ac-

2365 5012 2475 5090 tu,
2515 5007 2979 5079 necessario
3012 5028 3106 5078 ea
3141 5007 3917 5101 interrumperetur,

2361 5129 2440 5198 et
2479 5122 3262 5196 discontinuaretur.

2449 5242 2638 5313 Tale
2673 5245 2947 5314 autem
2994 5239 3306 5313 instans
3343 5244 3762 5332 sumptum
3799 5261 3918 5313 so-

2364 5360 2527 5430 lum
2576 5357 2654 5428 in
2701 5357 3089 5450 potentia,
3144 5362 3270 5432 est
3330 5357 3643 5431 instans
3699 5378 3917 5430 com·

2368 5495 2601 5548 mune.
2636 5476 2728 5546 ad
2766 5474 2981 5555 illud,
3022 5495 3177 5566 quo
3215 5479 3489 5567 partes
3520 5475 3918 5567 temporis

2366 5592 2885 5684 copulantur,
2931 5593 3010 5664 et
3052 5587 3654 5672 continuantur,
3726 5589 3912 5682 quia

3951 3816 4164 3873 puncleml

3961 3875 4010 3921 in
4036 3869 4164 3916 linea.
