4252 6393
1691 397 2052 474 QUAESTlo
2098 399 2232 460 xlv

396 582 526 655 per
557 559 903 653 speciem
960 560 1444 652 impressam
1492 558 1566 629 in
1621 557 1918 641 anima,

398 684 549 752 tam
594 677 671 748 in
718 675 881 756 illa,
915 680 1151 750 utest
1178 676 1613 769 conjuncta
1638 694 1918 767 corpo-

397 795 482 876 ri,
528 814 763 887 quam
812 795 1123 886 quando
1159 794 1265 867 sit
1314 794 1387 865 in
1438 792 1730 886 patria.

874 1110 1305 1167 ARTICULUS
1381 1112 1423 1165 Ι.

393 1295 691 1378 Refertur
755 1295 988 1380 opinio
1036 1315 1287 1381 nequas
1330 1295 1731 1359 intellectum
1781 1317 1921 1381 cog]-

549 1431 817 1476 noscere
850 1431 975 1498 per
1013 1413 1293 1497 speciem
1334 1411 1746 1498 impressam.

131 1646 312 1698 nemim,
472 1607 707 1680 Circa
774 1607 1168 1700 primum,
1237 1609 1644 1682 sciendum
1719 1610 1922 1702 quod

132 1711 703 1837 q‘lss‘flgfgtquidam
762 1725 1144 1816 Magistri
1203 1727 1500 1809 dicunt,
1548 1728 1756 1819 quod
1816 1728 1924 1801 in-

131 1837 296 1961 qu3·„g{
356 1842 753 1947 ‘tellectus
797 1842 875 1915 in
907 1843 1130 1916 nullo
1167 1848 1382 1917 statu
1420 1843 1722 1934 indiget
1756 1864 1923 1936 spe-

145 1963 345 2075 Ggisjf-iu
390 1958 501 2031 eie
543 1958 973 2052 impressa.
1011 1961 1124 2032 Ad
1164 1961 1395 2054 quus
1438 1960 1923 2035 evidentiam

160 2085 315 2136 ¹.‹1·3.
392 2076 498 2150 sic
550 2079 1040 2170 procedunt:
1074 2077 1396 2161 Dicunt,
1457 2079 1662 2172 quod
1703 2079 1925 2151 circa

393 2223 916 2296 progressum
1002 2205 1465 2278 naturalem
1553 2203 1924 2277 humanae

388 2318 723 2401 notitiae,
808 2319 999 2394 talis
1079 2322 1358 2393 modus
1445 2322 1919 2395 attenditur.

387 2433 658 2507 Primo
738 2435 1116 2508 sensibile
1201 2437 1757 2511 extrinsecum
1848 2438 1923 2510 in

382 2553 837 2628 substantia
953 2554 1390 2629 actualiter
1500 2554 1922 2629 fundatum

379 2674 594 2762 (puta
636 2670 897 2760 color)
933 2670 1199 2764 primo
1245 2671 1483 2746 habet
1524 2696 1660 2740 ess-e
1700 2675 1924 2745 natu-

382 2786 543 2859 rale
582 2787 662 2859 in
707 2786 1191 2870 substantia,
1238 2792 1320 2862 et
1367 2792 1492 2862 est
1536 2789 1615 2860 in
1652 2793 1923 2881 poten-

382 2902 489 2973 tia
532 2903 829 2983 activa,
888 2908 975 2977 ut
1028 2904 1639 2977 similitudinem
1695 2923 1923 2976 suam

382 3018 456 3091 in
490 3020 751 3092 medio
790 3025 1146 3111 generet,
1194 3047 1207 3087 ‹
1243 3027 1272 3094 t
1315 3042 1355 3093 a
1396 3022 1651 3094 medio
1690 3023 1766 3094 in
1802 3044 1922 3093 or·

381 3155 584 3227 gano
636 3136 905 3221 visus;
952 3141 1029 3212 et
1082 3138 1232 3212 hoc
1304 3139 1741 3213 secundum
1802 3160 1924 3212 ac·

126 3315 347 3365 Mac-,um
383 3258 547 3327 tum
570 3255 932 3336 luminis²
964 3256 1167 3349 quod
1194 3258 1287 3327 ad
1314 3257 1925 3347 generationem

140 3378 333 3490 ‘ffissss'
382 3370 568 3443 talis
616 3371 940 3463 speciei,
987 3376 1063 3443 et
1109 3373 1398 3461 organi
1451 3373 1548 3444 ab
1594 3373 1761 3465 ipsa
1821 3372 1927 3443 in-

134 3454 324 3551 qmeaium
387 3485 750 3568 formati,
809 3489 1262 3580 requiritur
1316 3492 1651 3581 propter
1700 3489 1861 3560 tria
1911 3513 1925 3555 :

123 3556 366 3689 ι”ἕῗνᾚῖἷω
391 3626 636 3679 unum
666 3612 790 3679 est
841 3611 1177 3699 propter
1229 3606 1599 3687 medium,
1649 3610 1731 3677 ut
1785 3606 1931 3679 sci-

193 3696 295 3740 ’Μ’
386 3721 567 3798 licet
612 3724 758 3797 fiat
810 3723 1155 3797 medium
1224 3724 1777 3796 necessarium
1838 3725 1933 3797 ad

385 3841 985 3934 susceptionem
1028 3840 1265 3934 huJ'us
1319 3842 1641 3934 speciei,
1689 3861 1931 3934 quam

383 3959 536 4032 nisi
582 3959 985 4033 mediante
1039 3959 1367 4041 lumine,
1424 3981 1582 4032 non
1635 3964 1756 4031 est
1800 3980 1931 4031 na-

388 4081 557 4149 tum
597 4077 989 4170 recipere,
1037 4076 1348 4149 dicente
1384 4077 1828 4149 Aristotele
1860 4080 1926 4148 2.

134 4208 304 4324 &¹0th
386 4194 723 4267 Anima*
758 4219 771 4262 :
813 4197 1013 4263 Color
1052 4208 1142 4263 est
1194 4198 1483 4263 nectibus
1525 4197 1756 4276 lucidi,
1826 4200 1932 4263 in-

380 4326 703 4398 quantum
729 4315 1044 4381 lucidum.
1078 4313 1523 4385 Secundum
1549 4315 1674 4384 est
1700 4333 1932 4405 prop-

382 4431 508 4499 ter
570 4430 835 4521 ipsum
899 4431 1289 4511 colorem,
1338 4429 1674 4521 quinon
1730 4431 1926 4517 agit,

379 4564 485 4625 se,
550 4565 693 4614 seu
748 4544 1360 4618 similitudinem
1421 4566 1653 4617 suam
1704 4565 1932 4635 gene-

382 4660 633 4731 rando
671 4660 751 4730 in
797 4660 1080 4743 medio,
1127 4661 1283 4733 nisi
1342 4661 1650 4735 virtute
1701 4661 1930 4732 lumi·

377 4775 524 4857 nis,
565 4797 726 4868 quo
772 4783 1171 4870 praesente
1204 4779 1434 4851 color
1470 4778 1662 4852 facit
1699 4798 1929 4850 suam

379 4893 998 4970 similitudinem
1053 4896 1134 4969 in
1179 4898 1436 4971 medio
1489 4897 1636 4968 sibi
1682 4898 1931 4972 conti-

377 5030 557 5100 guo.
600 5013 968 5087 Tertium
1000 5016 1123 5085 est
1157 5036 1251 5085 ex
1294 5017 1524 5107 parto
1558 5014 1926 5097 videntiS‚

377 5128 590 5217 quia,
651 5134 735 5201 ut
789 5128 1189 5222 probatur
1234 5130 1311 5203 in
1377 5133 1926 5224 Perspectiva‚

378 5244 612 5316 color
680 5267 838 5318 non
906 5246 1225 5320 videtur
1292 5247 1449 5319 nisi
1524 5248 1931 5322 admixtus

384 5361 538 5433 luci
602 5383 860 5454 usque
920 5362 1012 5434 ad
1069 5383 1468 5453 organum
1528 5365 1776 5444 visus,
1854 5365 1933 5436 in

380 5498 533 5568 quo
610 5477 1008 5571 recipitur
1067 5479 1164 5551 ab
1207 5501 1394 5551 aere
1457 5480 1606 5552 sibi
1675 5481 1934 5552 conti-

382 5612 566 5685 guo,
618 5601 704 5669 ut
750 5598 1156 5670 formetur
1190 5618 1333 5691 per
1378 5597 1636 5691 ipsam
1681 5599 1929 5680 visus,

2031 558 2185 632 hoc
2225 563 2375 640 est,
2438 561 2669 633 actus
2709 556 3050 642 videndi,
3086 578 3242 652 quo
3296 579 3581 633 sensus

2031 677 2257 750 visus
2297 678 2509 751 videt
2561 676 2925 752 colorem
2975 682 3238 760 extra,
3285 678 3420 770 qui
3458 682 3584 753 est

2036 794 2113 867 in
2204 794 2660 868 substantia
2740 796 2973 868 modo
3045 795 3422 889 exposito
3499 796 3583 872 in

2038 912 2528 1005 praecedenti
2570 911 3019 1005 quaestione
3041 915 3088 983 ·.

2121 1029 2187 1100 Α
2267 1047 2505 1100 sensu
2574 1047 2772 1100 vero
2862 1026 3352 1120 particulari
3437 1049 3583 1122 per

2035 1165 2331 1219 nervos
2374 1143 2712 1236 opticos‚
2761 1144 2993 1238 quasi
3027 1165 3172 1238 per
3203 1145 3576 1231 medium,

2037 1264 2258 1336 intra
2326 1265 2773 1354 generatur
2849 1262 3294 1338 similitudo
3363 1264 3582 1339 illius

2038 1382 2361 1478 speciei,
2436 1403 2574 1455 seu
2638 1382 3045 1456 sensibilis
3118 1383 3200 1456 in
3270 1402 3582 1478 organo

2041 1502 2504 1584 memoriae,
2553 1503 2634 1576 in
2691 1522 2846 1596 qua
2888 1505 3431 1577 conservatur
3488 1504 3583 1577 ad

2037 1620 2491 1694 absentiam
2557 1617 2961 1695 sensibilis
3021 1623 3304 1704 extra,
3378 1620 3586 1713 quod

2036 1756 2198 1808 non
2230 1735 2634 1828 contingit
2670 1736 2751 1810 in
2783 1755 3020 1809 sensu
3066 1734 3581 1829 particulari,

2036 1857 2118 1926 et
2161 1874 2204 1925 a
2257 1855 2522 1946 specie-
2566 1857 2651 1927 ut
2702 1851 2941 1926 estin
2988 1853 3410 1939 memoria,
3458 1874 3585 1946 ge-

2036 1974 2382 2045 neratur
2436 1975 2516 2046 et
2567 1968 3165 2062 multiplicatur
3214 1969 3588 2044 similitu-

2036 2086 2133 2158 do
2180 2085 2342 2172 illa,
2390 2107 2562 2178 quae
2599 2092 2724 2163 est
2772 2086 3214 2162 exterioris
3258 2086 3589 2162 sensibi-

2039 2203 2140 2275 lis
2174 2225 2425 2295 usque
2475 2205 2570 2277 ad
2621 2224 3021 2298 organum
3074 2205 3588 2300 imaginatio-

2038 2320 2189 2392 nis.
2241 2321 2366 2393 Ita
2417 2321 2620 2413 quod
2665 2320 2876 2396 sicut
2918 2343 3003 2395 se
3051 2320 3294 2397 habet
3339 2321 3586 2397 sensi-

2036 2438 2196 2509 bile
2241 2442 2480 2511 extra
2533 2441 2907 2530 respectu
2971 2458 3280 2522 sensus,
3333 2442 3423 2513 ut
3476 2439 3586 2532 ip-

2040 2576 2220 2626 sum
2279 2555 2658 2631 immutet
2700 2576 2845 2628 sua
2906 2556 3196 2649 specie,
3270 2554 3386 2630 sic
3429 2575 3587 2629 me-

2041 2669 2306 2741 moria
2346 2671 2441 2744 ad
2483 2670 3103 2763 imaginativam
3159 2670 3587 2744 immutan-

2036 2787 2134 2860 do
2173 2788 2431 2881 ipsam
2464 2790 2559 2861 ad
2590 2794 2863 2863 actum
2897 2787 3417 2880 imaginandi,
3472 2787 3587 2863 ita

2042 2907 2249 2997 quod
2316 2909 2438 2979 est
2505 2906 2709 2980 idem
2789 2906 3293 3000 particulare
3380 2905 3587 2997 quod

2044 3022 2393 3115 percipit
2461 3043 2746 3095 sensus
2817 3026 2904 3096 ut
2953 3027 3079 3097 est
3138 3026 3324 3096 actu
3387 3042 3587 3114 prae-

2043 3160 2252 3221 sens,
2290 3143 2369 3213 et
2406 3138 2940 3230 imaginativa
3016 3141 3102 3212 ut
3144 3142 3268 3212 est
3322 3157 3586 3212 succe-

2036 3257 2254 3328 denS.

2135 3377 2233 3446 Et
2277 3373 2425 3447 hoc
2467 3378 2590 3446 est
2625 3375 2830 3466 quod
2860 3374 3051 3449 dicit
3087 3372 3589 3466 Augustinus

2043 3495 2124 3560 de
2167 3495 2516 3576 Τνίηἰιαιε,
2573 3516 2719 3581 cap.
2770 3496 2834 3562 3.
2896 3495 3032 3560 Pro
3088 3495 3213 3561 illa
3270 3489 3589 3585 (inquit)

2041 3612 2255 3697 specie
2312 3612 2633 3697 corpori&
2698 3632 2841 3698 quw
2880 3611 3228 3677 videbatur
3266 3613 3588 3678 eoetrinse-

2045 3749 2180 3805 cus,
2215 3726 2500 3793 succedit
2532 3728 2854 3793 memoria
2886 3728 3179 3794 recinens
3220 3728 3412 3795 illam
3439 3749 3588 3816 spe-

2045 3847 2235 3924 ciem,
2280 3866 2476 3931 quam
2510 3866 2635 3931 per
2653 3846 2954 3931 corporis
2991 3865 3253 3912 semum
3284 3844 3589 3912 combibit

2045 3963 2299 4028 (mima.
2362 3961 2621 4048 Proque
2695 3961 2820 4028 illa
2885 3962 3164 4042 visione,
3218 3982 3362 4049 quce
3415 3963 3591 4047 soris

2046 4089 2189 4143 erat
2240 4099 2385 4143 cum
2432 4098 2658 4143 sensus
2697 4099 2779 4143 ex
2825 4097 3103 4163 corpore
3148 4077 3403 4144 visibili
3447 4079 3588 4164 sor-

2046 4206 2365 4274 maretur‚
2401 4194 2691 4260 succedit
2723 4195 2904 4260 inlus
2930 4194 3177 4260 similis
3207 4195 3401 4276 visio,
3443 4214 3590 4261 cum

2044 4332 2128 4374 ex
2159 4333 2231 4375 eo
2262 4309 2442 4399 quod
2470 4312 2792 4379 memoria
2825 4320 3018 4392 tenet,
3057 4312 3396 4396 formatur
3418 4310 3593 4376 acies

2044 4431 2281 4506 animi,
2350 4439 2409 4494 et
2474 4429 2772 4495 absencia
2844 4449 3128 4516 corpora
3184 4427 3589 4515 coquantur.

2048 4547 2148 4616 Et
2180 4547 2417 4616 vocat
2462 4543 3048 4634 cogitationem
3082 4541 3593 4635 imaginatio-

2045 4681 2255 4731 nem.
2323 4663 2421 4733 Et
2467 4664 2653 4733 sunt
2715 4659 3023 4732 similes
3077 4659 3290 4733 modi
3335 4663 3595 4734 trans-

2051 4777 2623 4858 mutationum,
2666 4778 2951 4870 quibus
2986 4776 3299 4852 scilicet
3331 4781 3597 4852 trans-

2049 4897 2416 4967 mutatur
2457 4915 2741 4968 sensus
2777 4894 3305 4988 particularis
3338 4916 3386 4968 a
3433 4915 3598 4969 sen·

2048 5013 2262 5085 sibili
2322 5017 2586 5095 extra,
2633 5016 2710 5087 et
2756 5013 3291 5103 imaginativa
3333 5032 3380 5085 a
3430 5034 3600 5106 spe-

2048 5130 2168 5204 cio
2206 5131 2283 5202 in
2318 5132 2714 5205 memoria
2754 5132 3181 5214 existente,
3259 5134 3597 5223 excepto

2048 5247 2253 5339 quod
2309 5253 2545 5321 extra
2599 5248 3250 5323 immutationem
3312 5268 3596 5320 sensus

2054 5366 2579 5458 particularis
2696 5366 3097 5458 objectum
3212 5364 3593 5438 immutat

2050 5503 2401 5565 sensum,
2451 5487 2838 5575 tanquam
2892 5481 3247 5575 primum
3300 5486 3380 5557 et
3415 5502 3595 5575 pro·

2051 5598 2357 5673 ximum
2385 5599 2823 5679 immutans
2853 5625 2866 5669 :
2895 5619 3055 5676 non
3080 5602 3355 5677 autem
3390 5599 3594 5677 idem

3496 398 3614 464 523

3609 933 3629 956 ⁶
3646 931 3806 985 Num.
3835 933 3919 986 2⁴.

3660 999 3712 1046 et
3729 1011 3878 1109 ἔσῃ.
