4252 6393
677 410 795 477 476

701 575 908 668 quod
964 577 1140 669 ejus
1183 578 1457 670 aliqua
1515 575 1881 669 potentia
1933 576 2040 647 sit
2137 596 2258 646 or-

715 695 1030 785 ganica,
1077 699 1158 768 et
1192 695 1353 766 alia
1397 714 1582 766 non.
1632 698 1747 765 Ex
1800 715 1956 786 quo
2010 693 2261 765 etiam

712 814 961 904 patet,
1027 812 1233 904 quod
1287 810 1751 903 accipiendo
1816 809 2263 903 potentiam

710 927 1085 1009 visivam,
1151 932 1241 1001 ut
1298 933 1425 1002 est
1485 948 1616 999 res
1669 927 2070 1006 absoluta,
2132 946 2262 1018 po·

718 1045 974 1118 tentia
1013 1044 1276 1117 visiva
1319 1050 1443 1118 est
1488 1045 1567 1116 in
1609 1045 1799 1137 pede
1858 1047 1937 1116 et
1982 1042 2060 1114 in
2108 1063 2264 1113 ma-

715 1182 847 1244 nu,
884 1181 1070 1235 cum
1113 1163 1220 1235 sit
1266 1162 1472 1235 idem
1545 1162 1751 1253 quod
1803 1159 2263 1233 substantia

717 1281 1032 1353 animae.

485 1412 612 1486 27„
807 1397 1250 1479 Quaerenda
1318 1401 1444 1470 est
1508 1397 1767 1487 igitur
1829 1394 2044 1468 ratio
2105 1393 2263 1464 (115-

368 1477 666 1602 οῗέἷιῖῗεόἶῗ,
724 1513 1144 1587 tinctionis
1216 1513 1773 1605 potentiarum
1834 1511 1913 1583 in
1985 1509 2259 1582 anima

368 1607 687 1725 ‘222202'1'’
724 1651 865 1722 per
906 1630 1160 1702 alium
1213 1631 1562 1701 modum.
1611 1630 1850 1703 Circa
1893 1627 2095 1719 quod
2138 1630 2262 1698 est

721 1747 1153 1826 sciendum,
1239 1747 1445 1839 quod
1522 1768 1705 1819 cum
1779 1745 2043 1838 prima
2112 1743 2261 1814 (lis-

718 1864 1007 1937 tinctio
1048 1863 1599 1956 potentiarum
1646 1862 1935 1933 animae
1970 1861 2077 1933 sit
2121 1881 2264 1952 per

722 1979 1160 2070 organicas
1236 1984 1315 2053 et
1376 2000 1533 2052 non
1581 1978 2039 2069 organicas,
2105 1997 2262 2048 non

720 2101 989 2191 potest
1029 2096 1210 2178 dici,
1266 2098 1471 2188 quod
1526 2097 1699 2188 ipsa
1752 2093 2262 2186 organizatio

721 2215 829 2288 sit
925 2213 1137 2286 ratio
1215 2211 1768 2285 determinans
1861 2209 2262 2303 potentias

721 2329 1307 2404 universaliter
1371 2330 1451 2401 in
1521 2328 1820 2409 anima,
1902 2325 2263 2416 alioquin

722 2447 1226 2522 intellectiva
1303 2467 1462 2520 non
1549 2450 1765 2518 esset
1854 2443 2259 2537 potentia,

720 2586 902 2638 cum
945 2585 1107 2637 non
1172 2568 1459 2638 utatur
1522 2582 1833 2653 organo
1886 2561 2264 2654 corporis

722 2682 1196 2755 formaliter
1256 2686 1336 2754 et
1397 2679 2093 2758 substantialiter,
2152 2700 2265 2748 se·

718 2800 1066 2871 cundum
1152 2797 1357 2889 quod
1451 2796 1805 2868 sortitur
1864 2795 2266 2868 unitatem

718 2921 800 2990 et
879 2915 1572 2995 uniformitatem,
1660 2913 1847 3004 quia
1928 2913 2266 3004 respicit

718 3055 1050 3127 corpus,
1113 3038 1194 3107 et
1255 3053 1531 3104 omnes
1584 3031 1759 3125 ejus
1825 3034 2099 3123 partes
2154 3052 2267 3100 se-

717 3153 1064 3226 cundum
1103 3149 1463 3223 eamdem
1495 3147 2141 3241 dispositionem,
2181 3148 2268 3217 ut

718 3267 910 3341 (lixi.

811 3387 1121 3456 Praeter
1164 3383 1314 3453 hoc
1348 3381 1549 3462 dico,
1599 3380 1804 3471 quod
1838 3380 2111 3450 anima
2144 3383 2269 3452 est

722 3501 1211 3596 principium
1258 3498 1665 3591 operandi,
1711 3501 1790 3569 et
1834 3497 2267 3568 secundum

717 3621 866 3691 hoc
928 3617 1169 3688 habet
1237 3615 1663 3706 quamdam
1711 3612 2271 3705 pluralitatem

719 3743 799 3811 et
830 3733 1466 3814 distinctionem,
1523 3730 1711 3823 quia,
1760 3730 2096 3823 respicit
2144 3729 2268 3801 ob-

716 3856 937 3947 jecta
1017 3851 1451 3924 secundum
1540 3849 1855 3920 variam
1941 3849 2267 3920 distinc-

430 3988 631 4040 Dixcin-
726 3978 1051 4061 tamque
1099 3967 1501 4042 rationem
1554 3966 1871 4058 objecti.
1928 3967 2270 4057 Respec-

397 4062 672 4178 91327232‘2‘1‘1'22
726 4090 857 4157 tus
900 4085 1149 4158 etiam
1200 4083 1294 4156 ad
1348 4083 1868 4175 operandum,
1917 4081 2049 4173 qui
2110 4101 2270 4152 non

369 4178 701 4302 ‘'rsspss‘gffiff
727 4209 850 4277 est
920 4203 999 4274 in
1069 4200 1527 4273 substantia
1599 4199 1915 4280 animae,
1990 4202 2077 4270 ut
2147 4201 2268 4269 est

368 4302 697 4414 adaman.
732 4319 1120 4413 perfectio
1155 4316 1532 4409 corporis
1566 4315 2145 4396 essentialiter,
2187 4320 2273 4386 ut

725 4438 992 4509 visum
1033 4439 1195 4514 est,
1250 4434 1383 4505 sed
1435 4432 1698 4504 solum
1744 4432 1888 4504 sub
1928 4432 2269 4513 ratione,

730 4574 883 4646 qua
946 4554 1216 4644 potest
1278 4547 1634 4640 operari,
1701 4544 2135 4618 constituit
2197 4544 2273 4615 in

725 4669 1022 4748 anima,
1070 4662 1652 4737 universaliter
1688 4661 2110 4752 loquendo,
2157 4680 2274 4729 ra-

726 4787 1031 4863 tionem
1090 4781 1470 4874 potentiae
1509 4805 1523 4848 :
1563 4782 1639 4851 et
1688 4799 1831 4871 per
1881 4777 2106 4848 illam
2151 4797 2279 4865 ge-

725 4900 1086 4974 neralem
1158 4898 1561 4970 rationem
1640 4894 1938 4968 dicitur
2006 4892 2278 4964 anima

730 5022 1037 5111 potens,
1112 5019 1200 5088 ut
1271 5014 1385 5086 sie
1456 5011 1670 5084 ratio
1736 5010 2116 5102 potentur
2203 5008 2282 5078 111

722 5131 1164 5205 universali
1269 5129 1825 5202 constituatur
1922 5146 2018 5195 ex
2104 5124 2285 5194 sub—

721 5251 1027 5324 stantia
1105 5247 1396 5318 animae
1461 5249 1548 5317 ut
1608 5265 1703 5314 ex
1780 5241 2152 5321 materia,
2208 5244 2288 5312 et

716 5389 814 5438 cx
869 5368 1243 5457 respectu
1319 5363 1409 5433 311
1467 5359 1960 5451 operandum
2034 5360 2119 5427 ut
2191 5375 2286 5424 ex

715 5487 1009 5557 forma.
1072 5482 1297 5556 Sicut
1349 5483 1620 5551 autem
1717 5477 2136 5566 respectus
2199 5471 2291 5541 ad

720 5599 1217 5694 operandum
1264 5592 1846 5667 universaliter
1922 5592 2294 5679 sumptus

1858 417 1961 479 DE
2004 416 2270 480 RERUM
2315 415 2701 480 PRINCIPIO

2379 576 2808 650 constituit
2871 577 2948 648 in
3010 576 3455 649 universali
3517 578 3888 653 rationem

2379 694 2786 784 potentiae,
2873 694 2987 765 sie
3059 694 3274 774 talis,
3330 695 3452 765 vel
3508 694 3693 768 talis
3744 718 3892 770 res-

2377 816 2657 902 pectus
2701 833 2883 883 cum
2938 811 3112 904 ipsa
3169 813 3440 885 anima
3490 814 3895 888 constituit

2379 927 2623 999 talem
2700 929 2822 999 vel
2891 930 3138 1002 talem
3199 930 3674 1022 potentiam.
3729 933 3893 1002 Res-

2379 1049 2660 1137 pectus
2715 1052 2986 1119 autem
3041 1048 3332 1120 animae
3383 1050 3477 1120 ad
3521 1049 3895 1139 operatio-

2376 1183 2516 1233 nes
2580 1182 2767 1233 suas
2823 1168 3285 1247 sumuntur,
3341 1169 3422 1238 et
3473 1167 3657 1236 sunt
3707 1166 3897 1238 varii

2379 1279 2843 1352 necessario
2889 1282 3323 1354 secundum
3372 1282 3728 1356 rationes
3759 1283 3898 1355 for-

2382 1396 2633 1469 males
2675 1396 2952 1468 varias
2990 1398 3526 1490 objectorum.

2467 1515 2664 1586 Cum
2703 1512 2959 1602 igitur
2992 1513 3352 1605 quaedam
3382 1515 3545 1588 sint
3580 1515 3897 1607 objecta,

2380 1650 2551 1719 quae
2585 1631 2676 1701 ‹le
2720 1630 3039 1704 ratione
3071 1650 3215 1700 5113.
3249 1652 3405 1702 11011
3443 1635 3631 1704 sunt
3664 1637 3902 1704 arcta-

2380 1750 2484 1826 ta,
2534 1767 2678 1818 nec
2719 1747 3287 1830 determinata,
3358 1768 3500 1819 nec
3546 1748 3903 1821 materia-

2379 1862 2509 1943 lia,
2567 1884 2707 1934 nec
2760 1864 3368 1946 immaterialia,
3436 1864 3568 1936 sed
3632 1865 3906 1937 indiffe-

2381 1983 2658 2051 renter
2692 2001 2774 2050 se
2828 1979 3231 2062 habentia,
3282 1985 3609 2074 oportet
3660 2002 3906 2052 neees-

2379 2095 2600 2166 sario
2647 2095 2851 2186 quod
2897 2095 2977 2167 in
3021 2097 3316 2178 anima,
3372 2097 3604 2188 eujus
3649 2097 3907 2186 cogni-

2379 2212 2495 2285 tio
2554 2234 2635 2283 se
2685 2213 3044 2286 extendit
3103 2214 3195 2283 ad
3258 2212 3555 2294 omnia,
3612 2212 3908 2286 51111111-

2380 2329 2725 2399 versalis
2798 2332 3216 2421 respectus
3279 2329 3372 2400 ad
3442 2349 3909 2419 cognoscen-

2379 2445 2562 2517 dum
2599 2447 2760 2519 tale
2805 2445 3208 2536 objectum
3247 2472 3260 2514 ε
3301 2467 3393 2518 ac
3431 2467 3573 2539 per
3605 2446 3756 2519 hoc
3790 2447 3909 2518 ille

2385 2567 2842 2654 respectus,
2925 2563 3049 2633 vel
3130 2563 3402 2634 anima
3491 2564 3908 2636 secundum

2383 2679 2586 2770 quod
2629 2680 2867 2751 habet
2918 2683 3338 2771 aspectum
3391 2681 3485 2752 ad
3547 2681 3739 2751 illud
3799 2679 3911 2750 ob·

2375 2794 2683 2885 jectum
2771 2796 3461 2885 cognoscendum,
3554 2815 3716 2866 non
3801 2799 3912 2865 est

2382 2914 2730 2990 arctata,
2771 2932 2915 2983 nec
2951 2932 3259 3001 organo
3306 2912 3556 2994 unita,
3614 2935 3756 2986 nec
3797 2933 3912 3005 po-

2379 3026 2637 3098 tentia
2673 3028 3047 3100 totaliter
3080 3029 3484 3110 limitata,
3534 3028 3699 3100 imo
3743 3050 3914 3120 quo-

2381 3131 2803 3215 dammodo
2866 3143 3305 3227 illimitata,
3374 3148 3454 3219 et
3515 3145 3707 3220 talis
3771 3165 3917 3215 res-

2387 3264 2666 3351 pectus
2717 3266 3004 3334 causat
3065 3262 3512 3354 potentiam
3578 3262 3918 3335 intellec-

2383 3378 2662 3458 tivam,
2702 3381 2786 3450 ut
2820 3376 2983 3448 (lixi
3019 3398 3292 3470 supra.
3331 3378 3576 3469 Cujus
3610 3379 3921 3452 distinc-

2384 3494 2500 3568 tio
2563 3515 2608 3564 a
2663 3495 3084 3568 voluntate
3145 3500 3486 3588 apparet
3546 3517 3644 3568 ex
3703 3495 3919 3568 modo

2386 3609 2748 3681 tendendi
2813 3610 2888 3681 111
2971 3610 3399 3703 objectum,
3466 3612 3922 3701 cognitione

2383 3725 2508 3795 vel
2554 3726 3009 3800 affectione.

2472 3847 2672 3916 Cum
2748 3843 2998 3915 etiam
3071 3844 3233 3915 sint
3306 3843 3504 3916 talia
3587 3844 3916 3935 objecta,

2386 3981 2559 4050 quw
2597 3961 2686 4030 ‹le
2735 3961 3052 4032 ratione
3088 3980 3230 4031 sua
3265 3965 3450 4031 sunt
3486 3965 3810 4034 arctata
3850 3963 3921 4031 et

2385 4076 2780 4155 limitata,
2835 4076 3022 4167 quia
3087 4080 3269 4148 sunt
3336 4078 3697 4168 quendam
3759 4096 3926 4169 por-

2387 4192 2648 4265 tiones
2684 4192 2919 4272 entis,
2971 4191 3180 4266 sicut
3221 4197 3346 4265 est
3401 4213 3636 4264 omne
3690 4191 3929 4264 sensi-

2387 4307 2565 4387 bile,
2617 4329 2944 4378 necesse.
2977 4312 3124 4388 est,
3165 4308 3371 4399 quod
3409 4308 3486 4378 111
3521 4309 3794 4380 31111113,
3830 4307 3928 4378 sit

2396 4426 3276 4517 respectus·limitatus,
3319 4446 3463 4517 per
3497 4447 3735 4517 quem
3776 4425 3931 4497 ani-

2395 4564 2515 4615 ma
2561 4542 2816 4633 possit
2849 4543 3074 4614 circa
3117 4542 3573 4631 hujusmodi
3624 4543 3933 4634 objecta

2398 4659 2751 4749 operari.
2827 4658 3423 4731 Determinatio
3491 4663 3788 4739 autem,
3862 4661 3935 4730 et

2401 4773 2788 4845 limitatio
2846 4773 3084 4865 liujus
3149 4778 3568 4866 respectus
3613 4795 3767 4845 non
3814 4795 3937 4865 po·

2403 4889 2685 4961 tostin
2749 4889 3014 4959 anima
3080 4910 3256 4960 esse
3317 4911 3413 4961 ex
3478 4894 3706 4981 parte
3771 4908 3931 4967 5113,

2403 5006 2591 5097 quia
2644 5008 2831 5077 tune
2896 5008 3069 5077 tota
3131 5006 3400 5077 31111113
3456 5005 3693 5077 51111111
3741 5003 3936 5077 111111-

2403 5126 2571 5195 tata
2643 5127 2722 5193 et
2787 5121 3200 5194 illimitata
3280 5126 3520 5203 esset,
3604 5122 3790 5214 quia
3847 5140 3939 5192 ex

2409 5241 2638 5329 parte
2723 5236 3184 5309 intellectus
3266 5236 3675 5310 illimitata
3761 5256 3940 5327 quo-

2404 5355 2856 5433 dammodo,
2912 5375 3093 5425 cum
3154 5359 3531 5445 aspectus
3598 5354 3941 5426 intellec-

2406 5470 2653 5542 tualis
2698 5471 2801 5541 sit
2837 5472 2930 5542 ad
2967 5471 3393 5543 inlinitum.
3457 5471 3704 5543 Habet
3749 5490 3941 5559 ergo

2413 5587 2678 5660 anima
2711 5587 3942 5679 hujusmodideterminationem
