4252 6393
78 3932 273 3981 tersitae.

187 5649 234 5710 ὁ.

1712 422 2071 500 QUAESTlo
2118 424 2306 488 xvm

357 570 623 650 tuosa,
687 576 769 646 et
824 573 1459 666 inflammabilis‚
1508 606 1763 679 usque
1805 587 1902 659 ad

360 687 881 777 superiorem
972 696 1396 788 regionem
1482 704 1729 786 aeris,
1821 704 1903 776 in

359 821 601 894 qua-m
644 807 825 898 agit
865 811 1100 885 calor
1144 814 1402 908 ipsius
1447 822 1904 914 superioris

351 919 744 1011 regionis,
775 926 910 1017 qui
933 948 1093 1004 non
1119 937 1246 1007 est
1272 935 1623 1010 multum
1652 938 1904 1013 inten-

352 1057 516 1119 sus,
552 1061 741 1115 cum
775 1044 1190 1138 adjutorio
1217 1055 1600 1147 corporis
1634 1057 1905 1130 coeles-

353 1155 488 1238 tis,
552 1159 691 1249 qui
743 1161 978 1234 calor
1026 1165 1287 1258 ipsam
1335 1169 1788 1247 inflammat
1823 1178 1906 1249 et

352 1280 698 1368 appa-ret
732 1278 977 1351 stella
1006 1289 1365 1369 comata,
1401 1291 1482 1362 et
1515 1289 1905 1363 continue

352 1408 567 1462 nova
588 1392 1035 1480 exhalatio,
1074 1400 1390 1478 scilicet
1415 1405 1899 1490 consimiliS‚

351 1504 734 1582 elevatur
792 1534 1149 1599 sursum,
1195 1523 1277 1593 et
1328 1523 1757 1597 concurrit
1810 1524 1906 1596 ad

354 1621 603 1697 istam
652 1630 1090 1704 materiam
1109 1652 1567 1719 accensam,
1603 1638 1730 1710 vel
1760 1661 1907 1733 per

349 1759 811 1824 ascensum,
875 1747 1003 1818 vel
1083 1769 1229 1841 per
1286 1753 1899 1838 attractionem,

349 1855 568 1930 sicut
610 1861 956 1950 guttulae
989 1885 1218 1956 aquae
1268 1867 1905 1965 circumquaque

348 1979 769 2062 generatae
851 1989 1362 2059 concurrunt
1438 1987 1534 2059 ad
1611 1987 1906 2080 princi-

352 2088 578 2182 pium
652 2092 931 2179 fontiS,
1003 2102 1233 2174 etex
1295 2102 1442 2176 tali
1514 2104 1906 2177 continuo

350 2224 698 2280 ascensu
758 2210 1309 2288 exhalationis
1370 2219 1909 2294 continuatur

350 2323 596 2395 stella
665 2334 996 2403 comata
1075 2331 1156 2403 in
1211 2335 1772 2421 ‹lurationem;
1826 2345 1907 2414 et

349 2444 704 2531 propter
800 2443 1363 2523 diversitatem
1461 2452 1683 2525 illius
1779 2476 1908 2527 ex-

351 2551 806 2632 halationis
897 2565 1337 2638 secundum
1415 2567 1691 2650 situm,
1780 2569 1908 2640 vel

351 2674 799 2747 secundum
831 2677 1295 2764 raritatem,
1316 2682 1443 2754 vel
1471 2686 1908 2758 secundum

346 2790 846 2866 densitatem
897 2800 1241 2888 apparet
1288 2801 1565 2882 cauda,
1619 2801 1746 2873 vel
1780 2825 1908 2875 co-

351 2927 512 2979 ma.
587 2911 814 2991 Quod
884 2917 1162 2987 autem
1222 2937 1367 3009 per
1433 2917 1680 2991 istum
1749 2942 1910 2994 mo-

346 3023 542 3096 dum
613 3032 1082 3117 generetur,
1167 3032 1494 3124 signum
1580 3041 1731 3120 est,
1812 3060 1907 3110 eo

352 3144 570 3231 quod
624 3150 1001 3238 tempore
1051 3148 1603 3241 apparitionis
1648 3155 1908 3229 stellae

347 3267 706 3338 comatae
736 3270 925 3340 sunt
950 3265 1445 3353 multiventi,
1467 3271 1906 3356 siccitates,

349 3379 876 3462 sterilitates,
933 3381 1524 3475 impressiones
1598 3388 1903 3479 ignitae,

353 3518 535 3588 quae
592 3496 869 3570 omnia
927 3519 1026 3569 ex
1084 3500 1502 3576 consimili
1560 3507 1912 3580 materia

354 3612 665 3686 habent
696 3614 1104 3703 generari.

449 3732 560 3803 Et
579 3750 680 3801 ex
707 3729 866 3803 isto
895 3731 1126 3803 modo
1150 3736 1710 3825 generationis
1737 3758 1912 3830 pos-

257 3834 336 3916 ‘·.
358 3850 559 3920 sunt
597 3844 783 3918 dari
814 3866 1083 3920 causae
1121 3849 1796 3937 differentiarum,
1834 3859 1914 3927 et

353 3964 1071 4057 apparentiarum,
1110 3989 1285 4059 quae
1319 3968 1651 4046 fuerunt
1683 3972 1913 4065 prius

347 4084 888 4154 enumeratae.
934 4083 1141 4155 Nam
1172 4084 1608 4159 diversitas
1640 4110 1915 4162 secun-

345 4196 540 4268 dum
563 4196 1169 4272 multitudinem
1204 4203 1586 4294 provenit
1606 4225 1704 4277 ex
1730 4205 1907 4290 hoc,

347 4313 545 4405 quia
587 4313 866 4406 aliqua
911 4318 1259 4390 materia
1290 4319 1616 4393 elevata
1660 4327 1788 4396 est
1832 4324 1910 4396 in

346 4428 708 4501 diversis
780 4431 1188 4523 partibus;
1272 4436 1406 4508 sed
1474 4437 1911 4514 diversitas

349 4546 800 4619 secundum
840 4546 1208 4622 colorem
1255 4553 1661 4644 provenit,
1723 4557 1913 4648 quia

352 4661 678 4756 quando
725 4664 1073 4738 materia
1120 4672 1247 4741 est
1290 4667 1560 4752 fortis,
1618 4672 1907 4765 spissa,

349 4787 431 4857 et
453 4783 737 4864 densa,
767 4785 958 4856 tunc
1006 4791 1352 4878 apparet
1389 4789 1905 4875 rubicundus,

352 4898 491 4971 sed
522 4917 715 4970 cum
752 4899 1103 4972 materia
1136 4906 1262 4977 est
1286 4904 1636 4989 subtilis,
1673 4913 1755 4983 et
1800 4914 1908 4983 tc-

350 5014 570 5094 nuis,
639 5019 988 5107 apparet
1052 5017 1213 5090 albi
1264 5020 1599 5106 coloris,
1658 5029 1739 5098 et
1796 5026 1913 5100 ita

350 5131 896 5205 discurrendo
942 5153 1086 5225 per
1131 5135 1340 5209 alias
1372 5138 1903 5227 differentias,

349 5256 430 5326 et
475 5251 1040 5345 appar-entias‚
1070 5251 1329 5328 'datur
1360 5275 1631 5341 causa,
1671 5279 1910 5352 prop-

351 5373 484 5442 ter
514 5355 1093 5447 diversitatem
1129 5373 1522 5455 materiae»,
1558 5375 1687 5446 vel
1741 5374 1909 5446 for-

352 5487 818 5569 titudinem,
854 5486 984 5560 vel
1022 5487 1523 5563 debilitatem
1558 5492 1902 5581 agentis

442 5608 600 5690 Sed
640 5612 711 5688 si
745 5603 986 5692 stella
1010 5611 1338 5687 comata
1360 5606 1466 5682 sit
1488 5606 1579 5687 de
1610 5611 1909 5689 natura

3464 426 3544 491 89

2013 585 2218 668 coeli,
2266 588 2659 679 quantum
2692 588 2788 659 ad
2829 608 3129 681 corpus
3157 588 3440 670 stellae,
3476 591 3556 662 et

2014 701 2191 795 ejus
2231 701 2509 783 cauda,
2538 702 2663 776 vel
2699 724 2939 778 coma
2973 703 3082 778 sit
3124 705 3217 778 de
3256 709 3557 780 natura

2016 819 2527 902 elementari,
2567 824 2757 894 tunc
2806 820 2898 896 fit
2940 842 3086 914 per
3133 821 3344 896 hunc
3396 841 3556 896 mo-

2016 937 2238 1018 dum;
2300 936 2489 1030 quia
2538 937 2814 1031 aliqua
2892 938 3134 1013 stella
3191 937 3382 1021 fixa,
3430 938 3554 1012 vel

2015 1055 2380 1129 erratica
2414 1055 2763 1130 attrahit
2806 1055 2960 1129 sibi
3002 1056 3100 1129 ab
3132 1056 3314 1129 istis
3357 1055 3558 1128 infe-

2020 1171 2381 1245 rioribus
2441 1173 2691 1246 talem
2737 1172 3348 1246 exhalationem
3399 1178 3560 1247 ter-

2021 1292 2401 1371 restrem,
2454 1310 2706 1381 usque
2739 1288 2833 1361 ad
2866 1289 3382 1383 superiorem
3433 1310 3561 1363 re-

2019 1404 2346 1495 gionem
2380 1404 2625 1486 aeris,
2655 1426 2830 1497 quae
2854 1410 3197 1499 propter
3221 1405 3558 1478 nimiam

2015 1519 2561 1593 remotionem
2633 1541 2680 1592 a
2722 1520 2954 1594 nobis
2995 1525 3341 1614 apparet
3381 1542 3560 1593 esse

2019 1638 2410 1711 continua
2461 1637 2580 1709 illi
2615 1637 2895 1720 stellae,
2942 1637 3315 1730 quamvis
3340 1638 3419 1709 in
3440 1637 3560 1710 rei

2019 1755 2370 1829 veritate
2424 1756 2770 1830 multum
2812 1756 3146 1837 distent;
3193 1755 3274 1827 in
3318 1775 3560 1847 quam

2019 1872 2626 1946 exhalationem
2671 1873 2843 1963 agit
2876 1873 3036 1946 ista
3077 1873 3317 1947 stella
3367 1871 3561 1945 alte-

2023 1989 2302 2071 rando‚
2322 1989 2568 2062 donec
2592 1990 3093 2072 incendatur,
3121 1990 3248 2061 vel
3274 1988 3563 2062 efficia-

2020 2110 2161 2181 tur
2193 2106 2628 2179 luminosa.

2110 2226 2229 2296 Ex
2281 2224 2439 2299 isto
2502 2228 2770 2316 potest
2833 2223 3146 2305 inferri,
3222 2223 3427 2316 quod
3495 2221 3563 2294 si

2023 2341 2265 2415 stella
2330 2340 2534 2422 coeli,
2619 2361 2792 2432 quae
2858 2340 3183 2413 videtur
3267 2338 3564 2411 habere

2021 2459 2387 2538 caudam,
2465 2457 2594 2529 vel
2661 2476 3008 2537 comam,
3091 2455 3198 2529 sit
3272 2474 3564 2525 versus

2024 2573 2706 2668 Septentrionem,
2755 2571 3136 2665 possibile
3185 2575 3310 2645 est
3360 2571 3567 2663 quod

2024 2692 2166 2764 illa
2218 2693 2645 2763 moveatur
2685 2689 2784 2761 ab
2828 2687 3160 2762 Oriente
3212 2687 3294 2759 in
3349 2687 3567 2763 Occi-

2019 2804 2337 2878 dentem
2399 2803 2568 2876 sive
2649 2806 2836 2875 ortu
2921 2806 3003 2875 et
3071 2821 3390 2882 occasu,
3453 2805 3567 2875 ta-

2024 2940 2209 2993 men
2254 2921 2510 2993 cauda
2552 2939 2698 2991 sua
2743 2917 3065 2992 orietur
3107 2920 3187 2990 et
3229 2916 3562 2999 occidet,

2026 3037 2236 3111 sicut
2278 3039 2550 3130 potest
2590 3033 3141 3109 demonstrari
3186 3034 3266 3106 in
3306 3054 3568 3107 exem-

2023 3151 2157 3244 plo
2197 3150 2290 3223 de
2330 3149 2559 3233 nube,
2599 3169 2771 3241 quae
2805 3149 3296 3244 supponitur
3325 3149 3570 3224 alicui

2025 3268 2283 3343 stellae
2322 3287 2610 3339 versus
2646 3267 3326 3359 Septentrionem,
3396 3289 3569 3360 quae

2024 3403 2437 3477 nunquam
2490 3384 2762 3456 oritur
2811 3387 2893 3458 et
2953 3384 3268 3466 occidit,
3322 3389 3401 3457 et
3455 3389 3568 3458 ta-

2027 3523 2210 3575 men
2251 3502 2499 3574 nubes
2535 3500 2676 3573 illa
2706 3503 2795 3573 de
2837 3499 3054 3575 facto
3119 3500 3433 3582 occidit,
3487 3506 3568 3576 et

2027 3622 2297 3713 potest
2331 3618 2564 3691 oriri.

2115 3737 2262 3811 Sed
2290 3736 2707 3810 dubitatur
2738 3734 3031 3828 primo,
3070 3739 3348 3808 utrum
3382 3735 3565 3808 stel-
3716 3755 3748 3804 5

2029 3854 2106 3926 la
2178 3857 2504 3929 comata
2583 3851 2843 3945 possit
2912 3850 3092 3923 fleri
3163 3851 3244 3922 in
3313 3815 3916 3944 sphae-Dj‘ffssffmk

2029 3991 2123 4044 ra
2193 3970 2464 4062 ignis?
2512 3968 2852 4041 Videtur
2902 3969 3108 4059 quod
3178 3967 3318 4049 sic,
3376 3955 3563 4058 quia
3591 3942 3918 4079 {ZQZTIRZZZ

2027 4086 2351 4181 sphaera
2401 4086 2611 4177 ignis
2642 4090 2768 4160 est
2815 4085 3044 4157 valde
3087 4085 3399 4158 intense
3441 4106 3564 4157 ca·
3592 4082 3664 4116 ’Ὃ
3693 4080 3849 4131 '⁹”‘⁸·

2026 4204 2209 4286 lida,
2312 4206 2598 4296 potens
2699 4201 3057 4277 faciliter
3145 4202 3567 4275 incendere

2030 4320 2467 4395 materiam
2553 4318 3261 4391 inflammabilem:
3336 4320 3568 4391 mozlo

2029 4434 2267 4511 stella
2307 4437 2633 4507 comata
2672 4433 2763 4506 fit
2805 4454 2950 4527 per
3001 4433 3569 4508 inflammatio-

2025 4574 2252 4635 nem,
2292 4552 2573 4644 igitur,
2609 4554 2763 4626 etc.
2813 4553 3196 4634 Secundo,
3266 4553 3453 4645 quia
3489 4553 3566 4625 in

2028 4670 2385 4763 quolibet
2445 4669 2804 4743 aliorum
2844 4669 3439 4743 elementorum
3480 4669 3572 4744 fit

2026 4787 2302 4879 aliqua
2335 4785 2797 4879 impressio,
2858 4790 2948 4859 ut
2999 4789 3222 4878 patet
3261 4807 3406 4879 per
3442 4807 3572 4858 ex-

2024 4903 2560 4997 perientiam;
2609 4903 2869 4995 igitur
2904 4902 3452 4977 consimiliter
3494 4902 3573 4973 in

2026 5020 2352 5114 sphaera
2396 5019 2608 5111 ignis
2659 5019 2888 5094 debet
2931 5019 3205 5113 aliqua
3253 5019 3433 5091 fleri
3491 5023 3573 5092 et

2023 5160 2184 5212 non
2217 5138 2405 5220 alia,
2443 5158 2686 5229 quam
2720 5136 2959 5211 stella
2993 5141 3342 5220 comata,
3388 5159 3571 5210 cum

2024 5256 2187 5329 alia
2219 5256 2467 5329 altius
2509 5255 2931 5337 ascendat3
2980 5254 3262 5345 igitur,
3299 5260 3451 5328 etc.

2044 5426 2053 5439 .
2112 5373 2226 5445 Ad
2307 5371 2518 5445 istud
2614 5371 3156 5463 respondetur
3239 5370 3566 5444 dicendo
3647 5375 3870 5425 Solu‘io·

2024 5488 2232 5580 quod
2272 5508 2455 5569 non,
2493 5491 2572 5562 et
2612 5486 2762 5559 hoc
2795 5485 3097 5579 duplici
3136 5485 3227 5559 de
3271 5506 3562 5569 causa;

2022 5605 2292 5710 prima
2320 5609 2470 5689 est,
2517 5608 2860 5705 propter
2907 5602 3404 5682 caliditatem
3471 5604 3567 5683 is«
