4252 6393
611 395 730 470 798

248 573 567 690 {fiai-32?
593 588 816 655 supra,
849 575 1250 639 conclusione
1269 578 1493 654 prima
1521 576 1739 653 hujteS,
1774 581 2139 656 pertracta-

593 683 682 747 vit
712 682 795 747 de
824 684 1239 763 simplicitate
1282 684 1450 765 ejuS,
1509 701 1641 747 non
1675 689 1895 747 tamen
1924 684 2139 748 omni-

592 790 817 864 moda,
863 791 985 854 sed
1032 797 1285 854 tantum
1330 790 1630 870 opposita
1677 792 2138 868 compositioni

594 899 960 973 essentiali,
1063 900 1351 979 Physicae
1445 898 1550 962 vel
1640 899 2133 978 Metaphysicoe.

591 1009 801 1083 Quam
824 1009 1061 1087 probat
1092 1009 1299 1085 primo
1333 1008 1417 1069 de
1447 1007 1805 1079 essentiali,
1837 1007 2134 1069 secundo

591 1117 676 1180 de
706 1115 1034 1196 integrali,
1072 1117 1262 1178 tertio
1310 1116 1396 1179 de
1441 1115 1831 1178 accidentali
1861 1129 2129 1193 compo·

588 1224 850 1298 sitione,
898 1223 1323 1302 disputando,
1377 1238 1526 1301 quae
1573 1224 1794 1283 omnia
1842 1219 1984 1284 fere
2013 1222 2134 1283 ba-

588 1333 833 1398 bentur
858 1334 918 1396 8.
951 1332 1095 1394 dist.
1122 1332 1321 1409 pm'm.
1354 1335 1570 1408 quaest.
1610 1330 1662 1391 l.
1699 1332 1970 1407 exponit
2012 1346 2136 1392 no-

592 1447 804 1505 tanter
849 1445 1319 1521 argumentum
1364 1439 1732 1502 Aristotelis
1786 1440 1846 1502 8.
1908 1441 2130 1515 Physi—

586 1565 837 1624 corum,
869 1555 925 1612 et
962 1550 1058 1611 12.
1102 1549 1567 1624 Metaphysicoe,
1620 1550 1687 1606 et
1732 1547 2020 1626 applicat
2047 1545 2129 1608 ad

587 1659 1023 1737 propositum.
1050 1656 1211 1718 Vide
1237 1654 1486 1717 Ocham
1511 1654 1806 1726 Quodlib.
1826 1657 1888 1718 7.
1911 1660 2126 1732 quaest.

584 1767 683 1829 22.
736 1764 905 1826 Satis
952 1767 1351 1841 apparenter
1391 1761 1476 1823 ibi
1516 1764 1774 1841 ponitur
1820 1759 2131 1840 quaedam

584 1871 859 1947 additio,
893 1871 976 1936 de
1007 1887 1138 1951 qua
1182 1869 1586 1933 mentionem
1629 1866 1756 1931 feci
1794 1883 2016 1948 supra,
2066 1869 2133 1929 et

583 1984 686 2044 est
712 1980 870 2044 satis
904 1980 989 2043 ad
1019 1977 1450 2059 propositum.
1477 1976 1731 2039 Deinde
1755 1974 2126 2053 probandO,

583 2088 762 2167 quod
807 2105 940 2152 non
991 2089 1074 2150 sit
1116 2087 1184 2149 in
1231 2086 1442 2166 primo
1505 2083 1892 2161 compositio
1952 2082 2129 2144 acci-

584 2196 899 2268 dentaliS,
974 2194 1247 2257 adducit
1317 2196 1595 2272 quatuor
1672 2189 2123 2270 probationes,

581 2320 860 2384 quarum
888 2304 1054 2366 duas
1086 2302 1329 2382 primas
1359 2301 1575 2379 magis
1605 2302 1935 2376 acceptat.
1968 2297 2125 2357 Nam

581 2419 809 2476 contra
873 2412 1031 2474 alias
1099 2410 1265 2473 duas
1313 2408 1691 2472 notabiliter
1736 2409 1958 2478 instat,
2011 2403 2128 2467 ubi

579 2520 851 2599 pulchra
879 2518 1129 2598 ubique
1159 2516 1452 2579 notanda
1484 2516 1568 2578 de
1609 2512 2129 2593 perfectionibus

580 2628 1012 2708 simplicibus,
1043 2627 1208 2690 Vide
1237 2626 1438 2697 hunc,
1488 2630 1554 2686 et
1596 2623 1758 2684 alios
1787 2622 1899 2683 ubi
1928 2635 2129 2698 supra

583 2737 824 2800 notavi.
881 2739 1044 2799 'rota
1099 2735 1312 2796 littera
1357 2739 1458 2795 est
1511 2714 1785 2801 sincera,
1849 2734 1915 2790 et
1970 2727 2132 2790 satis

587 2845 783 2918 clara,
816 2859 1011 2921 quam
1043 2847 1265 2903 tamen
1308 2839 1666 2919 diligenter
1701 2835 2038 2900 ocellabis.

667 2950 1171 3029 consequenter
1207 2948 1296 3010 ibi
1346 2965 1361 3007 ε
1415 2946 1683 3008 Domine
1721 2949 1889 3007 Deus
1913 2948 2131 3005 noster

575 3059 925 3138 plurimas,
961 3061 1089 3118 etc.
1122 3054 1462 3135 Recolligit
1487 3054 1807 3116 hactenus
1839 3049 2029 3124 dicta,
2063 3053 2132 3111 et

582 3166 902 3233 nonnulla
946 3164 1071 3229 alia
1114 3163 1298 3229 addit
1335 3167 1403 3227 et
1443 3161 1760 3239 ostendit,
1795 3176 1943 3241 quae
1984 3159 2129 3222 Phi·

579 3274 839 3354 Iosophi
871 3279 938 3337 et
968 3291 1109 3353 quae
1139 3271 1452 3335 Catholici
1481 3271 1565 3334 de
1597 3271 1734 3333 Deo
1767 3266 2128 3332 ostendere

580 3382 828 3455 valent,
882 3386 948 3444 et
989 3379 1268 3461 qualiter
1310 3395 1469 3442 suus
1517 3392 1874 3457 processus
1911 3374 2129 3438 fuerat

581 3488 899 3570 Physicus
926 3487 1032 3550 hic
1066 3505 1081 3559 ;
1118 3485 1202 3548 ad
1233 3486 1482 3549 credita
1523 3501 1680 3548 vero
1728 3484 2003 3545 remittit
2053 3497 2126 3544 se

581 3601 648 3663 in
700 3603 1051 3662 tractatum
1098 3603 1520 3677 sequentem,
1574 3595 1658 3658 de
1708 3612 1838 3675 quo
1899 3610 2125 3672 supra.

227 3698 529 3809 δζῗξῇἰζέζξ
584 3709 752 3770 Loca
780 3708 849 3769 in
876 3706 1226 3770 Aristotele
1265 3710 1332 3768 et
1361 3704 1895 3767 commentatore
1924 3707 2125 3780 atque

283 3823 473 3885 platin.
584 3816 945 3888 Avicenna,
1005 3818 1071 3877 et
1125 3813 1372 3875 coeteris
1435 3813 1744 3891 antiquis,
1813 3810 1926 3872 ubi
1983 3810 2126 3873 hoec

584 3927 969 3987 enumerata
997 3922 1348 3997 habentur,
1388 3936 1582 4000 supra
1624 3918 1765 3982 fere
1810 3934 2126 3997 expresse

577 4032 926 4105 habentur,
961 4034 1027 4092 et
1060 4035 1128 4093 tu
1168 4028 1366 4103 adde,
1409 4032 1476 4090 et
1518 4043 1744 4106 quaere
1790 4027 1943 4090 alibi
1989 4026 2128 4106 plu·

573 4142 704 4202 ries
739 4160 754 4215 ;
799 4142 866 4203 et
892 4142 1045 4200 nota
1078 4135 1273 4201 valde
1305 4135 1674 4199 discursum
1707 4132 2120 4212 contempla·

577 4246 777 4311 tivum
809 4261 1010 4324 quem
1058 4242 1238 4319 facit,
1283 4248 1596 4322 tanquam
1646 4244 1813 4305 alter
1860 4242 1922 4303 in
1974 4241 2121 4304 Pat-

569 4372 714 4417 mos
743 4356 978 4416 beatus
1005 4355 1328 4425 JoanneS‚
1374 4354 1442 4411 et
1484 4349 1779 4411 ostendit
1823 4354 2125 4411 notanter

569 4462 1032 4525 excellentiam
1082 4462 1439 4522 veritatum
1497 4456 1921 4531 creditarum,
1973 4472 2117 4518 res·

567 4574 767 4649 pectu
824 4568 1208 4631 naturaliter
1266 4565 1759 4645 acquisitarum.
1815 4563 1910 4625 De
1953 4562 2121 4627 ideis

570 4690 704 4736 non
757 4673 1040 4736 multum
1089 4680 1293 4736 curat.
1342 4671 1575 4735 Omnia
1633 4671 1699 4731 in
1755 4669 2118 4731 Sententiis

572 4780 810 4845 diffuse
854 4780 1064 4842 habes
1109 4780 1460 4858 disputata,
1505 4776 1655 4842 ideo
1685 4777 1792 4837 hic
1825 4780 2120 4854 pertran-

573 4904 713 4953 see.

247 4982 501 5097 Prffi'um
656 4996 911 5059 Deinde
938 4996 1126 5074 ponit
1161 4994 1453 5057 ultimam
1502 4989 1988 5054 conclusionem
2034 4988 2118 5051 de

216 5109 553 5172 principium
574 5105 824 5168 unitate
884 5103 1204 5165 numerali
1252 5100 1441 5181 primi
1496 5097 1819 5177 principii,
1873 5101 1936 5158 in
1986 5112 2116 5175 qua

217 5185 531 5289 8ἳῖνῖξῖοΜ
579 5214 884 5275 terminat
911 5226 1104 5273 suum
1136 5225 1328 5286 opus,
1363 5223 1510 5269 cum
1548 5205 1896 5266 Aristotele
1942 5218 2118 5279 prae-

574 5328 845 5402 ceptore
898 5324 999 5385 12.
1058 5320 1410 5397 Metaphys.
1466 5318 1554 5377 ad
1584 5320 1800 5394 finem,
1856 5317 1922 5375 et
1971 5327 2113 5373 cum

567 5433 846 5495 veritate
874 5428 1053 5502 fidei,
1086 5432 1429 5489 Deaedcron.
1469 5426 1531 5488 6.
1572 5429 1806 5485 Jerevn.
1847 5421 1908 5482 3.
1955 5427 2011 5482 ει
2058 5421 2110 5482 l.

564 5542 653 5603 ad
680 5538 1043 5602 Corinmios
1077 5534 1136 5595 8.
1186 5538 1253 5596 et
1289 5536 1356 5595 in
1387 5531 1694 5612 Symbolo
1745 5527 2000 5606 triplici,
2051 5530 2118 5588 et

1770 409 1869 470 DE
1915 407 2170 472 ritmo)
2220 409 2479 472 pamel
2501 409 2631 471 Plo

2248 574 2401 637 alibi
2428 590 2613 654 saepe
2643 577 2707 637 in
2739 574 2943 636 sacris
2983 575 3237 639 litteris.
3276 574 3377 637 Ad
3417 591 3614 656 quam
3652 593 3799 657 pro·

2248 681 2545 744 bandum
2577 683 2761 762 ponit
2791 684 3087 763 quinque
3119 685 3514 765 principales
3553 703 3796 765 propo-

2250 793 2546 865 sitiones,
2599 807 2721 853 seu
2768 792 2991 854 media
3039 808 3189 872 quae
3243 794 3459 855 omnia
3504 798 3571 855 et
3610 794 3798 872 plura

2249 899 2451 960 babet
2479 902 2536 961 2.
2573 901 2717 961 dise.
2736 903 2939 977 prim.
2969 907 3187 978 quaese.
3221 904 3280 964 3.
3316 902 3542 976 Quaere
3566 902 3803 962 ibidem

2247 1005 2407 1069 alios
2435 1007 2832 1088 Theologos,
2867 1015 2933 1070 et
2962 1007 3246 1071 maxime
3279 1012 3424 1072 Var.
3510 1011 3630 1072 Pro
3664 1015 3799 1073 evi·

2249 1115 2496 1180 dentia.
2534 1120 2734 1178 etiam
2792 1121 3013 1195 prima}
3080 1118 3574 1196 propositionis,
3646 1116 3802 1181 vide

2248 1240 2399 1285 eum
2455 1227 2521 1285 in
2578 1222 2976 1299 Quodlibeto
3026 1232 3245 1303 quaest.
3308 1227 3370 1287 5.
3434 1231 3561 1287 orl.
3620 1228 3678 1287 2.
3734 1228 3800 1287 in

2247 1336 2462 1408 quaest.
2496 1333 2573 1391 de
2607 1331 2890 1409 subjecto
2935 1333 3313 1409 Theoloqioe.
3340 1335 3645 1411 inceptor
3688 1350 3802 1399 co·

2244 1444 2437 1501 natur
2464 1441 2679 1501 omnia
2714 1445 3106 1520 argumenta
3146 1441 3252 1503 hic
3297 1440 3471 1503 facta
3511 1442 3794 1516 solvere,

2248 1547 2622 1619 Quodlibeco
2657 1551 2709 1610 l.
2745 1555 2966 1625 quaest.
3007 1551 3061 1611 1.

2324 1655 2454 1718 Sed
2487 1672 2702 1735 quaere
2745 1659 3163 1720 Franciscum
3202 1656 3403 1738 Mayr.
3456 1664 3674 1735 quaese.
3722 1660 3799 1720 de

2242 1765 2488 1824 unitate
2528 1766 2670 1837 Dei,
2718 1765 2837 1825 ubi
2883 1781 3111 1841 supra,
3161 1772 3229 1827 et
3266 1766 3428 1828 alios
3472 1781 3796 1845 sequaces

2240 1868 2461 1951 hujuS,
2505 1875 2594 1944 et,
2627 1876 2701 1933 ut
2730 1871 2907 1950 prius
2940 1871 3182 1945 notavi,
3214 1872 3630 1937 mensurabis
3661 1888 3797 1934 om·

2241 1977 2347 2035 nia
2377 1973 2461 2035 ad
2493 1990 2814 2053 unguem.
2848 1976 2968 2037 Pro
3005 1973 3200 2039 dictis
3244 1979 3309 2039 in
3341 1977 3637 2041 secunda
3669 1979 3794 2050 via,

2240 2082 2391 2145 vide
2430 2084 2499 2144 in
2538 2083 2599 2145 3.
2646 2084 2793 2145 dist.
2845 2083 2948 2144 27.
3003 2085 3191 2145 artic.
3244 2085 3306 2146 3.
3354 2088 3412 2146 el
3454 2086 3521 2146 in
3549 2085 3612 2146 4.
3646 2086 3791 2146 disc.

2239 2194 2341 2256 49.
2380 2196 2599 2268 quaese.
2649 2191 2743 2253 14.
2787 2197 2844 2252 et
2891 2191 2986 2253 15.
3030 2191 3164 2254 Sed
3211 2192 3517 2255 instantia
3566 2197 3797 2270 posset

2242 2298 2593 2378 ponderari
2624 2299 2712 2361 ibi
2745 2314 2827 2360 ex
2869 2299 2994 2370 his,
3029 2315 3177 2379 qua)
3202 2298 3405 2362 habet
3432 2302 3503 2362 in
3540 2300 3608 2360 2.
3642 2301 3791 2361 ἀίει.

2238 2406 2303 2469 6.
2335 2414 2553 2484 quaese.
2599 2409 2658 2468 2.
2707 2406 2859 2469 vide
2892 2407 2958 2467 in
2987 2404 3044 2466 4.
3080 2409 3226 2469 dist.
3259 2409 3361 2471 50.
3395 2413 3606 2485 quaesl.
3640 2412 3704 2471 2.
3737 2417 3795 2470 ει

2240 2519 2307 2577 in
2336 2517 2394 2577 3.
2428 2517 2573 2578 dist.
2613 2517 2705 2576 13.
2741 2521 2959 2593 quaest.
2996 2517 3053 2575 2.
3090 2516 3158 2576 ln
3186 2518 3396 2593 primo
3422 2517 3621 2600 etiam
3644 2517 3789 2577 dese.

2246 2626 2299 2686 l.
2325 2627 2540 2701 quaese.
2573 2625 2634 2684 2.
2670 2638 2785 2699 pro
2817 2625 2877 2685 2.
2911 2625 3164 2684 ratione
3193 2622 3369 2685 illius
3400 2622 3574 2685 vide.
3610 2623 3791 2699 Quae-

2240 2747 2313 2794 re
2355 2732 2658 2793 Damasc.
2701 2731 3023 2804 Proclum,
3074 2732 3455 2812 Magistrum
3506 2731 3790 2794 Senten-

2243 2840 2471 2902 tiarum
2504 2844 2572 2902 et
2600 2839 2785 2913 aliosi,
2834 2844 2908 2901 ut
2952 2841 3149 2914 nosti,
3192 2857 3313 2918 pro
3356 2840 3480 2902 hac
3514 2839 3785 2902 conclu-

2240 2949 2428 3009 sione
2495 2945 2921 3022 verificanda,
2983 2963 3128 3027 quae
3185 2952 3408 3010 tamen
3464 2945 3531 3011 in
3578 2964 3651 3010 se
3691 2954 3795 3011 est

2240 3057 2604 3119 verissima.

2324 3165 2555 3228 Ultimo
2589 3163 3055 3229 concludendo
3087 3166 3439 3239 intentum,
3473 3164 3791 3244 epilogat,

2242 3279 2308 3336 et
2334 3279 2563 3353 posset
2590 3276 2747 3353 poni
2776 3274 2965 3336 tertia
2996 3290 3149 3353 pars
3175 3272 3551 3353 principalis
3592 3273 3795 3353 hujus

2241 3388 2572 3457 tractatus,
2632 3381 2721 3445 ita
2800 3381 2981 3462 quod
3033 3380 3464 3455 divideretur,
3508 3385 3582 3443 ut
3622 3380 3798 3444 solet

2243 3490 2441 3553 dividi
2487 3490 2655 3551 liber
2715 3489 3224 3563 Sententiarum,
3277 3488 3343 3552 in
3395 3490 3791 3567 prooemium

2238 3598 2568 3673 videlicet,
2604 3601 2976 3672 tractatum,
3009 3601 3078 3659 et
3108 3596 3481 3675 epilogum;
3530 3600 3598 3658 et
3639 3611 3791 3658 cum

2241 3707 2425 3770 bonis
2453 3705 2790 3784 spiritibus
2818 3711 3174 3784 postquam
3204 3704 3340 3765 haec
3381 3704 3599 3765 omnia
3628 3703 3794 3765 vidit

2237 3815 2303 3877 in
2360 3814 2576 3875 Verbo
2640 3815 2704 3874 in
2767 3816 2976 3890 primo
3033 3816 3253 3892 signe,
3309 3816 3378 3874 et
3426 3815 3491 3873 in
3534 3827 3790 3890 genere

2237 3920 2501 4000 proprio
2561 3921 2625 3981 in
2684 3919 3002 3993 secund0,
3062 3921 3347 3982 surrexit
3394 3918 3458 3980 in
3517 3918 3787 3980 laudem

2238 4029 2355 4091 Dei
2398 4028 2466 4089 in
2507 4029 2724 4098 tertio,
2775 4034 2841 4089 et
2889 4028 2976 4089 ibi
3023 4029 3386 4106 requiescit
3434 4033 3785 4107 perpetuO,

2237 4152 2314 4198 ac
2358 4151 2639 4214 vespere
2688 4139 2976 4209 remoto,
3027 4138 3281 4199 exultat
3322 4142 3389 4200 et
3426 4136 3676 4199 laetatur
3719 4136 3790 4198 in

2238 4245 2539 4304 Domine.
2574 4244 2714 4303 ilaec
2744 4256 2955 4317 pauca
2986 4262 3107 4323 pro
3141 4244 3340 4325 hujus
3370 4244 3571 4306 divini
3610 4249 3789 4305 trac-

2236 4353 2408 4412 tatus
2481 4350 2960 4426 elucidatione,
3038 4354 3501 4434 castigatione,
3583 4354 3786 4430 atque

2237 4458 2729 4531 enucleatione,
2791 4459 3058 4534 cursim,
3119 4466 3187 4522 et
3241 4459 3520 4538 simplici
3584 4458 3782 4539 sty10,

2238 4565 2547 4643 temporis
2574 4565 2819 4642 inopia,
2857 4564 3011 4627 dum
3039 4566 3106 4628 in
3136 4583 3371 4647 agrum
3402 4567 3785 4632 Utinensem

2234 4671 2497 4751 spiritus
2528 4674 2748 4750 potius
2778 4672 3193 4738 refocillandi
3236 4674 3468 4754 gratia,
3519 4674 3783 4736 canicu-

2234 4781 2438 4843 larem
2481 4780 2730 4843 rabiem
2762 4780 3169 4861 effugiendO,
3218 4797 3417 4861 quam
3446 4781 3781 4844 scribendi

2235 4886 2721 4960 commoditate,
2755 4893 2958 4966 atque
2989 4886 3358 4950 intentione
3396 4889 3495 4950 his
3540 4889 3777 4951 diebus

2231 5010 2337 5054 me
2370 4992 2613 5056 contuli
2644 4994 2920 5075 (utinam
2954 4996 3453 5073 compendiose,
3496 5001 3562 5058 et
3598 4996 3773 5058 utili·

2234 5099 2355 5177 ter)
2386 5101 2625 5180 adjeci,
2672 5109 2746 5165 ut
2792 5103 3058 5165 lectoris
3095 5104 3333 5166 curiosi
3370 5104 3627 5166 animus
3667 5120 3778 5166 ex-

2231 5207 2468 5269 citetur
2498 5207 2580 5268 ad
2612 5208 2856 5281 altiora,
2892 5215 2958 5271 et
2980 5207 3229 5271 nedum
3258 5210 3469 5290 gratia
3499 5210 3773 5283 sciendi,

2229 5314 2348 5376 sed
2399 5316 2576 5378 bene
2621 5316 2867 5397 agendi
2910 5323 3146 5378 cuncta
3178 5316 3524 5397 dirigendo
3557 5320 3621 5379 in
3653 5319 3779 5380 ob-

2226 5425 2530 5500 sequium
2561 5423 2816 5485 Christi.
2856 5422 3025 5499 Quid
3069 5427 3245 5487 enim
3276 5425 3548 5504 prodest
3579 5441 3778 5491 nosse

2230 5531 2417 5607 primi
2449 5531 2619 5594 entis
2651 5532 3045 5610 primitatem
3082 5534 3425 5611 triplicem,
3457 5536 3779 5598 essentia·

3809 4978 4148 5041 Parmam-o

3833 5041 3953 5089 dest
3980 5041 4156 5089 intel·

3898 5102 4001 5150 [εστ
4013 5120 4083 5150 us

3800 5165 4035 5239 specula
4045 5168 4141 5225 tio,

3803 5242 3917 5275 msa
3944 5242 4112 5276 eoen-

3808 5290 4049 5338 mitetur
4069 5291 4158 5349 af·

3806 5352 3991 5411 fectus
4008 5368 4158 5415 pur-

3806 5415 4155 5477 yatio‚alqare

3836 5475 4108 5528 elevatio.
