4252 6393
1688 426 2048 504 QUAESTIO
2098 434 2116 493 1

331 580 525 655 sibile
595 606 808 666 esse,
883 585 1096 660 sicut
1180 588 1648 660 universale
1713 593 1837 662 est

328 702 616 794 aliquid.
664 703 988 777 Dicitur
1023 704 1231 795 quod
1288 724 1448 776 non
1494 708 1618 779 est
1663 727 1835 798 pos-

328 819 522 892 sibile
564 842 746 892 esse
781 821 1107 913 aliquod
1171 843 1444 905 unum,
1493 825 1834 917 sedpos-

328 941 477 1008 sunt
505 958 690 1009 esse
727 938 1030 1030 plures,
1068 939 1194 1011 vel
1233 941 1496 1031 plura,
1543 945 1624 1014 et
1662 963 1834 1034 pos-

326 1058 474 1126 sunt
510 1054 755 1126 simul
800 1055 916 1128 sic
964 1055 1274 1138 vocari,
1311 1060 1391 1130 et
1439 1057 1553 1129 sic
1586 1062 1711 1131 est
1756 1059 1835 1130 in

325 1171 739 1264 proposito,
787 1172 993 1264 quod
1029 1174 1303 1265 plures
1342 1174 1833 1247 mutationes

323 1288 804 1360 diversorum
848 1309 1239 1379 generum
1284 1289 1664 1364 dicuntur
1701 1313 1836 1383 pu-

326 1404 700 1478 trefactio,
1018 1406 1028 1415 '

393 1521 639 1595 Aliter
685 1527 957 1616 potest
987 1522 1169 1604 dici,
1207 1525 1572 1614 negando
1618 1528 1836 1596 ante-

323 1637 594 1719 cedens,
642 1637 852 1730 quod
894 1657 1053 1709 non
1108 1638 1216 1712 sit
1266 1639 1613 1732 alicujus
1664 1660 1832 1732 spe-

322 1753 444 1827 ciei
468 1756 970 1837 mutationis,
1011 1757 1199 1849 quia
1231 1761 1356 1831 est
1379 1758 1828 1847 generatio,

321 1874 741 1966 corruptio,
806 1877 888 1948 et
935 1874 1410 1956 exsiccatiO,
1456 1877 1537 1947 et
1584 1873 1698 1946 sic
1741 1876 1831 1947 de

322 1988 569 2062 multis
613 1990 884 2072 simul,
942 1990 1131 2064 licet
1183 1995 1457 2064 tamen
1500 1991 1832 2085 proprie

318 2105 683 2197 loquendo
745 2111 869 2180 tot
942 2107 1186 2179 simul
1228 2128 1387 2179 non
1449 2107 1611 2182 sint
1673 2129 1831 2180 una

317 2222 600 2315 speeies
636 2228 935 2297 motus.

388 2342 521 2414 Sed
542 2341 635 2413 ad
661 2342 1191 2435 probationes
1224 2341 1771 2417 antecedentis
1810 2368 1823 2411 :

319 2458 581 2531 Omnes
668 2459 1194 2552 probationes
1281 2460 1831 2534 antecedentis

317 2576 586 2651 vadunt
643 2577 739 2648 ad
808 2576 985 2659 hoc,
1033 2578 1240 2670 quod
1298 2598 1458 2648 non
1521 2577 1629 2650 sit
1672 2597 1830 2649 una

315 2694 464 2764 sola
498 2693 803 2786 species
839 2695 1346 2773 mutationis,
1393 2695 1525 2766 sed
1559 2700 1830 2768 tamen

251 2891 260 2901 ,
315 2810 808 2901 probationes
894 2812 1337 2903 procedunt
1415 2811 1828 2903 probando

311 2927 499 3015 quod
527 2948 679 2999 non
711 2927 820 3000 sit
867 2927 1334 3020 partialiter
1377 2928 1825 3017 generatio,

311 3041 411 3114 sic
438 3043 752 3117 videtur
794 3044 1002 3136 quod
1039 3044 1533 3137 putrefactio
1571 3042 1831 3135 requi-

317 3158 409 3232 rit
448 3164 746 3234 motum
787 3161 1157 3240 localem,
1196 3166 1276 3235 et
1319 3159 1524 3252 quod
1570 3160 1828 3251 requi-

317 3282 429 3351 rat
455 3280 1090 3372 corruptionem.
1130 3282 1231 3352 Et
1286 3279 1455 3351 ideo
1502 3283 1828 3371 oportet

313 3393 552 3467 (licere
575 3396 664 3467 ad
700 3395 1227 3489 probationes
1278 3423 1290 3465 ε
1343 3397 1542 3468 unde
1585 3416 1828 3486 quan·

313 3509 396 3580 do
451 3513 833 3603 proba-tur
895 3512 1102 3605 quod
1161 3533 1320 3584 non
1379 3516 1503 3586 est
1555 3516 1824 3586 motus

316 3624 592 3709 localis
638 3628 826 3719 quia
880 3628 1040 3700 ista
1086 3628 1418 3720 impedit
1462 3655 1477 3697 ι
1525 3628 1827 3701 dicitur

315 3745 499 3832 quod
551 3746 841 3838 aliquis
907 3746 1263 3839 impedit.
1327 3750 1407 3818 et
1456 3746 1664 3817 alius
1704 3746 1824 3837 ju-

312 3863 460 3940 vat,
502 3865 575 3935 et
627 3883 788 3934 non
840 3862 1214 3954 impedit;
1283 3862 1482 3932 unde
1554 3867 1823 3934 motus

315 3970 571 4047 localis
650 3976 905 4051 totius
989 3975 1618 4069 putrefactionis
1695 3976 1818 4057 fit,

317 4091 499 4178 quod
562 4099 836 4185 partes
889 4093 987 4164 ab
1046 4092 1389 4164 invicem
1452 4112 1823 4184 separen-

314 4207 461 4289 tur,
508 4216 579 4283 et
609 4231 768 4283 non
812 4210 1234 4302 quiescant
1279 4209 1519 4282 simul
1573 4210 1824 4282 conti-

314 4343 477 4407 nue,
515 4349 644 4402 nec
682 4329 877 4400 illud
919 4347 1167 4417 agens
1219 4326 1296 4398 in
1353 4328 1612 4419 ipsam
1653 4349 1824 4419 pos·

314 4441 409 4514 sit
439 4464 769 4527 manere,
810 4445 945 4516 sed
975 4444 1298 4516 diversa
1340 4445 1530 4516 talis
1585 4444 1825 4537 impe-

313 4558 415 4632 dit
471 4563 1163 4652 putrefactionem,
1233 4567 1319 4635 ut
1378 4563 1823 4652 allegatum

314 4679 424 4748 est
478 4699 563 4749 ex
625 4680 932 4758 littera,
1010 4683 1096 4751 ut
1155 4679 1461 4753 dictum
1532 4680 1684 4755 fuit
1735 4684 1826 4754 de

254 4797 257 4799 ’
311 4790 522 4880 aquis
574 4792 1293 4871 concurrentibus;
1361 4792 1493 4863 sed
1557 4796 1824 4864 motus

314 4905 571 4982 localis
598 4910 930 4991 humidi,
975 4909 1102 4980 vel
1155 4908 1672 4979 humidorum
1719 4909 1826 4979 in-

315 5024 676 5099 teriorum
771 5028 867 5098 ad
958 5024 1383 5098 exteriora
1492 5029 1830 5117 propter

314 5140 681 5217 actionem
762 5143 1214 5218 caliditatis
1302 5142 1822 5224 extrinsecae,

320 5257 461 5330 iste
517 5259 732 5350 juvat
794 5262 891 5333 ad
965 5259 1684 5352 putrefactionem,
1750 5264 1828 5332 et

319 5393 466 5444 non
503 5374 834 5470 impedit.
866 5377 1013 5450 Sed
1038 5376 1245 5468 quod
1277 5377 1831 5448 necessarium

322 5493 500 5561 tunc
530 5491 620 5567 sit
657 5496 850 5566 dare
908 5494 1380 5574 maximum,
1429 5494 1562 5584 qui
1597 5494 1832 5584 juvat

325 5607 1002 5698 putrefactionem,
1065 5611 1193 5684 vel
1257 5609 1679 5686 minimum
1726 5610 1833 5680 lo-

3389 425 3508 491 229

1939 591 2207 662 'calem
2247 595 2584 674 motum,
2623 591 2757 684 qui
2790 611 2953 664 non
2985 590 3246 681 juvat,
3281 592 3497 662 esset

1952 728 2110 778 una
2143 707 2307 780 alia
2351 708 2762 801 imperitis
2805 707 3270 780 difficultas.

2039 825 2150 896 Ad
2194 823 2438 896 aliam
2475 822 3063 917 probationem,
3110 825 3317 916 quod
3352 845 3495 895 nec

1951 939 2059 1012 sit
2132 945 2404 1013 motus
2465 939 3050 1031 generationis,
3125 939 3313 1031 quia
3371 945 3495 1013 est

1948 1056 2381 1148 corruptio
2425 1083 2439 1126 ε
2486 1056 2788 1130 dicitur
2840 1057 3044 1148 quod
3089 1059 3212 1128 est
3267 1074 3495 1146 gene-

1952 1173 2194 1255 rati0,
2259 1174 2448 1265 quia
2501 1173 3493 1266 requiritgenerationem

1947 1291 2187 1363 unius
2222 1290 2531 1372 formae,
2570 1294 2649 1364 et
2681 1294 2805 1365 est
2835 1290 3265 1382 corruptio
3298 1291 3492 1363 alte-

1949 1408 2120 1479 rius
2183 1407 2736 1499 praecedentis,
2792 1407 2920 1478 vel
2962 1406 3335 1498 requirit.
3393 1409 3493 1479 Et

1949 1526 2263 1617 quando
2296 1524 2620 1607 (licitur,
2674 1537 2767 1591 est
2801 1526 3157 1613 productio
3183 1526 3491 1593 substan-

1947 1646 2081 1726 cioe,
2117 1644 2270 1715 etc.
2316 1661 2501 1714 cum
2539 1640 2869 1723 dicitur,
2917 1640 3122 1733 quod
3155 1645 3310 1710 talis
3357 1666 3492 1711 non

1942 1763 2029 1826 sit
2073 1762 2512 1847 putrefactae,
2575 1762 2737 1846 quia
2775 1760 2952 1826 alias
2982 1763 3254 1827 omnino
3291 1782 3489 1847 yene-

1942 1879 2122 1944 ratio
2188 1889 2348 1943 essee
2400 1878 2831 1963 putrefactiO,
2919 1878 3073 1947 eto.
3137 1879 3490 1965 negatur

1945 1991 2549 2084 consequentia.
2614 1995 2701 2065 Et
2766 1991 3078 2083 quando
3147 1992 3483 2075 dicitur,

1941 2131 2077 2177 non
2098 2113 2313 2198 maqis
2332 2132 2492 2190 una,
2520 2131 2720 2196 quam
2770 2112 2934 2189 alia,
2960 2108 3259 2181 (licitur
3285 2130 3382 2200 qu
3398 2108 3491 2181 od

1944 2225 2134 2305 imo,
2202 2226 2390 2317 quia
2435 2224 2781 2317 requirit
2834 2226 3108 2317 plures
3159 2245 3489 2316 genera-

1943 2342 2208 2413 tiones
2252 2343 2686 2415 secundum
2731 2341 3117 2422 ordinem,
3166 2363 3341 2434 quae
3374 2347 3487 2416 ta-

1944 2477 2125 2529 men
2190 2475 2493 2547 genera
2562 2477 2722 2531 non
2780 2457 3162 2530 dicuntur
3219 2462 3486 2551 putre-

1943 2572 2220 2653 factio,
2272 2577 2352 2645 et
2400 2591 2562 2644 non
2607 2572 2868 2644 omnis
2904 2574 3328 2663 generatio
3361 2580 3487 2648 est

1945 2689 2159 2768 talis,
2199 2709 2342 2761 nec
2377 2709 2561 2761 cum
2610 2691 2757 2769 tot,
2805 2710 2950 2762 nec
2985 2690 3286 2762 talibus
3322 2712 3484 2763 mu-

1943 2805 2417 2880 tationibus.
2456 2808 2555 2879 Et
2587 2826 2773 2879 cum
2826 2807 3152 2890 dicitur,
3188 2813 3263 2879 in
3291 2822 3484 2879 ηαιιι-

1941 2925 2077 2990 rali
2110 2926 2419 3003 materia,
2475 2923 2972 3004 conceditur,
3027 2929 3106 2997 et
3150 2924 3265 2996 sic
3309 2927 3482 2998 tum

1941 3040 2315 3112 videlicet
2376 3038 2502 3110 vel
2561 3058 2721 3110 non
2778 3040 3047 3114 differt
3109 3041 3478 3121 multum,

1945 3156 2317 3249 quamvis
2381 3155 2447 3227 si
2501 3154 2670 3227 haec
2731 3158 3152 3246 generatio
3197 3158 3303 3232 sit
3349 3179 3481 3251 pu-

1941 3273 2323 3347 trefactio
2355 3274 2915 3347 demonstrata
2957 3275 3483 3364 generatione

1941 3390 2359 3463 cadaveris
2408 3389 2487 3461 in
2538 3409 2885 3481 corpore
2934 3391 3297 3463 naturali
3347 3391 3480 3462 ho-

1943 3508 2211 3588 minis,
2260 3508 2465 3599 quod
2519 3506 2781 3578 omnis
2826 3507 3246 3594 generatio
3289 3509 3479 3580 talis

1940 3648 2122 3699 eum
2182 3624 2476 3698 talibus
2540 3622 3127 3696 mutationibus
3189 3646 3479 3718 praece-

1935 3743 2345 3822 dentibus,
2422 3745 2501 3814 et
2577 3740 3248 3832 subsequentibus
3326 3747 3476 3825 est,

1938 3862 2147 3933 alias
2190 3880 2383 3940 non;
2430 3863 2508 3931 et
2562 3857 2676 3930 sic
2713 3878 2947 3929 omne
3001 3864 3481 3947 generatum

1939 3979 2101 4052 tale
2135 3980 2261 4049 est
2295 3973 2951 4068 putrefactitium
2982 3995 3080 4046 ex
3133 3976 3481 4049 materia

1939 4092 2429 4188 putrefacta.
2469 4092 2579 4162 Ad
2605 4090 3170 4183 probationem
3203 4091 3476 4172 aliam,

1939 4212 2145 4304 quod
2186 4230 2347 4281 non
2388 4213 2510 4281 est
2544 4209 2996 4300 corruptio,
3044 4209 3233 4300 quia
3266 4209 3480 4280 simi-

1939 4331 2133 4404 liter
2190 4327 2574 4418 arguitur
2633 4326 2844 4399 sicut
2904 4329 3289 4416 argutum
3328 4331 3477 4407 est,

1938 4454 2018 4522 et
2063 4451 2256 4520 tunc
2300 4444 2685 4516 similiter
2727 4443 3104 4515 solvitur.

2026 4563 2139 4636 Ad
2195 4562 2442 4633 aliam
2494 4559 3227 4639 confirmationem,
3276 4559 3482 4649 quod

1938 4683 2280 4768 corruptio
2322 4681 2540 4760 imina,
2604 4681 2757 4749 etc.
2820 4674 3295 4749 conceditur
3352 4697 3481 4747 ex-

1942 4792 2303 4885 ponendo
2348 4791 2500 4883 si0,;
2559 4790 2762 4882 quod
2805 4789 3233 4882 corruptio
3287 4810 3483 4883 prae-

1940 4909 2150 4982 cedit
2230 4907 2842 4999 generationem
2924 4906 3294 4979 alterius.
3368 4908 3481 4979 Ad

1941 5024 2214 5104 aliam,
2254 5028 2543 5092 maxime
2583 5037 2743 5092 essct
2783 5027 3125 5112 corruptio
3165 5027 3477 5093 calidita-

1941 5144 2025 5208 tis
2087 5146 2158 5208 in
2210 5141 2483 5207 lmmiclo
2519 5144 2799 5228 proprio
2847 5141 3192 5207 accedente
3230 5143 3475 5222 aliene,

1942 5262 2093 5329 etc.
2178 5256 2675 5329 conceditur.
2759 5256 2871 5327 Ad
2955 5256 3483 5347 improbatio-

1943 5393 2151 5455 nem,
2217 5377 2375 5461 quia
2434 5377 2786 5462 proprium
2843 5374 3097 5440 dicitur
3144 5376 3484 5460 insepara-

1943 5494 2102 5574 bile,
2185 5490 2692 5571 conceditur;
2779 5489 3034 5580 igitur
3111 5487 3482 5561 caliditas

1945 5609 2279 5705 proprie
2334 5607 2687 5684 sumitur
2716 5605 2847 5678 hic
2896 5627 3043 5698 pro
3095 5607 3480 5691 naturali,

3636 4571 3713 4622 ⁴7.
