4252 6393
1731 427 2093 504 QUAES'rlo
2140 430 2219 494 X!

321 580 528 672 jecto
596 586 721 656 est
788 584 1087 673 gradus
1152 586 1232 657 in
1304 585 1717 659 intellectu
1782 591 1861 661 et

322 696 752 776 voluntate,

155 820 255 870 1³⁰⁰·
390 814 710 896 Quinto,
740 816 1449 911 quiaimpossibile
1471 823 1622 900 est,
1657 820 1861 911 quod

324 931 517 1002 idem
550 930 841 1005 habeat
889 935 1256 1007 diversos
1310 937 1633 1008 ordines
1690 957 1859 1007 rea·

324 1048 505 1121 liter
553 1051 647 1121 ad
692 1050 1057 1124 diversas
1110 1053 1476 1126 rationes
1531 1052 1859 1146 objecti-

321 1185 452 1237 vas
515 1165 593 1239 in
660 1169 940 1241 eadem
995 1171 1362 1263 potentia
1422 1172 1859 1244 secundum

323 1282 544 1364 idem,
611 1288 879 1376 potest
921 1288 1195 1357 tamen
1253 1285 1552 1360 habere
1602 1289 1862 1360 diver-

321 1419 444 1470 sos
504 1401 784 1472 modos
829 1402 1168 1474 realiter
1197 1404 1293 1475 ad
1339 1402 1543 1475 idem
1605 1404 1859 1496 objec-

318 1521 504 1587 tum.
547 1515 795 1609 Cujus
832 1519 1048 1590 ratio
1084 1523 1234 1600 est,
1273 1519 1460 1611 quia
1499 1520 1862 1611 potentia

313 1653 389 1703 se
436 1632 675 1706 habet
714 1653 857 1726 per
891 1634 1319 1725 quamdam
1378 1636 1861 1726 adaequatio·

314 1770 483 1820 nem
528 1751 624 1821 ad
679 1750 1111 1843 obJectum.
1178 1751 1260 1825 Si
1322 1753 1596 1826 autem
1654 1752 1859 1824 idem

312 1886 392 1937 re
424 1865 762 1940 haberet
799 1866 1166 1938 ordinem
1210 1867 1305 1938 ad
1353 1867 1680 1940 diversa
1734 1868 1860 1940 ob-

304 1983 538 2074 jecta,
568 1983 742 2072 jam
768 1983 1133 2075 potentia
1159 1984 1499 2057 realiter
1533 1989 1861 2076 sumpta

313 2098 725 2171 excederet
772 2100 1178 2173 rationem
1215 2099 1538 2193 objecti.

159 2231 240 2274 no.
398 2216 667 2296 Sexto,
717 2215 902 2306 quia
959 2216 1271 2288 nullum
1330 2215 1861 2309 comprehen-

317 2331 497 2404 dens
556 2332 634 2404 in
696 2354 780 2404 se
864 2333 1233 2407 diversas
1314 2334 1859 2427 perfectiones

320 2449 676 2531 realiter,
739 2454 865 2523 est
925 2451 1252 2541 generis
1347 2455 1487 2524 aut
1558 2449 1860 2543 speciei

204 2577 209 2582 ’
314 2564 893 2647 determinatae,
941 2568 1072 2640 sed
1126 2567 1397 2660 potius
1454 2570 1694 2641 extra
1734 2587 1862 2657 ge-

317 2703 483 2765 nus,
523 2684 730 2776 quod
765 2686 1028 2757 solum
1062 2684 1440 2757 convenit
1484 2686 1678 2758 Deo.

161 2810 269 2860 ‘imm
403 2801 790 2894 Septimo,
870 2801 1195 2873 diversa
1293 2801 1613 2875 ratione
1692 2801 1862 2873 sive

313 2910 798 2999 definitione,
856 2921 1045 2990 sunt
1091 2916 1414 2989 diversa
1470 2916 1856 2997 essentia,

316 3032 499 3122 quia
559 3033 918 3108 definitio
990 3033 1282 3106 indicat
1362 3031 1857 3106 essentiam:

312 3147 773 3223 intellectus
806 3155 886 3225 et
926 3150 1333 3232 voluntas,
1381 3148 1862 3240 inquantum

320 3266 537 3349 talia,
604 3267 901 3341 habent
948 3266 1359 3340 diversam
1427 3266 1857 3346 rationem,

319 3386 392 3454 et
421 3383 996 3457 definitionem.

161 3530 251 3566 am.
403 3506 733 3588 octavo,
779 3505 969 3597 quia
1020 3505 1407 3597 potentiae
1452 3503 1863 3577 sensitiva}

321 3618 587 3695 insunt
622 3640 960 3713 organo,
1007 3626 1086 3694 et
1121 3641 1283 3693 non
1318 3619 1860 3704 intellectivoe,

322 3737 522 3827 quod
573 3737 893 3811 videtur
950 3755 1252 3828 ponere
1298 3734 1865 3809 diversitatem

324 3853 648 3925 realem.

163 3972 201 4025 ⁵·
364 3969 732 4043 Siautem
757 3969 1286 4042 attendantur
1310 3967 1722 4061 praedicta,
1745 3986 1869 4037 ra-

163 4040 290 4088 onde-

163 4100 199 4146 ια
226 4084 581 4158 οὸ-ῑίοῐιεε
609 4086 789 4158 istae
826 4083 903 4156 in
937 4084 1158 4158 nullo
1201 4083 1498 4157 laedunt
1530 4082 1869 4176 positio-

164 4177 280 4283 {²232}
326 4222 526 4274 nem.
565 4202 786 4284 Quod
822 4201 1087 4294 primo
1118 4199 1444 4282 dicitur,
1488 4201 1693 4291 quod
1730 4199 1870 4271 illa

163 4300 211 4334 '⁶²
217 4323 229 4335 ’
326 4338 669 4409 quorum
700 4337 946 4391 unum
980 4321 1251 4410 potest
1274 4318 1454 4389 fieri
1481 4317 1652 4388 sine
1675 4316 1868 4389 alte-

325 4455 435 4516 ro,
462 4440 614 4510 etc.
649 4436 1013 4510 Concedo
1046 4435 1254 4527 quod
1285 4435 1587 4507 dicitul
1614 4434 1693 4506 in
1729 4433 1868 4505 mi-

320 4552 522 4635 nori,
578 4551 783 4645 quod
844 4552 1058 4624 Deus
1103 4549 1256 4623 hoc
1316 4554 1612 4642 potest,
1683 4569 1867 4621 cum

321 4687 471 4740 non
502 4669 862 4762 implicet
887 4667 1648 4746 contradictionem,
1682 4664 1871 4756 quia

318 4791 502 4859 sunt
532 4784 908 4857 essentiae
954 4784 1350 4876 specificae
1432 4784 1865 4864 distinctae,

321 4899 1867 4994 dicoquodimplicatcontradictionem,

325 5017 505 5106 quia
567 5015 1070 5108 cognitivum
1131 5035 1290 5086 non
1364 5018 1630 5105 potest
1695 5036 1873 5086 esse

322 5129 492 5204 sine
526 5130 998 5225 appetitivO,
1061 5150 1202 5202 nec
1230 5152 1272 5202 e
1305 5134 1547 5203 contr
1552 5150 1647 5200 al
1657 5130 1757 5202 io.
1774 5132 1873 5202 Et

168 5249 258 5295 “⁰²
330 5244 472 5319 hoc
512 5247 711 5320 idem
744 5245 922 5318 vult
964 5245 1457 5320 Aristoteles
1505 5249 1572 5319 2.
1627 5249 1874 5334 Physi-

167 5312 304 5360 1⁸..th

168 5369 457 5505 ήῖοῑιὶοον.
522 5376 674 5432 text.
746 5362 859 5435 51.
918 5362 1018 5434 Et
1077 5362 1582 5453 Augustinus
1644 5362 1873 5433 docet

337 5606 398 5662 ια
444 5617 850 5686 nequaquam
892 5594 1115 5676 Quod
1187 5597 1463 5667 autem
1540 5593 1873 5682 dicitur,

494 5728 758 5783 Tom.1v.

336 5478 535 5569 quod
570 5482 792 5548 Invisa
821 5500 1170 5566 possumus
1200 5480 1513 5567 diliqere,
1570 5481 1877 5566 itte-oqui-

3409 439 3520 502 481

1977 589 2184 680 quod
2228 592 2412 661 sunt
2460 592 2835 665 essentiae
2875 594 2967 664 de
3010 614 3095 664 se
3155 596 3522 687 specifice

1973 704 2402 788 distinctae,
2440 707 2874 799 dupliciter
2895 708 3199 784 deficit:
3225 711 3518 803 primo,

1974 821 2163 912 quia
2204 821 2498 898 habent
2557 824 2772 898 inter
2827 847 2910 897 se
2969 828 3521 900 necessariam

1974 936 2595 1022 ordinationem,
2644 960 2787 1012 nec
2821 942 3037 1013 enim
3082 946 3350 1035 potest
3383 943 3523 1016 ali-

1975 1053 2481 1147 quidappeti,
2517 1056 2676 1129 nisi
2712 1057 2817 1131 sit
2858 1056 3311 1148 cognitum,
3379 1081 3523 1134 nec

1971 1171 2357 1259 cognosci
2415 1176 2706 1264 potest,
2752 1174 2912 1246 nisi
2972 1175 3078 1249 sit
3142 1176 3524 1269 possibile

1972 1285 2068 1355 ad
2110 1289 2671 1379 appetendum.
2713 1291 2932 1364 Unde
2968 1292 3108 1364 illa
3153 1294 3525 1388 proposi-

1886 1477 1889 1484 ,
1973 1401 2091 1473 tio
2135 1402 2375 1479 habet
2416 1405 2854 1480 veritatem
2920 1410 3011 1481 de
3082 1409 3271 1493 illis,
3348 1432 3522 1503 quae

1971 1537 2133 1589 non
2162 1517 2453 1592 habent
2490 1523 2852 1595 ordinem
2889 1525 3103 1599 inter
3136 1549 3219 1598 se
3251 1548 3524 1600 neces-

1974 1635 2315 1708 sarium.
2345 1637 2635 1710 Deficit
2657 1639 2908 1711 etiam
2934 1643 3305 1724 secundO,
3336 1643 3524 1734 quia

1976 1752 2370 1843 specificae.
2428 1754 2807 1827 essentiae
2869 1761 3171 1830 creatae
3220 1778 3319 1830 ex
3362 1780 3523 1832 res-

1976 1867 2337 1961 pectibus
2364 1870 2719 1946 fundatis
2745 1874 2826 1946 in
2852 1875 3313 1948 substantia
3339 1897 3520 1959 una,

1972 2002 2117 2055 nec
2155 1991 2496 2076 possunt
2538 1987 2740 2070 fieri,
2798 2008 2943 2061 nec
2986 1995 3330 2083 possunt
3371 1993 3524 2065 dis·

1975 2099 2296 2173 tinctim
2338 2102 2542 2182 fieri,
2592 2103 2782 2194 quin
2847 2107 3280 2179 secundum
3353 2129 3526 2182 rem
3640 2131 3649 2140 ·

1976 2238 2132 2289 una
2194 2219 2303 2292 sit
2371 2219 2566 2302 alia;
2611 2221 2838 2294 verbi
2891 2223 3189 2313 gratia,
3250 2225 3529 2298 albedo

1972 2337 2095 2406 est
2141 2334 2761 2410 fundamentum
2829 2338 3399 2414 similitudinis
3448 2345 3529 2416 et

1972 2451 2694 2526 dissimilitudinis.
2799 2456 3321 2548 Impossibile
3405 2463 3530 2531 est

1974 2572 2245 2642 autem
2289 2570 2496 2660 quod
2538 2570 2679 2643 fiat
2732 2571 3041 2655 albedo,
3091 2594 3236 2666 per
3285 2594 3527 2665 quam

1976 2682 2132 2754 sim
2195 2682 2493 2755 similis
2552 2685 2763 2766 albo,
2836 2685 3028 2776 quin
3079 2686 3328 2758 simul
3387 2706 3532 2778 per

1973 2798 2416 2872 essentiam
2443 2801 2599 2872 sim
2632 2800 3057 2873 dissimilis
3082 2801 3345 2893 nigro.
3383 2803 3531 2874 Ta-

1977 2915 2091 2988 les
2134 2919 2406 2987 autem
2466 2917 2844 2990 essentiae
2877 2939 2974 2989 ex
3023 2916 3533 3011 respectibus

1974 3052 2414 3105 causarum
2450 3035 2634 3105 sunt
2678 3035 3086 3126 potentiae,
3124 3038 3210 3107 ut
3250 3034 3437 3107 dixi.

2064 3149 2284 3230 Quod
2335 3148 2635 3223 dicitur
2682 3151 3052 3233 secundo,
3114 3152 3320 3244 quod
3390 3151 3527 3224 im·
3559 3188 3871 3303 Αᾶἀῖωη-

3730 3268 3801 3305 ²²1·

1979 3266 2363 3359 possibile
2405 3269 2552 3349 est,
2599 3271 2751 3341 etc.
2787 3268 2961 3340 dico
2999 3269 3206 3360 quod
3246 3289 3533 3342 verum

1977 3388 2145 3464 est,
2191 3386 2271 3457 et
2314 3384 2813 3457 intellectiva
2843 3385 3081 3459 habet
3131 3386 3535 3459 rationem

1966 3498 2367 3600 ,potentiae
2420 3520 2566 3591 per
2610 3504 3072 3593 respectum
3132 3503 3227 3573 ad
3288 3502 3538 3575 talem

1982 3615 2571 3708 operationem,
2611 3636 2785 3708 quae
2817 3623 2941 3691 est
2994 3621 3391 3707 intelliqere,
3456 3622 3536 3690 et

1982 3730 2193 3802 hunc
2246 3734 2709 3823 respectum
2750 3731 2988 3807 habet
3038 3734 3539 3808 naturaliter

1980 3847 2080 3919 ab
2126 3847 2267 3921 illo
2317 3849 2451 3941 qui
2511 3849 2827 3923 creavit
2858 3869 3064 3933 eam,
3120 3856 3200 3924 et
3245 3872 3537 3944 praece-

1981 3962 2097 4037 dit
2119 3964 2393 4035 anima
2426 3986 2611 4036 cum
2652 3963 2810 4037 isto
2848 3971 3220 4058 respectu
3260 3987 3539 4060 opera-

1982 4078 2321 4159 tionem,
2375 4080 2579 4152 unde
2621 4079 2824 4152 nihil
2857 4083 2978 4152 est
3015 4081 3109 4153 ad
3171 4083 3538 4175 proposi·

1984 4199 2186 4268 tum.

2075 4311 2295 4392 Quod
2336 4311 2664 4393 dicitur,
2730 4314 2936 4404 quod
2981 4332 3279 4406 ponere
3335 4315 3532 4387 duas
3615 4343 3845 4457 Λέξεσι·-

3673 4421 3804 4457 tam.

1984 4426 2372 4505 virtutes,
2419 4431 2572 4499 etc.
2645 4428 2849 4508 dico,
2916 4429 3119 4519 quod
3172 4428 3322 4504 hoc
3380 4451 3541 4503 non

1988 4542 2219 4634 ponit
2248 4542 2759 4625 infinitatem,
2817 4543 2978 4615 imo
3013 4543 3163 4616 hoc
3195 4548 3545 4640 requirit

1985 4659 2291 4747 gradus
2324 4662 2608 4731 creatu
2625 4680 2907 4731 rarum
2935 4659 3150 4732 infra
3184 4662 3391 4736 idem
3418 4684 3547 4756 ge-

1987 4794 2137 4844 nus
2209 4774 2781 4868 propinquum,
2869 4779 2956 4850 ut
3025 4776 3333 4851 dictum
3392 4788 3544 4857 est.

1991 4891 2157 4962 Nec
2191 4890 2436 4973 valet,
2501 4910 2700 4981 ergo
2737 4895 2863 4964 est
2905 4891 3396 4986 simplicitas
3438 4897 3553 4973 di-

1988 5007 2206 5090 vina,
2294 5026 2478 5079 cum
2550 5008 2745 5080 talis
2831 5008 3227 5100 perfectio
3286 5014 3392 5088 sit
3454 5016 3553 5088 ab

1992 5125 2183 5206 alio,
2275 5126 2540 5199 etalii
2603 5126 2960 5208 unibilis,
3035 5133 3115 5203 et
3210 5132 3309 5203 ab
3386 5134 3550 5207 alio

1992 5245 2556 5323 conservetur,
2616 5245 2695 5313 et
2749 5240 3041 5312 habeat
3091 5245 3320 5332 quasi
3384 5246 3555 5319 infi-

1992 5358 2214 5431 nitos
2260 5358 2538 5429 modos
2589 5357 3163 5448 dependentiae.
3218 5363 3381 5434 Nec
3423 5385 3553 5436 va-

1994 5474 2134 5555 let,
2201 5492 2402 5564 ergo
2474 5474 2751 5546 eadem
2825 5472 3148 5545 ratione
3210 5486 3552 5568 possunt

1999 5611 2281 5664 omnes
2319 5590 2861 5682 perfectiones
2923 5610 3100 5662 esse
3136 5591 3215 5665 in
3247 5596 3549 5681 eodem,

3327 5730 3388 5782 3¹
