4252 6393
1729 433 2089 510 QUAESTIO
2137 435 2301 498 XXV

380 590 704 671 nitatis;
755 592 893 662 sed
928 592 997 665 si
1031 592 1256 666 circa
1282 613 1663 666 occasum
1686 613 1924 686 appa-

382 713 502 778 ret
535 707 791 780 nubes
819 729 1143 799 magna,
1181 715 1261 782 et
1287 710 1576 803 spissa,
1604 709 1925 799 signum

381 827 502 895 est
540 823 848 916 pluviae.
883 824 1106 897 illius
1140 815 1432 906 noctis,
1480 827 1602 897 vel
1637 827 1927 901 crasti-

380 957 497 1012 nae
527 940 713 1023 diei,
763 942 1089 1035 signum
1142 947 1269 1016 est
1320 942 1751 1017 multitudo
1797 963 1925 1014 va.-

379 1078 673 1150 porum
706 1059 1221 1133 elevatorum
1267 1059 1345 1133 in
1389 1059 1582 1133 alto,
1622 1062 1722 1133 Et
1756 1058 1923 1132 haec

378 1175 465 1245 de
507 1175 989 1266 quaestione.

777 1528 1238 1613 QUAESTIO
1292 1531 1538 1601 XXV.

384 1766 613 1831 Umcm
682 1767 905 1850 sovices
969 1775 1031 1829 ee
1098 1764 1299 1848 fluvii
1361 1773 1762 1850 qenerenmr
1840 1785 1926 1828 ex

460 1902 638 1967 aqua
696 1881 1015 1968 pluviali,
1062 1875 1461 1967 bonqreqata
1514 1880 1587 1944 in
1652 1880 1924 1944 visceri-

458 1998 574 2063 bus
623 2007 821 2063 terrae
843 1997 877 2063 ?

175 2256 222 2310 ι,
470 2220 881 2312 Arguitur
913 2221 1119 2311 quod
1166 2220 1311 2292 sic.
1387 2218 1694 2299 Prim0,
1731 2215 1920 2309 quia

122 2335 201 2432 ,ξς
231 2319 350 2384 ‘'r‘’
380 2339 746 2410 videmus
808 2336 1387 2428 quodquidam
1457 2335 1722 2408 sontes
1788 2335 1918 2405 ‹lu-

376 2458 563 2527 rant
597 2474 744 2547 per
777 2474 1102 2536 annum,
1139 2452 1392 2526 etalii
1435 2473 1595 2524 non
1630 2467 1655 2520 :'
1686 2449 1917 2520 modo

374 2571 525 2642 hoc
572 2591 733 2640 non
784 2573 1024 2650 esset,
1097 2569 1257 2641 nisi
1314 2568 1501 2660 quia
1550 2567 1673 2639 illi·
1737 2565 1917 2658 plus

367 2687 762 2758 durantes
793 2686 1166 2760 venirent
1207 2704 1305 2756 ex
1369 2682 1665 2776 majori
1735 2702 1917 2754 con-

367 2802 754 2876 cavitate.

462 2918 850 2998 Secundo,
887 2917 1071 3010 quia
1113 2915 1478 2988 videmus
1520 2913 1725 3005 quod
1788 2935 1919 3007 pa-

370 3037 587 3118 triae,
653 3035 733 3107 in
793 3035 1079 3126 quibus
1139 3033 1446 3106 modice
1514 3032 1744 3124 pluit,
1786 3031 1916 3103 ha-

352 3154 564 3228 bent
626 3151 914 3233 fontes,
960 3151 1167 3243 quod
1235 3169 1396 3222 non
1462 3152 1703 3229 esset,
1756 3147 1916 3220 nisi

365 3272 642 3345 fontes
685 3268 1076 3342 haberent
1110 3272 1407 3348 ortum,
1452 3267 1577 3337 vel
1619 3265 1914 3358 princi-

366 3390 601 3482 pium
644 3407 741 3457 ex
772 3405 987 3476 aqua
1038 3383 1402 3477 pluviali.

458 3502 767 3584 Terti0,
816 3500 998 3593 quia
1055 3499 1318 3573 fontes
1388 3503 1916 3589 augmentan-

365 3626 517 3695 tur
557 3620 636 3691 in
679 3622 1049 3711 tempore
1092 3616 1508 3710 pluvioso,
1542 3620 1622 3690 et
1689 3613 1913 3687 dimi-

362 3740 740 3810 nuuntur
812 3735 891 3806 in
959 3739 1326 3826 tempore
1398 3733 1642 3813 sicco,
1706 3733 1915 3824 quod

361 3874 535 3927 non
557 3856 796 3933 esset,
825 3852 983 3923 nisi
1008 3851 1396 3924 haberent
1423 3850 1914 3944 principium

360 3993 467 4043 ex
510 3990 715 4061 aqua.
754 3967 1111 4062 pluviali.

460 4092 804 4170 Quarto,
853 4086 935 4159 in
969 4089 1449 4160 terrfemotu
1513 4087 1914 4177 apparent

365 4201 699 4295 qnidam
734 4199 1028 4281 fontes,
1068 4201 1203 4292 qui
1231 4200 1459 4294 prius
1492 4219 1650 4271 non
1675 4220 1914 4291 appa-

366 4322 747 4398 ruerunt,
784 4321 866 4391 et
906 4317 1060 4390 hoc
1103 4337 1263 4389 non
1312 4322 1460 4396 est,
1509 4315 1667 4387 nisi
1727 4316 1915 4407 quia

363 4437 665 4528 aperta
695 4438 819 4506 est
850 4433 1347 4513 concavitas,
1415 4431 1490 4503 in
1516 4452 1672 4524 qua
1707 4452 1917 4525 aqua

365 4550 1034 4624 concludebatur.

460 4667 786 4751 Quinto,
816 4669 1001 4759 quia
1039 4666 1283 4739 aliter
1316 4685 1474 4736 non
1500 4664 1916 4739 videretur

371 4783 1204 4878 quo=deveniretaqua
1239 4781 1644 4875 pluvialis,
1695 4816 1701 4825 ·

461 4906 738 4983 SextO,
778 4900 965 4992 quia
1037 4900 1182 4972 sub
1224 4903 1455 4973 terra
1504 4900 1917 4973 invenitur

372 5038 610 5109 aqua,
648 5017 779 5089 vel
836 5016 1095 5107 igitur
1155 5015 1296 5088 ilia.
1339 5016 1917 5109 praeexistebat

365 5156 465 5207 ex
507 5155 723 5225 aqua
770 5134 1129 5226 pluviali,
1185 5138 1266 5207 et
1329 5133 1675 5207 habetur
1737 5155 1916 5227 pro-

372 5251 776 5342 positum;
844 5249 972 5321 vel
1035 5255 1484 5340 generatur
1523 5273 1619 5322 ex
1677 5267 1911 5332 novo,

368 5372 448 5440 et
510 5372 704 5438 tunc
766 5366 894 5437 vel
964 5386 1009 5437 a
1078 5366 1371 5447 calido,
1408 5372 1490 5440 ct
1531 5367 1682 5440 hoc
1726 5388 1911 5450 non,

373 5483 560 5573 qnia
600 5483 846 5555 calidi
899 5483 1171 5575 potius
1239 5487 1365 5556 est
1433 5503 1918 5558 consumere

375 5619 699 5691 aquam,
751 5618 1469 5691 quam-generare;
1514 5601 1643 5671 vel
1694 5621 1739 5671 a.
1781 5602 1918 5673 fri-

122 2945 341 2994 eundum.

121 3516 306 3569 'er-tium.

121 4130 315 4174 uanum.
349 4126 353 4129 “

121 4711 318 4765 amum.

121 4928 279 4977 {amm
291 4967 306 4982 ,

3504 432 3617 497 119

2039 594 2251 684 gid0,
2309 600 2388 668 et
2428 592 2578 666 hoc
2649 613 2833 673 non,
2909 593 3096 684 quia
3142 598 3332 666 tunc
3402 595 3578 666 tota.

2039 714 2263 782 terra
2300 710 2627 782 deberet
2660 709 3033 781 converti
3067 708 3145 780 in
3180 727 3499 799 aquam.

2132 826 2521 918 SeptimO,
2588 827 2654 899 si
2721 827 2811 897 de
2880 847 3089 897 novo
3134 831 3581 915 generatur
3607 837 3925 898 swanum.

2041 939 2255 1015 infra
2324 944 2664 1021 terram,
2737 938 2865 1012 vel
2936 939 3407 1011 ascenderet
3487 939 3583 1010 ad

2041 1057 2361 1132 crificia
2394 1056 2647 1131 fontis
2690 1056 3213 1136 naturaliter,
3259 1056 3386 1127 vel
3415 1054 3579 1127 vio-

2041 1174 2339 1256 lentem
2387 1173 3110 1253 non-naturaliter,
3150 1172 3339 1263 quia
3394 1189 3580 1244 cum

2040 1307 2250 1383 aqua
2287 1291 2394 1364 sit
2436 1289 2742 1380 gravis,
2789 1290 2948 1361 non
3013 1293 3390 1363 movetur
3449 1308 3581 1360 na-

2038 1408 2432 1481 turaliter
2501 1427 2864 1488 sursum;
2938 1426 3081 1478 nec
3148 1405 3576 1484 violenter,

2041 1524 2230 1615 quia
2300 1523 2511 1596 sicut
2571 1542 2780 1615 aqua
2849 1521 3348 1598 naturaliter
3413 1522 3579 1592 des-

2039 1639 2304 1713 cendit
2335 1640 2426 1710 de
2471 1659 2684 1722 aere,
2712 1640 2824 1712 ita
2865 1639 3186 1713 videtur
3220 1639 3422 1730 quod
3446 1657 3578 1708 na-

2038 1755 2430 1829 turaliter
2452 1754 2809 1829 ascendit
2835 1776 2880 1826 a
2907 1759 3158 1836 terra,
3188 1759 3577 1845 tanqua-m

2035 1873 2125 1944 de
2170 1872 2348 1944 loco
2401 1872 2551 1945 sibi
2586 1870 2975 1945 naturali.

2124 1988 2607 2081 Oppositum
2653 1986 3038 2078 arguitur
3078 2007 3224 2080 per
3263 1987 3574 2062 Aristo·
3633 1987 3871 2049 091⁰&st-

2036 2103 2281 2177 telem
2333 2104 2415 2176 in
2447 2105 2607 2178 isto
2645 2104 2939 2195 primo.

2128 2223 2215 2292 In
2260 2221 2416 2295 ista
2455 2221 2899 2312 quoestione
2969 2220 3236 2312 primo
3285 2219 3576 2291 videbi-

2035 2341 2174 2409 tur
2231 2337 2323 2409 de
2382 2338 2586 2419 loco,
2659 2338 2750 2408 de
2802 2358 2953 2429 quo
3001 2337 3336 2409 veniunt
3411 2336 3576 2408 fon-

2035 2459 2182 2527 tes
2259 2454 2621 2527 Secundo
2682 2454 3086 2526 videbitur
3161 2453 3230 2525 si
3307 2452 3571 2525 sontes

2031 2573 2231 2643 fiant
2264 2588 2360 2642 cx
2394 2591 2603 2663 aqua
2646 2570 3007 2664 pluviali.
3045 2570 3321 2643 Tertio
3365 2569 3574 2640 vide-

2031 2686 2255 2759 bitur
2320 2686 2411 2756 de
2490 2687 2722 2758 modo
2788 2685 3343 2775 generationis
3385 2685 3571 2756 ·fon-

2032 2804 2264 2877 tium.

2518 3132 2952 3190 ARTICULUS
3014 3132 3058 3187 1.

2394 3309 2576 3376 Unde
2615 3309 2887 3375 veniant
2933 3309 3152 3392 sontes
3183 3308 3215 3374 ‚⁹

2117 3507 2521 3587 Quantum
2582 3502 2676 3573 ad
2729 3501 3107 3594 primum,
3154 3502 3563 3575 sciendum
3716 3535 3775 3594 2,

2030 3620 2234 3713 quod
2279 3619 2370 3691 dc
2405 3619 2605 3699 loco,
2630 3639 2676 3689 a
2710 3639 2865 3710 quo
2899 3618 3234 3691 veniunt
3268 3619 3559 3702 fontes,

2028 3742 2267 3811 erant
2300 3741 2469 3809 tres
2530 3736 2984 3828 opiniones.
3055 3735 3231 3806 Una
3301 3737 3566 3809 Plato-

2028 3852 2181 3935 niS,
2266 3873 2440 3943 quae
2505 3852 2780 3944 posuit
2848 3851 3113 3925 fontes
3181 3851 3463 3922 venire
3524 3872 3570 3921 a

2032 3968 2371 4060 quadam
2455 3965 2845 4057 charybdi
2920 3966 3324 4041 existente
3423 3966 3568 4037 sub

2031 4089 2284 4158 terra.
2339 4086 2699 4158 Secunda
2760 4084 3032 4178 posuit
3113 4104 3404 4175 aquam
3450 4104 3570 4155 as·

2030 4202 2370 4274 cendere
2411 4203 2505 4273 ad
2547 4222 2694 4273 ora
2736 4202 3114 4280 fontium,
3182 4222 3325 4293 per
3357 4220 3570 4273 com-

2033 4317 2538 4411 pressionem
2657 4318 3005 4412 alicujus
3127 4318 3565 4407 gravioris.

2030 4435 2306 4507 Tertia
2339 4435 2610 4527 posuit
2643 4433 2908 4509 fontes
2939 4435 3219 4506 venire
3252 4454 3298 4504 a
3332 4432 3565 4505 mari.

2123 4552 2315 4626 Istis
2392 4552 2774 4633 dimissis,
2875 4552 3286 4626 sciendum
3365 4550 3922 4644 quodFomesun·

2031 4674 2389 4762 quatuor
2466 4670 2721 4742 modis
2794 4674 3061 4762 potest
3129 4667 3569 4759 imaginari
3676 4636 3757 4685 α’·

2032 4806 2325 4879 aquam
2361 4787 2820 4859 ascendere.
2865 4785 3041 4859 Uno
3088 4786 3319 4858 modo
3385 4786 3571 4857 sim-

2031 4900 2360 4993 pliciter
2426 4900 2856 4979 violenter,
2931 4905 3019 4975 ut
3109 4921 3255 4993 per
3316 4904 3569 4982 rotas,

2031 5038 2252 5099 vasa,
2290 5023 2371 5092 et
2430 5019 2591 5090 alia
2645 5018 3118 5092 artificialia
3150 5017 3569 5098 trahendo,

2028 5135 2157 5206 vel
2207 5135 2700 5227 expellendo.
2739 5135 2921 5207 Alio
2959 5135 3191 5207 modo
3246 5138 3574 5206 natura-

2030 5250 2224 5324 liter
2281 5271 2424 5344 per
2465 5250 3161 5344 compressionem
3225 5250 3574 5340 alicujus

2036 5368 2480 5456 gravioris,
2521 5373 2606 5441 ut
2631 5388 2815 5439 cum
2859 5372 3086 5441 terra
3130 5366 3575 5458 pulveriza-

2034 5487 2119 5556 ta
2191 5483 2630 5576 projicitur
2709 5483 2788 5554 in
2868 5482 3290 5575 scyphum,
3366 5500 3576 5573 aqua

2034 5599 2393 5674 existens
2425 5600 2504 5672 in
2541 5598 2848 5692 scypho
2883 5598 3130 5676 altius
3174 5598 3571 5678 asomum
