4252 6393
1588 364 1953 441 QUAEs'rlo
1988 365 2154 425 xm
3399 352 3509 431 '65

1928 544 2048 605 ra,
2124 529 2211 598 ut
2284 529 2568 618 postea
2628 526 3152 617 probabitur;
3219 527 3476 617 igitur

1928 645 2286 732 quatuor
2324 642 2726 716 elementa
2753 663 2916 714 non
2960 648 3148 717 sunt
3212 664 3471 736 aequa·

287 528 471 607 dum,
510 528 723 617 quod
756 527 1157 600 elementa
1208 532 1550 620 possunt
1620 529 1812 601 ima-

290 642 530 733 ginari
567 665 751 715 esse
782 643 1152 735 aequalia,
1188 644 1315 716 vel
1377 643 1454 715 in
1509 646 1813 735 magni-

293 760 564 841 tudine,
601 759 732 832 vel
778 758 859 830 in
890 760 1243 841 virtute;
1292 761 1372 832 in
1433 762 1807 844 materia,
1926 756 2059 828 lia.

291 877 391 948 vel
439 877 520 948 in
555 877 1113 970 spissitudine.
2017 876 2375 947 Secunda
2399 875 2815 948 conclusio
2849 880 2997 956 est,
3036 876 3241 968 quod
3284 897 3469 968 qua·
3588 880 3733 991 &23-

103 1004 234 1110 25⁰3]
360 993 569 1065 Tunc
608 998 1029 1085 ponuntur
1067 993 1637 1066 conclusiones
1700 1013 1813 1065 se·
1926 992 2123 1061 tuor
2156 991 2556 1065 elementa
2587 1012 2745 1064 non
2779 996 2966 1065 sunt
2998 993 3346 1085 aequalia
3389 995 3469 1067 in
3497 984 3694 1117 §lazio
3733 1004 3795 1094 ²³.

83 1081 273 1175 ffisene'a
297 1114 633 1199 quentes.
685 1110 964 1182 Prima
995 1115 1144 1192 est,
1193 1112 1398 1203 quod
1458 1114 1815 1202 quatuor
1927 1105 2264 1181 virtute.
2359 1108 2792 1190 Probatur,
2890 1112 3079 1204 quia
3171 1110 3239 1182 si
3354 1111 3468 1185 ita
3502 1080 3827 1179 “fg-navu-

62 1196 673 1311 attffiffllementa
705 1248 866 1300 non
901 1232 1089 1301 sunt
1128 1228 1476 1319 aequalia
1519 1227 1599 1300 in
1652 1248 1813 1298 ma-
1927 1228 2174 1306 esset,
2213 1230 2694 1317 sequeretur
2738 1229 2944 1320 quod
2979 1233 3208 1302 terra
3259 1236 3475 1307 esset

66 1312 253 1373 imquita-

61 1374 146 1421 ωε.
294 1344 713 1434 gnitudine.
752 1346 1191 1427 Probatur,
1231 1349 1523 1418 aerest
1554 1345 1813 1418 multo
1932 1344 2379 1417 maximum
2412 1344 3007 1419 elementorum
3063 1340 3471 1435 omnium}

295 1462 565 1552 major,
615 1484 858 1554 quam
883 1463 991 1535 sit
1024 1467 1294 1543 terra;
1344 1462 1814 1555 igiturqua-

295 1583 461 1651 tuor
499 1577 905 1652 elementa
939 1599 1099 1651 non
1143 1584 1331 1652 sunt
1353 1578 1700 1671 aequalia
1737 1579 1817 1651 in

293 1696 847 1784 magnitudine.
932 1697 1528 1788 Consequentia
1598 1701 1814 1770 tenet

288 1812 366 1882 dc
396 1833 500 1893 se,
546 1817 628 1884 ct
653 1813 1134 1886 antecedens
1161 1817 1531 1905 apparet,
1568 1817 1656 1885 ut
1681 1833 1814 1905 po-

290 1933 429 2001 test
463 1929 953 2019 investigari
999 1929 1471 2001 inveniendo
1514 1929 1813 2001 distan-

292 2045 494 2127 tiam,
533 2047 629 2118 ad
665 2067 906 2139 quam
959 2046 1404 2119 ascendunt
1475 2046 1813 2138 impres-

288 2162 537 2234 siones
575 2162 881 2253 ignitae,
921 2185 1097 2255 quae
1117 2163 1510 2237 distantia
1545 2163 1815 2254 maj0r

286 2282 393 2350 est
423 2279 1036 2352 semidiametro
1071 2283 1344 2359 terrae,
1399 2283 1480 2351 et
1540 2283 1813 2352 tamen

287 2394 446 2469 istae
496 2396 1085 2490 impressiones
1148 2417 1308 2469 non
1371 2396 1813 2468 ascendunt

290 2513 489 2586 ultra
542 2534 846 2595 aerem,
885 2533 1161 2605 quare,
1207 2518 1363 2586 etc.

363 2632 746 2711 Secundo,
835 2631 904 2703 si
973 2635 1337 2722 quatuor
1409 2630 1814 2703 elementa

282 2756 538 2822 essent
596 2748 974 2839 aequalia,
1061 2752 1546 2839 sequeretur
1606 2747 1812 2838 quod

282 2871 442 2938 tota
474 2866 804 2958 sphaera
851 2864 1469 2955 generabilium,
1507 2867 1586 2935 et
1638 2883 1813 2934 cor-

282 2983 780 3075 ruptibilium
820 2986 1035 3054 esset
1078 3002 1223 3075 per
1256 3002 1339 3052 se
1363 2980 1815 3073 quadrupla

280 3100 361 3170 ad
387 3101 798 3193 sphaeram
826 3104 1099 3174 terrae.
1129 3103 1647 3190 Consequens
1674 3097 1814 3169 fal-

281 3237 444 3287 sum
475 3222 561 3290 et
612 3217 1161 3309 impossibile;
1200 3216 1461 3306 igitur
1482 3219 1563 3288 et
1596 3218 1813 3287 ante-

278 3333 575 3407 cedens.
689 3332 1289 3424 Consequentia
1385 3332 1808 3425 probatur,

280 3450 454 3539 quia
495 3454 1046 3543 aggregatum
1079 3472 1179 3523 ex
1222 3453 1579 3542 quatuor
1635 3469 1813 3521 cor-

282 3567 605 3656 poribus
646 3567 1094 3659 aequalibus
1136 3570 1261 3640 est
1295 3586 1441 3660 per
1492 3588 1577 3638 se
1628 3585 1813 3658 qua-

278 3681 648 3777 druplum
679 3685 777 3756 ad
818 3704 1067 3756 unum
1103 3684 1465 3756 illorum.
1511 3686 1614 3756 Et
1671 3682 1813 3754 fal-

277 3799 470 3872 sitas
502 3800 1055 3874 antecedentis
1097 3802 1442 3894 apparet
1484 3819 1630 3892 per
1674 3800 1813 3871 As-

276 3916 671 4008 trologos‚
744 3921 825 3991 et
897 3915 1251 3989 maxime
1329 3935 1475 4008 per
1552 3913 1813 3987 Ptole-

279 4053 597 4115 maeum,
634 4034 767 4126 qui
809 4033 1042 4127 ponit
1093 4029 1501 4126 'sphaeram
1583 4050 1813 4122 gene·

278 4151 679 4232 labilium,
724 4155 806 4224 et
865 4149 1557 4243 corruptibilium,
1631 4148 1813 4240 plus

278 4286 507 4358 quam
544 4269 767 4340 mille
805 4267 1119 4340 vicibus
1152 4267 1537 4340 excedere
1564 4265 1814 4357 sphae-

280 4401 447 4454 ram
490 4389 764 4458 terrae.

356 4501 660 4582 Tertio,
718 4501 907 4592 quia
942 4502 1179 4574 orbes
1229 4503 1600 4576 coelestes
1654 4519 1814 4571 non

282 4621 458 4689 sunt
501 4617 654 4689 sibi
700 4617 1049 4690 invicem
1089 4619 1492 4709 aequales3
1556 4617 1815 4708 igitur

278 4750 412 4804 nec
456 4739 814 4825 quatuor
855 4734 1281 4809 elementa.
1326 4738 1571 4809 Tenet
1630 4757 1813 4808 con-

279 4852 717 4942 sequentia,
765 4851 954 4944 quia
997 4852 1074 4923 in
1115 4852 1604 4944 corporibus
1665 4875 1814 4925 coe-

278 4966 615 5042 lestibus
657 4969 929 5063 major
958 4973 1083 5042 est
1140 4969 1361 5050 ordo,
1428 4990 1670 5061 quam
1732 4969 1810 5040 in

277 5085 430 5157 illis
477 5085 1037 5166 inferioribus,
1076 5089 1165 5159 ut
1224 5090 1449 5178 patet
1517 5086 1597 5158 in
1668 5087 1810 5159 illo

278 5203 563 5295 primo.
606 5204 700 5276 Et
724 5202 1202 5275 antecedens
1227 5208 1593 5296 apparet,
1621 5225 1808 5276 nam

277 5323 614 5414 sphaerae
691 5321 1188 5413 superiores,
1284 5321 1542 5394 multo
1623 5326 1809 5395 sunt

280 5439 633 5531 majores
672 5437 1228 5509 inferioribus.

351 5557 687 5634 Quarto,
717 5552 909 5644 quia
949 5573 1163 5644 aqua
1190 5556 1314 5626 est
1349 5555 1619 5645 major
1650 5560 1809 5629 ter-

391 5683 536 5736 Tom.
573 5688 645 5737 IV

1930 1483 2433 1554 consequens
2533 1462 2856 1544 salsum,
2936 1463 3203 1556 primo
3284 1465 3475 1557 quia

1932 1578 2257 1671 sphaera
2292 1580 2501 1669 ignis
2535 1578 2987 1653 circumdat
3023 1580 3476 1652 omniaalia

1928 1696 2369 1777 elementa3
2417 1696 2742 1768 videtur
2783 1695 3044 1786 igitur
3087 1697 3292 1787 quod
3334 1696 3475 1768 illa

1931 1816 2038 1888 sit
2073 1814 2345 1909 major
2385 1814 2595 1887 aliis.
2638 1815 3024 1899 SecundO,
3072 1816 3261 1906 quia
3319 1815 3474 1887 dic-

1928 1936 2101 2006 tum
2135 1936 2260 2005 est
2303 1952 2557 2023 quare
2595 1952 2736 2024 per
2778 1931 3297 2003 ascensiones
3334 1930 3474 2002 im-

1931 2049 2445 2141 pressionum
2480 2048 2931 2137 ignitarum
2963 2052 3231 2141 potest
3265 2047 3475 2120 inve·

1927 2166 2089 2238 niri
2125 2165 2332 2257 quod
2368 2165 2782 2256 quantitas
2808 2167 3027 2236 aeris
3062 2165 3169 2236 sit
3202 2165 3474 2265 major

1930 2282 2389 2375 quantitate
2433 2284 2704 2354 terrae.
2754 2262 3472 2353 Probatur'conse·

1929 2398 2283 2490 quentia,
2332 2397 2520 2489 quia
2566 2398 2644 2468 in
2686 2396 2979 2488 aequali
3015 2396 3472 2487 quantitate

1929 2519 2177 2589 terra}
2219 2519 2343 2589 est
2381 2515 2650 2587 minor
2707 2513 3003 2595 virtus,
3079 2533 3319 2604 quam
3392 2512 3471 2584 in

1928 2631 2218 2724 aequali
2265 2630 2723 2723 quantitate
2749 2630 3092 2703 alterius
3128 2629 3473 2702 elemen-
3541 2648 3558 2713 j

1929 2750 2032 2829 ti;
2072 2749 2138 2820 si
2175 2748 2432 2839 igitur
2460 2749 2729 2822 virtus
2765 2752 3010 2821 terrae
3035 2747 3263 2821 debet
3295 2769 3474 2820 esse

1926 2865 2266 2957 aequalis
2326 2865 2618 2939 virtuti
2678 2863 3024 2938 alterius
3093 2863 3474 2938 elementi

1929 2987 2249 3058 tanturn
2298 3005 2443 3077 per
2513 2983 3176 3075 magnitudinem,
3246 2981 3474 3055 debet

1930 3101 2567 3193 recompensari,
2606 3104 3000 3191 quantum
3040 3098 3309 3172 virtus
3365 3097 3474 3169 al·

1928 3219 2188 3292 terius
2247 3219 2624 3291 elementi
2694 3218 3007 3291 excedit
3078 3217 3471 3290 virtutem

1928 3341 2177 3410 terrae
2223 3336 2301 3407 in
2333 3335 2627 3427 aequali
2673 3334 3153 3427 quantitate.

2019 3452 2406 3532 Secundo,
2447 3455 2933 3543 sequeretur
2993 3451 3200 3542 quod
3253 3448 3468 3540 ignis

1926 3573 2143 3643 esset
2186 3569 2610 3642 minimum
2648 3567 3008 3640 omnium
3040 3567 3473 3639 elemento-

1931 3705 2157 3755 rum:
2205 3703 2710 3774 consequens
2743 3685 2867 3754 est
2899 3680 3224 3761 falsum,
3284 3680 3473 3772 quia

1927 3822 2112 3873 cum
2186 3800 2548 3873 obtineat
2616 3799 2885 3870 locum
2958 3797 3470 3890 superiorem

1925 3922 2006 3993 et
2037 3918 2454 3991 contineat
2504 3915 2668 3988 alia
2698 3915 3124 3996 elementa,
3152 3912 3475 3988 videtur

1926 4057 2104 4108 esse
2142 4034 2481 4128 majoris
2526 4031 3009 4126 quantitatis
3079 4031 3263 4102 aliis
3323 4031 3474 4103 ele-

1930 4152 2250 4225 mentis.
2281 4150 2693 4224 Probatur
2714 4148 3295 4240 consequentia
3315 4148 3474 4240 pri-

1931 4291 2086 4351 mo,
2165 4269 2375 4342 sicut
2455 4267 2855 4359 probatur
2923 4264 3468 4357 praecendens,

1928 4407 2115 4459 nam
2150 4387 2364 4475 ignis
2422 4385 2501 4456 in
2535 4384 2956 4475 aliquanta
3017 4381 3472 4473 quantitate

1927 4503 2166 4576 habet
2247 4502 2646 4596 majorem
2724 4499 3146 4581 virtutem,
3230 4518 3470 4590 quam

1928 4621 2144 4693 aliud
2174 4619 2664 4692 elementum
2708 4617 2787 4688 in
2832 4615 3126 4708 aequali
3169 4615 3473 4706 magni-

1928 4737 2243 4818 tudine;
2323 4735 2580 4827 igitur
2649 4737 2978 4826 oportet
3048 4733 3254 4824 quod
3324 4753 3471 4826 per

1928 4854 2424 4946 parvitatem
2462 4850 2717 4943 ipsius
2782 4854 3102 4923 tantum
3164 4869 3470 4920 recom-

1928 4974 2341 5066 pensetur,
2383 4972 2774 5061 quantum
2805 4967 3073 5039 virtus
3115 4966 3292 5057 ejus
3342 4988 3472 5038 ex-

1925 5089 2134 5163 cedit
2190 5087 2543 5160 virtutes
2604 5084 2959 5158 aliorum
3036 5084 3470 5157 elemento-

1930 5227 2109 5278 rum
2154 5205 2234 5277 in
2268 5201 2561 5295 aequali
2606 5201 3088 5293 quantitate.

1953 5342 1960 5348 ·
2012 5321 2290 5395 Tertia
2333 5319 2753 5391 conclusio
2816 5322 2964 5398 est,
3013 5319 3220 5409 quod
3282 5338 3464 5409 qua·
3637 5324 3670 5371 9

1924 5446 2116 5515 tuor
2160 5440 2562 5512 elementa
2620 5457 2781 5508 non
2852 5439 3041 5508 sunt
3118 5435 3466 5527 aequalia
3544 5387 3789 5499 013222‘3.

3501 5512 3605 5561 Neo
3627 5515 3683 5561 in
3705 5527 3818 5561 ma.

1924 5553 2004 5624 in
2048 5551 2423 5626 materia.
2474 5549 2908 5629 Probatur,
2977 5548 3164 5640 quia>
3221 5547 3289 5620 si
3353 5548 3469 5622 ita
3565 5574 3724 5624 tea-ta.

3234 5684 3266 5733 5
