4252 6393
1582 454 1949 541 QUAESTlo
1999 451 2078 529 nl

302 625 371 697 ta
400 627 512 699 est
544 625 821 698 forma
861 643 1006 719 per
1040 628 1418 716 pepansim.
1485 626 1568 701 Si
1615 648 1815 700 vero

303 744 416 814 fiat
454 746 721 833 optetis,
790 742 918 815 vel
964 742 1454 838 metaphora
1511 743 1816 818 dicitur

305 859 368 930 in
413 857 947 940 naturalibuS,
994 862 1133 932 aut
1177 859 1752 932 artificialibus
1796 886 1810 930 ε

303 974 460 1046 siin
508 975 1053 1060 naturalibus,
1098 980 1239 1050 aut
1294 976 1556 1068 igitur
1604 977 1815 1067 dige-

302 1089 484 1161 ritur
538 1091 619 1163 in
673 1092 969 1184 seipso,
1002 1095 1168 1175 ,aut
1217 1093 1297 1165 in
1348 1092 1554 1175 alio;
1617 1092 1686 1165 si
1736 1092 1819 1165 in

297 1206 452 1290 alie,
505 1209 622 1281 sic
681 1211 804 1282 est
853 1208 1203 1299 digestio
1258 1209 1635 1283 alimenti
1697 1230 1819 1282 se-

294 1326 597 1400 cundum
632 1348 1285 1423 unamquamque
1332 1329 1684 1423 speciem
1716 1328 1821 1403 di·

295 1442 1101 1532 gestioniS,humidum
1124 1445 1620 1538 superfluum
1640 1444 1818 1517 abs-

297 1557 655 1648 tergendo
702 1561 885 1651 post
936 1559 1484 1635 inductionem
1545 1562 1627 1634 in
1666 1561 1816 1636 ali-

302 1677 564 1755 mento,
600 1695 787 1747 cum
820 1678 943 1749 est
978 1676 1303 1750 inducta
1336 1678 1604 1751 forma
1640 1699 1817 1751 san-

302 1791 537 1881 guinis
598 1812 747 1886 per
795 1798 1170 1883 pepansim,
1238 1798 1564 1889 oportet
1608 1794 1816 1888 quod

302 1911 836 1999 sequestretur
891 1910 1336 1984 humiditas
1400 1912 1814 2005 superflua

302 2046 419 2117 per
452 2030 755 2117 hepsesin
797 2057 818 2097 .·
859 2032 938 2102 et
981 2027 1373 2102 similiter
1415 2030 1498 2102 in
1537 2050 1807 2112 carne,

295 2142 457 2214 etin
489 2144 701 2225 aliis,
736 2146 814 2218 et
850 2146 966 2219 sic
998 2166 1159 2218 non
1191 2146 1455 2219 solum
1492 2148 1813 2220 ratione

298 2260 444 2342 tali,
497 2265 579 2334 ut
630 2262 1068 2353 digerendo
1127 2263 1606 2355 sanguinem
1668 2285 1813 2358 per

298 2377 625 2452 calorem
695 2381 1153 2473 proprium,
1225 2398 1323 2453 ne
1393 2381 1473 2453 in
1542 2380 1810 2473 specie

301 2494 689 2585 sanguinis
728 2495 1245 2589 compleatur
1297 2496 1558 2588 quoad
1613 2496 1810 2569 bene

298 2629 471 2693 esse,
515 2612 647 2684 sed
681 2612 760 2684 in
796 2616 1144 2695 ratione,
1183 2634 1340 2705 qua
1371 2613 1813 2686 nutrimen-

301 2728 446 2798 tum
487 2750 721 2802 omne
760 2730 1169 2821 digeritur
1223 2750 1269 2802 a
1308 2731 1585 2804 calore
1625 2751 1809 2804 cor-

304 2844 498 2932 poris
554 2847 889 2917 natante
932 2845 1013 2918 in
1056 2844 1412 2917 humid0.
1479 2845 1559 2917 Si
1609 2865 1807 2916 vero

301 2957 586 3034 dicatur
616 2963 698 3034 in
732 2964 1026 3055 seipso,
1061 2965 1186 3036 est
1216 2962 1564 3055 digestio
1601 2982 1811 3033 mus-

301 3074 353 3146 ti
405 3078 479 3150 in
532 3079 809 3152 vinum
870 3099 915 3152 a
975 3079 1250 3152 calore
1314 3078 1651 3172 proprio
1714 3079 1807 3150 ad

303 3187 811 3268 intensionem
869 3195 1173 3270 caloris
1212 3194 1656 3269 exterioris
1696 3193 1810 3266 di-

304 3313 625 3396 gerente,
665 3313 750 3382 ut
791 3309 1208 3383 humidum
1252 3310 1546 3383 subtile
1583 3311 1662 3383 in
1701 3311 1809 3384 vi·

302 3442 470 3497 num
499 3430 910 3520 evaporet,
948 3430 1026 3500 et
1061 3447 1445 3520 grossum
1487 3447 1649 3499 non
1689 3427 1810 3499 be·

302 3558 381 3612 ne
424 3543 920 3617 comestibile
960 3565 1142 3616 cum
1188 3544 1404 3618 sicco
1464 3543 1807 3616 inferius

303 3657 639 3734 resideat.

382 3776 456 3848 Si
485 3798 670 3851 vero
716 3779 798 3850 in
839 3777 1431 3859 artificialibus,
1476 3781 1616 3851 aut
1658 3777 1810 3867 igi-

306 3891 428 3964 tur
486 3894 819 3968 humore
870 3896 1210 3989 proprio
1260 3895 1592 3975 elixato‚
1667 3898 1806 3967 aut

306 4009 573 4095 alieno;
616 4014 683 4086 si
718 4034 899 4087 cum
932 4013 1226 4095 alieno,
1265 4013 1383 4087 sic
1413 4015 1535 4084 est
1568 4012 1812 4086 elixa·

305 4124 407 4199 tio
436 4131 693 4204 carnis
728 4131 810 4203 in
854 4130 1017 4201 olla
1063 4149 1249 4201 cum
1291 4129 1550 4220 aquis,
1598 4129 1681 4201 Si
1728 4129 1811 4201 in

307 4237 622 4327 humido,
667 4249 808 4319 aut
842 4247 1103 4337 igitur
1136 4265 1280 4338 per
1312 4244 1810 4336 segregatio·

306 4375 467 4430 nem
496 4362 846 4454 partium
900 4362 1165 4444 mixti,
1221 4383 1396 4454 quae
1439 4364 1625 4434 sunt
1670 4381 1812 4433 na-

309 4474 491 4549 turae
516 4480 1145 4571 etheomageniae
1179 4480 1258 4553 in
1285 4480 1495 4572 ipso;
1534 4498 1813 4553 secun-

311 4588 392 4660 do
423 4597 633 4669 modo
667 4600 791 4670 est
823 4595 1170 4687 digestio
1207 4595 1474 4676 lactis,
1511 4615 1694 4667 cum
1728 4594 1810 4665 in

314 4704 468 4796 ipsa
490 4711 784 4786 virtute
818 4713 1123 4786 caloris
1162 4711 1526 4783 natantis
1564 4711 1644 4782 in
1677 4709 1811 4780 hu·

314 4820 497 4895 mido
534 4829 866 4923 proprio
909 4829 1450 4919 segregentur
1500 4826 1812 4898 semina

313 4942 535 5012 cocta.
585 4946 861 5019 Primo
918 4944 1153 5016 modo
1211 4943 1617 5033 contingit
1672 4942 1809 5013 du-

319 5050 615 5145 pliciter,
663 5062 851 5154 quia
892 5063 1031 5133 aut
1081 5061 1169 5133 fit
1223 5057 1813 5151 sequestratio-

316 5184 398 5237 ne
433 5175 591 5261 puri
648 5177 748 5249 ab
811 5178 1169 5269 impuro;
1227 5177 1368 5247 aut
1419 5173 1810 5268 superflui

316 5297 456 5353 non
508 5286 687 5364 benc
735 5290 1188 5366 commixti.
1244 5290 1522 5364 Primo
1575 5289 1808 5361 modo

318 5402 423 5471 est
452 5403 769 5498 digestio
822 5408 1030 5491 auri,
1069 5408 1418 5500 argenti,
1463 5411 1540 5481 et
1575 5406 1810 5499 cupri

321 5532 445 5603 Per
470 5519 993 5602 decoctionem
1024 5546 1312 5599 eorum
1354 5525 1435 5598 in
1470 5523 1811 5616 proprio

320 5627 645 5729 humore,
714 5666 899 5719 cum
975 5643 1399 5738 liquefiunt
1467 5641 1812 5714 nimium

3341 468 3460 536 259

1931 629 2249 710 subtile,
2297 631 2383 703 ut
2433 629 2856 704 effumanti
2905 631 2997 705 de
3047 632 3472 708 faeculento

1928 750 2205 819 terreo
2252 747 2332 819 in
2383 748 2738 821 scoriam
2790 750 3302 833 residentem,
3358 753 3474 825 sic

1927 862 2144 936 enim
2205 883 2496 935 aurum
2557 863 3084 957 liquefactum
3126 887 3310 937 cum
3355 867 3471 938 la-

1927 980 2103 1052 tere
2143 983 2446 1062 terreo,
2500 982 2579 1052 et
2621 980 2789 1054 sale
2837 982 2918 1055 in
2953 984 3292 1075 proprio
3325 981 3473 1054 hu-

1931 1117 2160 1169 more
2199 1098 2674 1190 depuratur,
2720 1103 2797 1172 et
2837 1101 3338 1194 decoquitur,
3391 1107 3470 1176 et

1930 1215 2321 1288 similiter
2404 1221 2836 1308 argentum
2922 1240 3104 1291 cum
3191 1240 3466 1303 arena,

1929 1335 2070 1405 aut
2113 1331 2420 1405 sabulo.
2478 1335 2833 1407 Secundo
2891 1336 3123 1408 modo
3182 1341 3306 1410 est
3364 1338 3474 1410 di·

1930 1450 2196 1538 gestio
2239 1450 2438 1539 ligni
2471 1451 2760 1524 viridis
2798 1450 2874 1523 in
2908 1449 3251 1524 humore
3287 1474 3473 1545 pro-

1929 1564 2113 1658 prio
2165 1564 2490 1638 humido
2540 1568 2948 1660 superfluo
2989 1568 3465 1652 distillante,

1927 1684 2006 1753 et
2039 1680 2190 1754 hoc
2221 1682 2313 1755 de
2350 1688 2561 1773 optesi
2602 1684 2682 1756 in
2723 1684 3080 1777 speciali.

2020 1798 2166 1870 Sed
2204 1798 2296 1871 de
2334 1803 2544 1889 optesi
2585 1800 2664 1871 in
2706 1800 3039 1892 speciali
3084 1821 3245 1873 non
3276 1802 3469 1876 dicit
3596 1813 3682 1865 2⁴·

1928 1913 2417 1987 Aristoteles
2462 1917 2669 2008 quod
2706 1920 2829 1989 est
2872 1916 3219 2007 digestio
3263 1939 3309 1990 a
3340 1936 3472 1991 ca-

1929 2029 2102 2103 lore
2138 2030 2355 2104 sicco
2399 2031 2693 2115 alieno,
2729 2037 2810 2107 et
2852 2032 3004 2106 hoc
3049 2033 3241 2126 quia
3275 2034 3470 2106 cali-

1924 2146 2112 2219 dum
2144 2147 2519 2238 digerens
2557 2150 2637 2222 in
2669 2155 2879 2240 optesi
2907 2152 3078 2242 agit
3114 2172 3259 2223 suo
3294 2171 3469 2223 acu-

1927 2260 2142 2333 mine
2184 2261 2278 2334 ad
2321 2264 2640 2336 modum
2681 2264 2987 2338 caloris
3031 2264 3273 2356 ignei,
3309 2285 3470 2337 non

1920 2378 2198 2449 tamen
2300 2380 2745 2452 excedendo
2843 2381 3468 2474 proportionem

1924 2513 2071 2586 per
2147 2514 2389 2586 quam
2470 2496 2772 2569 dicitur
2846 2495 3299 2577 naturalis;
3387 2500 3468 2570 et

1925 2611 2097 2683 ideo
2149 2612 2615 2694 notandum,
2672 2614 2876 2705 quod
2929 2614 3158 2686 calor
3201 2617 3468 2706 potest
3523 2631 3686 2706 0910»-
3714 2632 3793 2706 4¹·-

1921 2727 2071 2801 dici
2134 2729 2398 2802 siccus
2436 2730 2948 2823 simpliciter,
3010 2733 3088 2803 et
3147 2731 3471 2804 absolu-
3527 2703 3805 2832 ἵὲζέῗᾶἵξί

1920 2844 2026 2927 te,
2085 2848 2226 2917 aut
2278 2846 2360 2918 in
2407 2846 3025 2939 comparatione
3078 2848 3172 2919 ad
3214 2847 3466 2920 alium
3535 2818 3769 2883 ‘mmm’

1922 2958 2311 3033 calorem.
2359 2960 2638 3033 Primo
2687 2960 2920 3033 modo
2966 2961 3269 3034 dictum
3315 2965 3465 3044 est,

1925 3079 2133 3169 quod
2165 3078 2437 3150 nullus
2468 3078 2702 3151 calor
2739 3079 3115 3169 digerens
3164 3082 3288 3152 est
3341 3101 3472 3153 ca-

1921 3195 2053 3268 lor
2098 3195 2385 3277 siccus,
2449 3196 2643 3269 talis
2683 3194 2899 3268 enim
2960 3217 3160 3291 pure
3211 3196 3474 3271 siccus

1921 3333 2083 3385 non
2122 3315 2247 3384 est
2281 3313 2712 3395 naturalis,
2759 3312 2892 3384 sed
2935 3312 3247 3402 igneus.

2012 3429 2375 3503 Secundo
2421 3429 2653 3501 modo
2705 3428 3204 3518 intelligitur
3244 3428 3474 3500 calor

1924 3547 2213 3629 siccus,
2250 3566 2412 3618 non
2446 3547 2635 3638 quia
2661 3546 2945 3637 igneus
2980 3545 3472 3638 simpliciter

1924 3662 2006 3735 in
2056 3663 2299 3745 sicco,
2361 3662 2525 3735 imo
2573 3661 2795 3752 viget
2852 3662 2931 3733 in
2982 3660 3334 3744 humido,
3389 3664 3467 3734 et

1923 3785 2489 3861 conservatur,
2534 3784 2611 3854 et
2652 3781 2889 3853 habet
2922 3805 3078 3863 esse,
3118 3781 3250 3852 sed
3284 3780 3472 3872 quia

1923 3897 2341 3970 humidum
2386 3897 2885 3990 superfluum
2934 3899 3060 3968 est
3116 3897 3471 3989 comple-

1922 4014 2005 4085 te
2063 4013 2529 4086 abstersum
2594 4014 2963 4105 respectu
3020 4011 3322 4085 caloris
3361 4011 3471 4084 di-

1925 4129 2288 4219 gerentis
2349 4129 2428 4201 in
2483 4133 2767 4218 pepansi
2843 4130 2921 4199 et
2997 4132 3291 4218 hepsesi,·
3351 4127 3468 4200 sic

1923 4244 2305 4336 digerens
2380 4243 2710 4317 humido
2802 4244 3210 4338 superfluo
3308 4263 3471 4317 non

1926 4360 2301 4434 absterso
2345 4363 2720 4453 respectu
2755 4360 3062 4433 caloris
3102 4360 3473 4452 digeren-

1924 4476 2034 4550 tis
2095 4477 2177 4549 in
2233 4480 2444 4567 optesi
2498 4480 2621 4549 est
2681 4476 3145 4549 abstersum
3212 4475 3473 4548 humi-

1923 4593 2136 4675 dum,
2181 4596 2258 4665 et
2301 4596 2496 4666 tune
2531 4594 2895 4666 removet
2938 4593 3288 4666 calidum
3332 4612 3472 4664 na-

1923 4708 2195 4781 turale
2237 4729 2420 4781 cum
2457 4709 2771 4780 modico
2815 4709 3141 4782 humido
3192 4713 3272 4782 et
3325 4708 3474 4780 sic-

1926 4845 2045 4905 co,
2091 4827 2170 4896 et
2224 4822 2555 4897 fortiter
2595 4824 3103 4906 commiscet,
3151 4826 3228 4895 et
3274 4822 3471 4895 facit

1925 4942 2376 5020 extensum,
2442 4942 2519 5012 et
2579 4940 2880 5012 dicitur
2946 4961 2992 5011 a
3059 4941 3474 5013 caliditate

1928 5055 2196 5129 aliena
2239 5060 2578 5150 propter
2629 5054 2780 5128 hoc
2829 5058 3035 5149 quod
3074 5057 3301 5130 debet
3362 5057 3477 5129 di-

1927 5174 2104 5264 geri
2143 5193 2285 5265 per
2319 5173 2561 5245 istam
2593 5173 3157 5262 digestionem.
3199 5176 3294 5243 Et
3337 5173 3481 5245 ali·

1928 5290 2063 5382 qui
2114 5289 2386 5361 dicunt
2447 5289 2650 5380 quod
2703 5289 3014 5378 fingunt
3083 5290 3472 5376 digestio-

1927 5425 2137 5486 nem,
2185 5424 2359 5495 quae
2404 5405 2639 5476 habet
2681 5405 2859 5476 fieri
2907 5405 2983 5476 in
3018 5404 3476 5476 artificiali-

1925 5520 2098 5602 bus,
2138 5523 2276 5593 aut
2317 5522 2474 5593 nisi
2514 5521 3028 5593 manifestius
3062 5520 3228 5592 haec
3263 5523 3474 5602 sunt,

1927 5642 2007 5711 et
2076 5636 2590 5729 contingunt,
2663 5657 2906 5729 quam
2968 5637 3048 5709 in
3109 5635 3475 5714 naturali
