4252 6393
713 425 832 492 232

704 589 799 661 ad
861 587 1333 660 maximum.
1392 585 1494 657 Et
1556 581 1650 654 ad
1722 574 2246 670 improbatio-

704 726 912 784 nem,
971 702 1281 795 quando
1328 697 1711 787 arguitur
1750 698 2044 767 contra.
2092 691 2245 764 hoc

1905 413 2047 477 LlB.
2103 415 2202 479 1v.
2250 405 2793 475 METEORORUM

2358 577 2487 646 ter
2579 573 2855 663 partes
2943 566 3295 642 actionis
3379 562 3892 644 successivae,

2361 708 2535 780 quae
2598 687 2677 759 in
2740 685 3104 778 subjecto
3185 681 3651 756 indivisibili
3731 701 3902 753 suc-

707 822 913 913 quod
952 820 1254 892 dictum
1287 820 1435 895 est,
1484 814 1797 887 scilicet
1840 812 2043 903 quod
2087 830 2247 880 non
2359 804 2670 877 cessivc
2740 802 2996 874 fieret.

705 943 830 1010 est
875 956 1238 1008 summus
1308 933 1632 1023 gradus,
1688 951 1842 1021 quo
1895 948 2053 999 non
2121 947 2249 1019 po-

708 1055 870 1124 test
927 1072 1104 1121 esse
1172 1048 1594 1127 intensior,
1650 1045 1838 1117 licet
1887 1043 1992 1115 sit
2039 1061 2249 1112 sum-

711 1187 889 1240 mus
938 1166 1263 1257 gradus,
1319 1185 1473 1256 quo
1518 1162 1786 1233 nullus
1832 1164 1955 1233 est
2000 1158 2249 1230 inten-

712 1284 920 1364 sior;
975 1304 1158 1355 cum
1192 1280 1574 1372 arguitur
1609 1278 1723 1350 sic
1759 1304 1773 1348 :
1812 1280 2246 1365 affirmative,

714 1404 865 1473 ete.
930 1399 1439 1472 admittatur.

808 1521 907 1591 Et
951 1516 1262 1608 quando
1296 1515 1619 1596 dicitur,
1680 1516 1788 1581 Vel
1831 1515 2043 1602 iyitur
2081 1511 2256 1578 illud

715 1638 888 1725 quod
948 1637 1267 1723 putrescit
1332 1658 1374 1700 a
1428 1633 1647 1721 qradu
1708 1630 2248 1721 putrefactioniS,

713 1765 804 1821 cst
847 1755 1060 1819 subito
1106 1773 1356 1818 summe
1408 1753 1884 1838 putrefactum,
1952 1743 2256 1817 dicitur

711 1867 1257 1959 quod'gradus
1302 1863 1927 1958 putrefactionis
1990 1864 2259 1953 potest

718 1979 957 2059 sumi,
1004 1980 1133 2050 vel
1171 2000 1318 2070 pro
1364 1977 1901 2068 qualitatc,et
1923 1971 2258 2065 disposi-

714 2097 934 2170 tione
985 2099 1463 2186 aggregata,
1531 2115 1686 2186 qua
1719 2092 2041 2183 aliquod
2071 2089 2258 2161 dici·

714 2218 854 2287 tur
892 2235 1069 2284 esse
1123 2232 1436 2283 summe
1500 2211 2074 2303 putrefactum,
2133 2207 2258 2278 vel

717 2350 866 2422 pro
902 2329 1153 2419 gradu
1188 2332 1444 2406 actus,
1492 2331 1571 2398 et
1612 2323 1959 2399 actionis
1994 2343 2259 2394 succc-

716 2444 948 2517 dente
993 2441 1578 2531 imaginatione
1623 2462 1779 2511 non
1830 2439 2256 2512 existente.

725 2561 888 2631 Iste
948 2559 1412 2650 qualitates,
1487 2557 1612 2629 vel
1689 2556 2261 2648 dispositiones

722 2676 1106 2766 requirit;
1172 2681 1250 2748 et
1310 2674 1502 2747 licet
1566 2675 1840 2744 cadem
1925 2673 2032 2746 sit
2105 2694 2259 2755 reS,

722 2797 996 2865 tamen
1062 2792 1309 2865 aliter
1379 2792 1758 2881 signatur
1839 2811 1982 2882 per
2059 2792 2262 2864 istos

724 2907 1124 2980 terminos
1168 2909 1442 2997 ymetus,
1489 2919 1697 2987 actus,
1749 2905 1876 2977 vel
1935 2910 2133 2990 ecclic,
2185 2913 2266 2981 et

722 3022 970 3095 aliter
1031 3043 1176 3115 per
1234 3022 1436 3094 istos
1495 3024 1746 3111 qradus
1804 3024 2267 3111 dispositionis

720 3142 1162 3228 acquiribilis,
1233 3140 1357 3211 vel
1443 3142 1784 3229 acquisitae
1856 3162 1982 3228 per
2054 3152 2261 3222 actu-5,

721 3261 824 3326 vel
860 3260 1111 3347 qradus
1149 3271 1363 3339 actu33
1438 3256 1623 3329 etsi
1674 3256 1922 3329 aliter
1988 3257 2267 3348 imagi-

725 3385 965 3452 netur
1037 3382 1374 3471 gradum
1439 3402 1848 3453 summum
1907 3381 2268 3455 calidita-

727 3498 858 3578 tis,
955 3502 1034 3570 et
1122 3497 1367 3570 aliter
1445 3499 1784 3588 gradum
1875 3498 2270 3572 inductio-

729 3613 852 3685 nis
915 3615 1212 3704 gradus
1286 3614 1581 3686 summi
1640 3614 2126 3695 caliditatis,
2191 3621 2270 3689 et

729 3730 973 3803 aliter
1060 3730 1409 3822 speciem
1485 3730 2109 3821 intelligibilem,
2190 3735 2270 3805 et

727 3845 972 3919 aliter
1045 3851 1317 3918 actum
1408 3845 1908 3934 intelligendi
1970 3846 2102 3937 qui
2155 3850 2268 3919 ta-

731 3982 911 4032 men
983 3965 1106 4035 est
1171 3962 1509 4034 realiter
1583 3962 1784 4034 idem
1862 3963 1940 4034 in
2003 3962 2269 4055 specie

729 4079 1162 4149 secundum
1269 4079 1817 4151 communiter
1950 4080 2269 4172 loquen-

634 4287 640 4292 ἢ
727 4196 896 4276 tes;
990 4200 1180 4270 tunc
1277 4193 1620 4277 dicitur,
1730 4196 1798 4267 si
1917 4197 2274 4269 sumitur

739 4333 887 4405 pro
984 4311 1240 4402 gradu
1348 4311 1616 4403 primo

739 4427 930 4498 illud
1061 4447 1372 4499 summe
1463 4427 2008 4518 putrefactum
2115 4449 2273 4500 non

733 4548 856 4616 est
911 4543 1173 4616 subito
1259 4542 1833 4634 putrefactum,
1882 4545 2013 4617 sed
2099 4566 2268 4616 suc-

736 4660 1092 4741 cessive}
1208 4660 1397 4733 licet
1495 4661 1709 4732 enim
1809 4662 2099 4740 subito,
2191 4667 2272 4736 ct

737 4777 815 4847 in
909 4776 1247 4849 instanti
1332 4776 1622 4849 habeat
1708 4777 2062 4869 primum
2143 4803 2276 4847 esse

733 4893 1227 4985 completum
1311 4897 1390 4967 et
1470 4894 1923 4986 perfectum
2001 4916 2274 4967 socun-

730 5009 914 5080 dum
998 5012 1316 5102 totum,-
1368 5010 1495 5081 vel
1580 5011 1849 5083 datam
1912 5015 2267 5101 partem,

730 5146 890 5199 non
933 5129 1207 5198 tamen
1266 5147 1364 5197 ex
1421 5125 1573 5197 hoc
1635 5127 2005 5218 sequitur
2066 5128 2272 5218 quod

729 5247 999 5316 motus
1061 5243 1201 5315 fiat
1247 5242 1326 5313 in
1387 5242 1752 5316 instanti.
1800 5245 1944 5315 Sed
2007 5243 2072 5314 si
2148 5265 2270 5314 su-

731 5360 983 5434 mitur
1015 5359 1313 5450 gradus
1376 5360 1725 5432 secundo
1772 5361 2027 5440 modo,
2080 5366 2267 5432 tunc

722 5476 1021 5549 dicitur
1062 5477 1265 5568 quod
1311 5476 1765 5548 successive
1801 5475 2051 5547 adhuc
2097 5481 2265 5547 tam

729 5598 1067 5685 proptor
1111 5596 1413 5693 partes,
1452 5612 1688 5684 quam
1726 5591 1970 5666 etiam
2029 5613 2261 5684 prop-

2450 920 2551 992 Et
2623 920 2936 1010 quando
3005 916 3309 991 dicitur
3373 920 3689 997 contra,
3755 930 3911 985 tunc

2360 1062 2507 1106 cum
2573 1042 2884 1107 continue
2942 1040 3264 1127 putrescit
3319 1037 3495 1106 illud
3550 1039 3787 1125 mamis,
3848 1049 3912 1103 et

2360 1156 2574 1243 mayis
2611 1155 2862 1242 qradus
2883 1155 3025 1235 ille,
3067 1177 3193 1243 quo
3230 1156 3572 1241 putrescit,
3618 1153 3915 1221 intendi-

2365 1284 2473 1339 tur
2511 1276 2843 1355 continue,
2877 1284 2938 1338 et
2971 1294 3096 1359 per
3133 1294 3527 1362 consequens
3568 1294 3920 1361 nunquam

2363 1400 2505 1456 erat
2544 1409 2864 1471 summus,
2926 1391 3079 1460 etc.
3152 1386 3455 1461 dicitur
3496 1389 3702 1479 quod
3752 1410 3921 1461 non

2368 1503 2815 1576 intenditur
2893 1505 3192 1594 gradus
3271 1505 3616 1577 secundo
3678 1505 3922 1577 modo

2370 1620 2780 1702 sumendo,
2847 1621 3038 1694 licet
3117 1622 3585 1695 intendatur
3645 1622 3922 1716 primo

2371 1739 2603 1811 modo
2659 1741 3069 1821 sumendo,
3134 1760 3275 1814 nec
3340 1740 3754 1813 diceretur
3806 1740 3926 1813 in-

2369 1854 2585 1927 tendi
2638 1856 2981 1927 secundo
3045 1857 3274 1927 modo
3310 1879 3324 1938 ;
3365 1856 3481 1930 sic
3536 1857 3930 1949 inaequali

2371 1972 2622 2061 gradu
2711 1972 3231 2046 alterationis
3300 1973 3681 2048 continue
3778 1974 3931 2046 ali-

2373 2088 2556 2178 quid
2597 2087 2956 2162 esficitur
3015 2089 3354 2163 calidius
3424 2094 3504 2165 et
3543 2090 3928 2165 calidius.

2373 2208 2474 2279 Et
2544 2207 2855 2297 quando
2906 2206 3208 2280 dicitur
3250 2208 3456 2299 quod
3507 2227 3934 2299 nunquam

2372 2327 2554 2395 erat
2626 2345 3023 2407 summus,
3089 2326 3390 2400 dicitur
3457 2328 3664 2420 quod
3731 2347 3934 2399 con·

2375 2438 2597 2512 tinue
2711 2444 2892 2514 erat
3004 2463 3420 2523 summus,
3532 2444 3939 2515 sumendo

2375 2557 2722 2628 secundo
2793 2556 3052 2640 modo,
3116 2563 3195 2632 et
3255 2579 3414 2630 non
3470 2562 3596 2632 est
3656 2558 3942 2632 simile

2377 2671 2587 2745 sicut
2641 2670 2941 2744 dicitur
2984 2670 3115 2752 ibi,
3173 2672 3240 2743 si
3291 2673 3616 2765 aliquod
3657 2695 3941 2749 move-

2375 2792 2513 2862 tur
2577 2787 2959 2862 continuo
3047 2789 3519 2863 intendendo
3608 2796 3942 2865 motum

2376 2928 2610 2979 suum
2670 2911 2749 2979 et
2802 2909 3008 2999 quod
3056 2907 3436 2980 continue
3488 2907 3942 2982 intensiori

2377 3024 2628 3114 gradu
2694 3030 3144 3107 moveatur,
3210 3027 3343 3098 sed
3421 3025 3616 3099 illud
3692 3048 3944 3121 aeque

2379 3141 2691 3216 intento
2795 3142 3049 3231 gradu
3136 3142 3684 3218 alterationis.
3780 3148 3942 3220 Sed

2379 3279 2562 3330 cum
2613 3259 2994 3332 continue
3055 3261 3431 3352 qualitaS,
3478 3263 3603 3334 vel
3662 3263 3946 3357 dispo-

2382 3375 2571 3448 sitio
2642 3377 3046 3468 acquisita
3119 3378 3418 3452 dieitur
3496 3379 3945 3464 intensior,

2383 3498 2467 3566 ut
2500 3493 2822 3574 dicitur,
2870 3492 3080 3567 sicut
3120 3494 3349 3566 valde
3392 3495 3619 3568 tarde
3651 3501 3954 3588 posset

2380 3608 2535 3681 dici
2595 3608 2917 3701 aliquod
2967 3609 3349 3692 calefieri,
3411 3611 3600 3685 licet
3652 3617 3957 3686 tamen

2383 3725 2542 3797 ista
2625 3724 3160 3799 calefactione
3243 3728 3478 3801 fieret
3573 3730 3955 3805 maxime

2380 3843 2751 3924 calidum,
2818 3843 3030 3917 sicut
3088 3845 3316 3917 verbi
3376 3846 3673 3937 gratia,
3725 3848 3848 3923 sit
3892 3855 3958 3918 D

2380 3959 2705 4051 aliquod
2775 3959 3123 4032 calidum
3205 3982 3350 4054 per
3418 3966 3681 4037 totum
3762 3968 3956 4040 uni-

2377 4077 2818 4149 versaliter
2857 4075 3071 4150 citra
3102 4080 3441 4169 gradum
3486 4102 3949 4166 summum,

2379 4198 2459 4266 et
2501 4193 2820 4266 calefiat
2853 4215 2899 4266 a
2942 4196 3193 4284 gradu
3237 4199 3295 4263 B
3332 4197 3949 4282 calefactionis,

1734 4313 1993 4393 modo,
2071 4315 2277 4404 quod
2383 4309 2497 4382 sic
2559 4310 2764 4401 quod
2829 4310 3041 4382 infra
3102 4331 3400 4384 annum
3462 4313 3608 4387 tali
3669 4320 3949 4405 gradu

2380 4426 2521 4500 fiat
2569 4446 3000 4520 summum,
3055 4432 3245 4501 tunc
3288 4429 3662 4504 caliditas
3711 4442 3956 4510 esset

2384 4565 2734 4625 summa;
2783 4544 2915 4615 scd
2958 4544 3388 4619 calefactio
3430 4568 3590 4620 non
3630 4550 3959 4627 dicitur

2386 4678 2729 4740 summa,
2766 4660 2892 4733 vel
2927 4680 3085 4731 non
3118 4662 3530 4737 diceretur
3562 4687 3958 4744 summus

2386 4780 2617 4849 actus
2667 4776 3214 4858 calefaciendi,
3284 4779 3469 4870 quia
3530 4780 3962 4861 intensior

2386 4898 2633 4974 esset,
2720 4914 2875 4984 quo
2957 4893 3033 4964 in
3115 4894 3238 4966 die
3312 4895 3635 4988 aliquod
3711 4911 3957 4980 esset

2385 5010 2873 5082 calefactum
2922 5010 2999 5081 in
3051 5032 3392 5083 summo.
3442 5013 3569 5088 Sic
3619 5015 3699 5087 in
3752 5038 3956 5109 pro-

2387 5127 2651 5218 posito
2698 5131 2822 5199 cst
2865 5125 3494 5216 imaginandum,
3543 5130 3737 5205 licet
3774 5157 3954 5211 non

2384 5243 2711 5315 omnino
2758 5243 3168 5325 similiter,
3209 5245 3397 5338 quia
3430 5250 3952 5339 putrefactio

2380 5382 2537 5431 non
2578 5364 2703 5433 ost
2749 5381 2905 5432 una
2952 5362 3297 5435 mutatio
3370 5365 3568 5444 sola,
3627 5372 3715 5441 ut
3767 5371 3952 5445 dic·

2381 5482 2549 5550 tum
2603 5482 2729 5551 est
2794 5500 3029 5572 saepe.

2464 5595 2576 5668 Ad
2629 5602 3011 5689 quartum
3058 5599 3530 5692 principale.
3573 5606 3947 5696 Puer-esac-

4044 940 4125 992 53.

4100 5577 4175 5626 5⁴.

4063 5639 4143 5691 Ad
4160 5641 4208 5684 ⁴.-
