4252 6393
325 1545 414 1594 Aa
428 1480 643 1604 egilam.

357 1607 401 1655 ί.
460 1608 630 1656 rinei-

338 1685 414 1733 μα
436 1684 483 1718 e.

388 1741 476 1793 Ad
501 1740 551 1791 2.

392 2900 482 2953 Aa
532 2898 582 2951 3.

323 4636 439 4696 Am,
452 4674 464 4687 .
487 4571 647 4697 ¹'pri-

401 4712 568 4747 vnum.

330 5262 629 5311 Secundam
642 5298 653 5311 .

684 394 829 463 151·

682 564 1049 648 meridie,
1132 563 1322 656 quia
1417 567 1606 637 tunc
1687 562 2010 637 sedatus
2096 565 2222 634 est

680 685 1031 776 impetus
1111 681 1662 757 exhalationis
1739 700 1986 775 super
2063 686 2220 755 ter-

676 820 857 873 ram
922 803 1267 892 propter
1332 801 1721 872 calorem.
1786 801 2057 878 Sexto,
2133 798 2221 870 fit

675 917 902 989 circa
952 917 1295 1010 eclipsin
1341 919 1609 997 Lunae,
1690 915 2003 990 scilicet
2059 934 2221 986 mo-

674 1031 940 1106 dicum
1003 1039 1214 1115 ante,
1285 1033 1413 1105 vel
1484 1037 1692 1126 post,
1766 1033 1954 1125 quia
2029 1033 2222 1102 tunc

677 1153 1001 1224 sedatus
1068 1157 1357 1225 ventus
1424 1152 1815 1233 exterior,
1883 1155 2224 1243 propter

678 1266 1081 1341 desectum
1112 1269 1423 1343 caloris
1465 1271 1734 1341 Lunae.
1790 1270 1890 1340 Et
1930 1264 2080 1336 hoc
2131 1264 2222 1334 de

683 1387 1057 1459 secundo.

770 1506 882 1577 Ad
934 1504 1349 1579 rationes:
1391 1506 1504 1577 Ad
1558 1504 1933 1596 primam,
1999 1509 2224 1597 patet

677 1624 884 1715 quod
925 1643 1086 1693 non
1122 1620 1615 1712 intelligitur
1643 1621 1735 1692 de
1778 1621 1924 1695 tali
1968 1626 2218 1694 motu.

765 1738 880 1810 Ad
948 1738 1415 1819 secundam,
1505 1737 1681 1809 dico
1760 1738 1966 1828 quod
2029 1737 2221 1810 talis

678 1858 976 1934 motus,
1051 1852 1363 1926 seilicet
1426 1852 1725 1926 fractio
1819 1858 2061 1926 terra»
2136 1855 2223 1926 lit

673 1970 1079 2044 violenter
1158 1997 1173 2040 :
1249 1975 1329 2043 et
1398 1970 1766 2061 quamvis
1828 1968 1979 2042 hoc
2060 1990 2220 2040 non

675 2093 952 2180 posset
1024 2087 1203 2160 fieri
1282 2088 1802 2170 naturaliter,
1879 2093 2223 2182 propter

676 2204 1173 2279 soliditatem
1260 2210 1533 2287 terrae,
1617 2209 1887 2298 potest
1948 2211 2223 2280 tamen

673 2322 854 2394 fieri
895 2322 1302 2396 violenter
1363 2323 1461 2394 ab
1528 2323 1800 2415 aliquo
1862 2323 2024 2395 alio
2080 2324 2221 2397 im-

685 2440 1074 2533 pellente;
1114 2445 1193 2514 et
1238 2441 1552 2532 quando
1579 2442 1978 2532 quferitur
2022 2443 2221 2514 unde

681 2554 957 2630 veniat
999 2561 1231 2630 tanta
1271 2557 1394 2628 vis
1432 2556 1650 2629 illius
1699 2557 2216 2651 impellentis,

684 2674 1244 2766 respondetur,
1319 2677 1528 2766 quod
1607 2676 1877 2768 aliquo
1951 2678 2218 2749 modo-

682 2809 892 2872 rum,
942 2789 1077 2881 qui
1120 2785 1349 2881 prius
1400 2790 1592 2864 dicti
1651 2795 1861 2864 sunt.

769 2906 883 2979 Ad
925 2907 1289 2990 tertiam,
1352 2912 1695 2978 exhalatio
1771 2911 1896 2978 illa
1948 2925 2224 3001 propter

674 3026 1036 3126 lcvitmem,
1081 3027 1233 3097 etc.
1290 3026 1655 3098 Concedo
1718 3028 1925 3118 quod
1986 3026 2223 3099 exha-

680 3139 880 3215 latio
951 3141 1090 3213 illa
1157 3142 1325 3217 exit
1380 3148 1717 3237 propter
1777 3144 2218 3226 levitatem,

681 3276 1147 3349 quanquam
1181 3264 1352 3333 tum
1386 3260 1790 3352 contingit
1825 3264 2030 3355 quod
2064 3284 2224 3336 non

680 3377 952 3465 potest
1011 3375 1263 3458 exire,
1326 3380 1408 3449 et
1462 3375 1632 3448 ideo
1675 3380 1988 3470 quando
2055 3379 2225 3453 exit

678 3510 825 3582 per
868 3512 1140 3584 poros,
1191 3498 1380 3567 tunc
1422 3495 1511 3567 fit
1560 3501 1873 3578 ventus,
1929 3503 2008 3571 et
2063 3519 2222 3570 non

679 3611 1231 3683 terraemotus.
1288 3613 1386 3684 Et
1431 3610 1545 3684 sie
1588 3612 1893 3686 (lictum
1952 3619 2075 3687 est
2130 3614 2223 3685 ad

682 3725 1242 3816 quaestionem.

1086 4031 1545 4113 QUAESTIO
1640 4036 1817 4106 VII.

687 4230 920 4296 Utrum
990 4233 1450 4325 tranquillitas
1514 4237 1600 4300 sit
1663 4237 1929 4323 siquam
2006 4249 2226 4304 terroe-

1313 4351 1577 4418 motus?

773 4546 1181 4635 Arguitur
1245 4549 1451 4639 quod
1522 4568 1708 4630 non,
1776 4550 1963 4642 quia
2033 4553 2223 4624 tune

683 4684 895 4756 saepe
971 4663 1203 4738 fieret
1263 4669 1788 4739 terraemotus
1861 4693 1874 4735 ε
1949 4687 2225 4739 eonsc-

685 4801 935 4874 quens
969 4784 1095 4853 est
1135 4786 1423 4854 eontra
1466 4784 2087 4876 experientiam,
2144 4789 2225 4858 et

685 4902 979 4971 contra
1040 4899 1568 4972 Aristotelem
1620 4905 1691 4969 in
1742 4905 1867 4968 iseo
1910 4905 2218 4971 secundo.

686 5013 1094 5089 Probatur
1136 5018 1737 5108 consequentia,
1786 5017 1971 5109 quia
2014 5039 2224 5110 saepe

685 5133 775 5205 fit
826 5131 1413 5224 tranquillitas

778 5250 1163 5329 Secundo,
1215 5249 1642 5340 aliquando
1676 5252 1764 5321 fit
1810 5255 2228 5324 terrwmo-

689 5372 845 5448 tus,
901 5386 1061 5436 non
1121 5367 1520 5438 existente
1572 5368 2225 5459 tranquillitatc;

690 5503 889 5572 ergo
934 5482 1494 5574 tranquillitas
1538 5503 1696 5552 non
1739 5490 1862 5556 est
1907 5485 2228 5571 signum

691 5604 1240 5677 terraemotus.
1316 5601 1562 5679 Tenet
1622 5600 2227 5696 consequentia,

1861 385 2007 459 LlB.
2060 395 2129 458 ll.
2178 390 2722 461 ME'l'EOllOllUM

2337 557 2527 650 quia
2587 559 2763 651 Jam
2806 559 3129 652 signum
3175 563 3247 635 id
3291 568 3510 638 esset
3548 564 3871 648 falsum,

2335 680 2417 748 et
2464 696 2625 747 non
2685 682 3030 751 certum.
3081 683 3179 754 Et
3221 682 3697 754 antecedens
3750 704 3877 777 pa·

2336 797 2454 869 tet
2485 799 2556 864 in
2598 800 2722 864 isto
2765 803 3072 870 secundo.

2425 912 2728 994 TertiO,
2794 913 2944 986 hoc
3007 917 3360 988 maxime
3403 922 3641 1000 esset,
3691 921 3877 1011 quia
3935 950 4162 1001 Tertium.

2337 1032 2529 1102 tunc
2583 1033 3000 1108 exhalatio
3054 1037 3605 1110 includeretur
3666 1038 3880 1111 infra

2335 1148 2676 1228 terram,
2725 1148 2858 1220 sed
2901 1154 3243 1242 propter
3292 1151 3444 1224 hoc
3485 1171 3643 1223 non
3698 1178 3713 1221 ε
3760 1174 3880 1223 er-

2340 1281 2467 1352 go,
2548 1269 2702 1338 etc.
2785 1268 3386 1358 Consequentia
3466 1272 3708 1350 tenet,
3800 1277 3881 1344 et

2341 1382 2611 1471 major
2682 1387 2905 1475 patet
2981 1405 3127 1478 per
3205 1386 3738 1463 Aristotelem
3808 1395 3882 1461 in

2335 1503 2463 1568 isto
2525 1503 2832 1573 secundo.
2880 1505 2980 1576 Et
3052 1504 3318 1576 minor
3370 1511 3616 1598 patet,
3695 1509 3885 1600 quia

2341 1617 2900 1707 tranquillitas
2958 1621 3427 1711 potestfieri
3474 1645 3618 1715 per
3671 1625 3882 1698 alias

2336 1752 2626 1806 causas
2671 1756 2913 1827 quam
2967 1757 3110 1829 per
3164 1739 3595 1814 introitum
3644 1742 3883 1815 exha-

2337 1849 2669 1923 lationis
2715 1850 2794 1921 in
2837 1855 3174 1936 terram,
3235 1855 3450 1929 sicut
3508 1876 3655 1948 per
3693 1878 3879 1930 con·

2335 1968 2799 2039 versionem
2843 1966 3388 2043 exhalationis
3435 1971 3511 2043 in
3553 1993 3877 2065 aquam,

2333 2084 2461 2155 vel
2530 2104 2677 2176 per
2755 2086 3462 2178 consumptionem
3535 2090 3790 2182 ipsius
3833 2111 3880 2163 a

2339 2199 2549 2276 Sole.
3483 2287 3489 2293 .

2424 2321 2758 2398 Quarto,
2839 2319 3027 2412 quia
3092 2320 3278 2394 dato
3367 2323 3572 2413 quod
3636 2323 4157 2423 exha-QWWm

2336 2434 2537 2509 latio
2594 2436 3057 2511 includatur
3108 2436 3321 2510 infra
3365 2442 3704 2520 terram,
3754 2441 3879 2513 ad-

2336 2553 2488 2625 hue
2539 2554 2924 2646 possibile
2965 2561 3091 2629 est
3133 2557 3340 2648 quod
3383 2577 3542 2629 non
3594 2557 3883 2631 fortifi-

2334 2674 2570 2743 cetur
2601 2670 2725 2741 vis
2758 2670 2932 2761 ejus
2974 2671 3068 2743 ad
3113 2671 3705 2764 impellendum,
3752 2675 3881 2748 vel

2340 2788 2862 2869 moven‹lum;
2937 2808 3136 2877 ergo
3181 2791 3369 2860 tunc
3428 2809 3589 2872 non
3644 2789 3884 2864 fieret

2338 2908 2888 2985 terraemotus,
2987 2910 3066 2977 et
3154 2925 3298 2997 per
3378 2926 3882 2999 consequens

2338 3021 2900 3112 tranquillitas
2951 3041 3110 3093 non
3154 3027 3278 3094 est
3338 3021 3660 3112 signum
3722 3028 3883 3097 ter-

2343 3144 2761 3213 raemotus.
3255 3157 3258 3158 f

2428 3256 2906 3349 Oppositum
2959 3258 3341 3346 arguitur
3373 3278 3519 3350 per
3570 3259 3885 3333 Aristo-

2340 3373 2581 3445 telem
2616 3377 2689 3440 in
2726 3377 2850 3441 isto
2887 3378 2951 3445 2.
3001 3387 3193 3442 tract.
3239 3378 3303 3444 3.
3349 3400 3495 3464 cap,
3538 3378 3604 3446 2.

2433 3492 2518 3560 In
2555 3490 2708 3563 ista
2754 3491 3198 3582 quaestione
3234 3492 3498 3584 primo
3532 3494 3888 3566 notanda

2341 3612 2529 3682 sunt
2572 3608 2804 3697 signa
2866 3607 3403 3700 praecedentia
3461 3613 3886 3682 terraemo-

2339 3729 2538 3806 tum,
2635 3745 2732 3795 ex
2812 3723 3098 3815 quibus
3188 3724 3500 3799 scilicet
3607 3731 3887 3818 posset

2340 3840 2952 3932 prognosticari
2994 3845 3545 3915 tcrraemotus.
3594 3845 3887 3915 Secun-

2339 3958 2461 4038 do,
2509 3957 3072 4030 enudabuntur
3143 3957 3374 4048 signa
3425 3959 3875 4050 sequentia,

2339 4078 2418 4146 et
2466 4072 2799 4146 effectus
2857 4073 3348 4167 principales
3398 4095 3886 4167 consequen-

2339 4194 2462 4266 tes
2508 4193 3100 4264 terraemotum.

3916 3317 4178 3384 Orroei‘m

2839 4522 3265 4580 ARTlCULUS
3342 4525 3384 4579 1.

2500 4731 2713 4815 Siqua
2750 4729 3198 4814 prm-edentia
3240 4739 3714 4797 lcrraemotum.

2457 4902 2861 4980 Quantum
2961 4899 3055 4969 ad
3149 4898 3541 4990 primum,
3653 4900 3883 4993 ponit
3934 4914 4132 5038 swam

2341 5016 2748 5087 Averroes
2792 5016 2993 5107 quod
3048 5037 3293 5088 unum
3343 5016 3661 5107 signum
3725 5025 3884 5095 ter·
3926 5040 4135 5102 primum

2345 5137 2734 5205 raemotus
2805 5136 2954 5212 est,
3042 5133 3352 5223 quando
3442 5156 3631 5206 aves
3720 5158 3882 5210 non
3925 5111 4156 5218 {Z'j'soem

2344 5250 2499 5320 nisi
2580 5267 2762 5319 cum
2834 5253 3195 5320 tremore
3285 5250 3558 5323 sedent
3640 5274 3885 5346 super

2344 5372 2681 5445 terram,
2731 5364 2840 5436 ita
2888 5366 3092 5456 quod
3147 5366 3426 5438 volant
3484 5368 3885 5440 modicum

2345 5483 2865 5561 ascendendo,
2921 5486 3000 5555 et
3040 5484 3604 5563 descendendo,
3658 5486 3886 5576 quasi

2346 5620 2507 5675 non
2565 5602 2836 5677 essent
2881 5619 3188 5675 securae
3242 5618 3722 5691 permanere
3763 5621 3927 5679 su-·
