4252 6393
1867 403 2228 482 QuAEswe
2276 406 2353 466 1v
3597 405 3713 468 307

498 584 699 641 quam
737 574 905 629 Deus
952 570 1137 630 habet
1184 573 1261 630 de
1309 571 1455 628 aliis
1504 570 1700 627 rebus
1754 572 1931 626 extra
1982 582 2070 635 se,

511 672 855 740 practicam
888 686 1046 728 esse.
1080 671 1353 744 Idipsum
1385 670 1594 728 docuit
1624 671 1690 725 in
1718 672 1768 726 1.
1801 668 1942 725 dist.
1977 668 2067 723 38.

510 776 730 843 quaest.
769 773 979 840 unica,
1012 772 1137 828 alia
1170 774 1365 829 simili
1400 774 1678 843 ratione;
1713 773 1860 843 quia
1893 770 2069 827 scili-

513 873 611 927 cet
637 869 715 925 ad
748 871 1057 927 rationem
1107 872 1385 929 scientim
1433 871 1725 942 practicae
1775 871 2067 942 pertinet,

517 974 582 1025 ut
610 969 921 1026 voluntati
953 969 1163 1038 dictet,
1197 976 1304 1028 aut
1331 974 1632 1043 proponat
1682 970 1924 1041 aliquid
1975 968 2068 1028 sa-

514 1068 834 1139 ciendum‚
894 1068 1081 1126 aliter
1107 1070 1301 1136 enim,
1333 1084 1476 1125 cum
1526 1071 1798 1138 cognitio
1829 1084 2068 1141 praece-

514 1166 618 1222 dat
643 1182 895 1224 emnem
927 1172 1132 1225 actum
1184 1167 1547 1236 voluntatis,
1598 1170 1888 1225 voluntas
1948 1184 2066 1225 nen

515 1266 742 1334 peterit
772 1280 895 1322 non
927 1266 1116 1333 velle,
1150 1266 1315 1338 quod
1345 1268 1703 1325 intellectus
1726 1270 1809 1324 ita
1844 1281 2070 1339 prepo-

518 1364 624 1430 nit,
655 1369 715 1421 et
746 1365 1010 1435 proinde
1071 1368 1230 1421 Deus
1260 1367 1613 1422 necessarie
1645 1365 1943 1422 voluisset
1975 1365 2068 1421 sa-

516 1478 661 1519 cere
692 1480 833 1535 quae
864 1465 1012 1523 fecit
1040 1465 1209 1522 circa
1242 1471 1584 1523 creaturas.
1635 1469 1698 1522 In
1746 1467 2067 1537 praecitata

514 1564 724 1616 tamen
756 1566 977 1632 quaest.
1011 1564 1064 1617 4.
1098 1564 1362 1634 prologi,
1393 1569 1448 1629 §-
1483 1566 1569 1619 Aa
1596 1569 1866 1634 quartum
1898 1566 2065 1632 posset

516 1660 754 1725 concedi,
788 1664 964 1731 putat
994 1659 1403 1731 probabiliter
1432 1677 1608 1733 pesse
1647 1661 1905 1719 defendi
1960 1660 2064 1717 Dei

515 1757 841 1814 scientiam
891 1757 1061 1814 circa
1092 1760 1466 1827 necessaria,
1518 1774 1654 1816 esse
1702 1761 2066 1831 practicam,

519 1868 638 1909 non
669 1853 832 1924 quod
861 1855 944 1911 sit
973 1854 1049 1911 de
1097 1871 1283 1928 opere
1342 1857 1555 1929 aliquo
1604 1858 1909 1930 faciende,
1960 1859 2068 1914 sed

517 1951 663 2020 quia
715 1951 1016 2021 praecedit
1062 1954 1375 2022 affectum,
1428 1956 1761 2027 ipsumque
1812 1960 2064 2012 movet:

517 2053 577 2104 et
606 2048 854 2105 tandem
888 2048 1142 2115 ibidem,
1192 2057 1246 2117 §-
1282 2052 1365 2107 Aa
1412 2061 1816 2122 arqumentum
1864 2056 2066 2123 ἱρέων,

514 2147 729 2204 statuit
774 2145 1082 2218 quoddam
1131 2149 1517 2219 principium
1570 2150 1938 2220 ambiguum
1993 2167 2069 2207 ex

517 2250 692 2314 parte
721 2246 1063 2302 voluntatis
1094 2263 1109 2315 3
1146 2249 1239 2302 Au
1272 2248 1518 2304 scilicet
1548 2248 1766 2305 velitio
1800 2249 1880 2305 sit
1909 2248 2071 2304 diri-

519 2341 756 2410 gibilis,
790 2357 897 2399 seu
941 2343 1316 2412 regulabilis
1365 2346 1503 2413 hoc,
1553 2347 1655 2402 vel
1708 2347 1819 2404 illo
1868 2346 2067 2415 medo,

516 2455 592 2495 ex
625 2455 747 2510 que
776 2440 1183 2511 probabiliter
1213 2444 1300 2501 ait
1325 2449 1651 2516 utramque
1686 2450 1927 2517 partem
1960 2445 2071 2502 de-

515 2537 689 2594 fendi
723 2553 921 2610 posse.
956 2540 1212 2607 Deinde,
1243 2546 1298 2607 ἓ.
1346 2542 1631 2599 Secundus
1681 2547 1979 2613 articulus,
2012 2551 2075 2605 et

514 2637 839 2708 deincepS,
874 2639 1073 2707 magis
1102 2639 1365 2697 inclinat
1395 2642 1461 2697 in
1492 2657 1629 2699 eam
1672 2645 2069 2711 sententiam,

513 2734 682 2805 quod
712 2737 972 2793 scientia
1004 2740 1500 2807 contingentium
1537 2742 1597 2796 in
1635 2744 1755 2798 Deo
1785 2744 1865 2799 sit
1900 2756 2070 2798 mere

510 2834 925 2902 speculativa,
959 2836 1108 2893 licet
1155 2836 1411 2893 aliunde
1486 2842 1548 2895 et
1592 2853 1706 2910 per
1754 2841 2069 2909 accidenS,

514 2932 713 3001 possit
741 2946 873 2987 esse
906 2936 1200 3003 practica.

896 3223 1141 3280 ARTIC.
1204 3225 1246 3280 1.
1333 3225 1535 3281 SECT.
1598 3226 1695 3280 111.

516 3409 731 3474 Deum
760 3429 897 3474 nen
925 3430 1121 3496 ayerc
1151 3431 1234 3474 ea:
1264 3412 1646 3476 necessitate
1676 3412 2065 3480 veluntatis,

2176 567 2513 659 jectum,
2575 571 2656 641 et
2711 588 2873 640 nen
2933 567 3202 642 fertur
3256 568 3724 640 necessarie

2186 686 2265 757 in
2329 685 2491 766 ill'a,
2566 706 2739 778 quae
2801 684 3095 759 habent
3145 684 3723 758 accidentalem

2185 802 2548 875 ordinem
2601 802 2694 874 ad
2747 802 2939 874 illud
2994 802 3423 894 objectum.
3481 801 3723 873 Verbi

2182 920 2497 1011 gratia,
2584 920 3042 993 intellectus
3119 924 3403 993 nester
3473 918 3724 1011 perci-

2180 1035 2408 1129 piens
2497 1036 2960 1108 naturalem
3065 1035 3498 1109 veritatem
3587 1036 3725 1108 ali-

2182 1173 2529 1245 quorum
2579 1153 3179 1245 principiorum
3232 1152 3718 1245 primorum,

2183 1271 2530 1364 percipit
2579 1270 3076 1343 naturaliter
3126 1270 3719 1350 conclusiones,

2181 1408 2356 1479 qua}
2390 1409 2486 1458 ex
2525 1387 2686 1458 illis
2720 1387 3162 1459 eliciuntur
3228 1386 3723 1473 necessarie,

2179 1523 2338 1575 nen
2382 1507 2651 1576 autem
2706 1504 2914 1585 illas
2973 1523 3147 1593 quae
3190 1501 3484 1575 habent
3517 1501 3720 1573 acci-

2179 1619 2578 1691 dentalem
2653 1618 3014 1691 ordinem
3076 1619 3171 1689 ad
3234 1619 3373 1689 illa
3434 1617 3724 1709 princi·

2181 1735 2337 1828 pia,
2396 1735 2557 1807 ime
2606 1736 3202 1825 contingenter.
3270 1736 3438 1806 Hoc
3503 1738 3724 1827 patet

2181 1853 2261 1925 in
2294 1853 2604 1925 viribus
2638 1852 3086 1934 sensitivis;
3125 1852 3312 1943 quia
3347 1852 3510 1931 illa,
3551 1873 3722 1942 qum

2182 1977 2370 2045 sunt
2409 1970 2965 2044 essentialiter
3006 1989 3321 2041 annexa
3366 1969 3724 2062 propriis

2185 2087 2549 2179 objectis,
2613 2085 3113 2158 naturaliter
3172 2085 3416 2156 simul
3472 2084 3723 2177 perci·

2184 2202 2416 2294 piunt
2498 2222 2678 2274 cuni
2804 2200 3170 2291 objectiS‚
3290 2205 3376 2273 ut
3456 2204 3724 2273 tactus

2185 2318 2600 2392 sentiendo
2650 2317 3025 2399 calidum,
3082 2316 3324 2388 simul
3378 2318 3725 2410 percipit

2184 2433 2540 2525 tepidum
2576 2459 2590 2503 ε
2625 2432 3242 2505 accidentaliter
3282 2436 3552 2506 autem
3595 2452 3725 2502 an-

2182 2572 2392 2624 nexa
2440 2571 2598 2622 non
2661 2550 3122 2643 percipiunt
3184 2550 3450 2630 simul,
3517 2554 3603 2621 ut
3659 2549 3727 2620 si

2184 2668 2533 2741 calidum
2585 2666 2692 2739 sit
2746 2666 3015 2737 album
3086 2667 3211 2737 vel
3267 2666 3518 2747 dulce,
3566 2685 3725 2735 nen

2187 2784 2648 2878 percipiunt
2691 2783 2856 2855 illa.
2904 2788 3171 2865 Quare
3222 2803 3403 2855 cum
3453 2782 3729 2853 velun-

2186 2906 2314 2974 tas
2355 2902 2498 2973 Dei
2532 2921 2691 2972 nen
2738 2901 3056 2973 feratur
3099 2920 3242 2991 per
3283 2921 3392 2979 se,
3437 2898 3593 2969 nisi
3637 2901 3728 2970 ad

2185 3017 2483 3089 benum
2521 3017 3062 3108 adaequatum,
3112 3016 3315 3105 qued
3360 3020 3484 3087 cst
3514 3015 3731 3088 beni-

2189 3137 2316 3206 tas
2376 3154 2545 3216 sua‚
2602 3153 2760 3206 nen
2823 3131 3090 3205 fertur
3148 3131 3242 3202 ad
3303 3131 3728 3203 volendum

2186 3245 2684 3331 necessarie,
2740 3247 2896 3319 nisi
2950 3248 3112 3330 illa,
3162 3269 3337 3339 quae
3382 3269 3546 3319 suae
3599 3248 3730 3320 be·

2187 3366 2429 3440 nitati
2475 3364 3030 3438 essentialiter
3074 3384 3412 3445 annexa,
3462 3364 3732 3454 qualia

2189 3489 2376 3558 sunt
2420 3484 2692 3555 omnia
2731 3482 3025 3563 divina,
3079 3487 3159 3556 ct
3220 3483 3395 3554 sela
3449 3483 3729 3555 intrin-

253 3656 336 3706 10·
615 3603 836 3684 Quod
903 3623 1063 3675 nen
1133 3608 1328 3695 agat
1395 3607 1883 3680 necessitate
1940 3631 2071 3680 ve·
2191 3622 2400 3673 seca.
2484 3600 2761 3674 Omnis
2840 3602 3112 3671 autem
3183 3603 3570 3672 creatura
3637 3602 3731 3671 ad

145 3719 469 3829 ffsspss‘ffss‘g
518 3718 892 3799 luntatis,
940 3721 1381 3792 seeundum
1416 3724 1623 3812 qued
1664 3723 1858 3797 dicit
1894 3725 2070 3796 Avi·
2187 3717 2635 3792 benitatem
2689 3715 2834 3789 Dei
2882 3715 3460 3788 accidentalem
3496 3716 3732 3791 hahet

160 3847 489 3891 ”etenira-³
514 3854 807 3915 cenna;
846 3835 1054 3925 qued
1085 3857 1206 3916 ee,
1244 3838 1450 3928 qued
1486 3839 1828 3912 scientia
1860 3861 2072 3913 cem·
2193 3835 2582 3915 ordinem,
2637 3832 2824 3924 quia
2865 3853 2961 3903 ex
3011 3833 3127 3903 eis
3176 3832 3525 3906 bonitati
3568 3855 3732 3904 sum

132 3909 475 3956 Amemoe'
523 3950 945 4043 prehendit
980 3951 1402 4024 meliorem
1431 3957 1754 4027 medum
1777 3956 1855 4028 in
1890 3979 2071 4051 pre-

514 4067 921 4150 ductiene,
1000 4068 1384 4142 veluntas
1491 4077 1765 4145 autem
1846 4078 2075 4147 reeta

517 4187 602 4256 et
700 4183 1100 4275 perfecta,
1189 4186 1681 4262 necessitate
1777 4190 2072 4263 saltem

516 4299 1241 4383 immutabilitatis,
1326 4324 1649 4396 semper
1716 4304 2074 4381 adhaeret

522 4417 827 4491 rationi
894 4424 976 4493 et
1055 4421 1451 4503 scicntiae;
1527 4444 1620 4495 ac
1701 4445 1847 4517 per
1917 4424 2068 4499 hec

516 4532 900 4607 voluntas
979 4536 1124 4609 Dei
1193 4537 1367 4612 vult
1445 4536 2076 4613 immutabiliter

520 4669 654 4721 res
725 4652 1171 4742 producere
1245 4655 1682 4727 secundum
1747 4656 2073 4728 medum

524 4766 975 4850 meliorem,
1044 4790 1280 4862 quem
1323 4771 1667 4844 scientia
1712 4792 1857 4843 sua
1900 4793 2073 4865 per-

519 4882 744 4974 cipit.
854 4889 1166 4960 Contra
1276 4913 1290 4956 ε
1403 4888 2073 4980 quandocumque

519 5000 932 5084 veluntaS,
1011 5003 1141 5075 vel
1228 5003 1392 5075 alia
1471 5004 1861 5095 petentia,
1929 5027 2075 5098 per

516 5139 607 5189 se
695 5118 966 5192 fertur
1064 5119 1145 5190 in
1241 5119 1567 5211 aliquod
1665 5121 2072 5213 objectum

518 5235 896 5318 formale,
960 5235 1261 5308 habens
1332 5237 1883 5311 habitudinem
1944 5259 2073 5311 nc-

515 5354 973 5427 cessariam
1029 5354 1123 5425 ad
1184 5353 1402 5435 illud,
1465 5358 1653 5429 tunc
1706 5376 2075 5428 necessa-

519 5469 648 5540 rio
704 5468 977 5542 fertur
1041 5467 1119 5539 in
1179 5467 1345 5550 illa,
1403 5490 1579 5561 quae
1622 5471 1914 5544 habent
1955 5494 2075 5542 es-

518 5586 951 5660 sentialem
989 5584 1537 5659 habitudinem
1580 5588 1673 5658 ad
1717 5587 1910 5659 illud
1946 5587 2072 5658 eb-

2189 3950 2391 4022 nihil
2461 3948 2792 4030 accedit,
2883 3947 3095 4020 sicut
3161 3969 3305 4020 nec
3389 3955 3733 4041 punctus

2191 4065 2505 4137 additus
2540 4063 2768 4134 lineae
2815 4089 2828 4132 :
2879 4065 3102 4136 nulla
3143 4085 3342 4154 erge
3394 4067 3733 4137 necessi-

2190 4184 2361 4254 tate
2409 4181 2584 4253 vult
2630 4179 2929 4271 aliquid
2979 4182 3561 4263 extrinsecum,
3626 4182 3736 4254 ni·

2191 4297 2304 4370 hil
2365 4298 2588 4379 facit,
2655 4296 2810 4368 nisi
2874 4298 3081 4388 qued
3138 4298 3338 4380 vult,
3393 4302 3473 4372 ct
3525 4299 3736 4372 sicut

2192 4416 2408 4496 vult;
2508 4436 2708 4506 erge
2770 4406 2967 4486 nihil
3020 4415 3576 4488 extrinsecum
3629 4417 3735 4488 fa-

2193 4531 2331 4611 cit,
2368 4530 2494 4602 vel
2543 4529 2915 4622 producit
2955 4530 3044 4600 de
3085 4530 3598 4602 necessitate.

2692 4865 3121 4922 ARTICULUS
3186 4868 3254 4922 11.

2192 5049 2549 5126 Statuitur,
2612 5056 2671 5110 et
2724 5045 3164 5126 confirmatur
3218 5051 3546 5114 sententia
3610 5051 3734 5115 Ca·

2754 5163 3170 5230 [lecticorum.

2284 5356 2668 5448 Sequitur
2701 5357 3071 5438 secunde,
3119 5357 3388 5432 videre
3423 5381 3594 5451 quae
3630 5361 3736 5435 sit

2192 5473 2497 5567 positio
2542 5472 3182 5555 Catholicerum,
3219 5479 3298 5548 et
3330 5496 3508 5547 eam
3549 5497 3733 5549 cen·

2191 5593 2550 5664 firmare.
2615 5589 2853 5664 Circa
2900 5590 3106 5681 qued
3150 5595 3335 5664 sunt
3387 5593 3736 5687 quinque

3884 5384 3957 5434 1¹.
