4252 6393
1746 440 2107 514 Qua-:svo
2158 442 2237 505 lx
3503 448 3581 516 39

385 600 653 672 siones
702 600 1009 690 ignitae.
1041 602 1560 690 Consequens
1596 596 1930 679 salsum;

382 736 566 788 nam
611 716 724 788 ibi
769 719 961 790 sunt
993 715 1391 793 tonitrua,
1438 712 1792 803 fulgura,
1854 719 1934 788 et

379 831 1027 914 coruscationes,
1057 836 1144 906 ut
1186 834 1412 924 patet
1445 849 1590 922 per
1620 831 1933 904 Aristo·

370 950 646 1037 telem.
683 950 936 1024 Tenet
960 947 1562 1041 consequentia,
1593 948 1781 1040 quia
1803 969 1932 1020 ex-

382 1068 842 1159 halationes
877 1069 1040 1142 illae
1082 1067 1366 1143 statim
1407 1067 1931 1157 congelaren-

382 1190 513 1260 tur
544 1207 591 1257 a
625 1185 1082 1278 frigiditate
1124 1184 1400 1256 mediae
1426 1182 1812 1273 regioniS,
1850 1186 1930 1255 et

386 1303 963 1396 prohiberetur
1009 1322 1296 1376 eorum
1344 1300 1922 1382 inflammatio;

388 1419 553 1492 ideo
598 1418 862 1492 media
896 1418 1126 1509 regio
1159 1418 1378 1490 aeris
1412 1436 1573 1490 non
1605 1437 1928 1509 semper

381 1539 505 1609 est
544 1535 809 1607 calida
854 1561 869 1605 z
904 1554 1106 1624 ergo
1141 1554 1287 1606 nec
1329 1532 1653 1624 frigida.

118 1671 301 1731 oppos«.
469 1650 955 1745 Oppositum
994 1649 1380 1741 arguitur
1422 1669 1566 1742 per
1610 1649 1925 1741 exposi-

381 1771 604 1841 tores
650 1768 730 1840 in
765 1767 923 1841 isto
966 1765 1260 1859 primo.

470 1885 559 1956 In
594 1884 757 1959 ista
787 1882 1238 1975 quaestione
1262 1882 1429 1957 tria
1452 1886 1639 1957 sunt
1661 1883 1924 1956 viden·

371 2003 492 2074 da.
524 2003 804 2075 Primo
836 2003 928 2076 de
948 2000 1470 2076 distinctione
1498 2000 1921 2089 regionum

375 2120 597 2192 aeris
631 2120 1070 2193 secundum
1095 2119 1369 2201 situm,
1408 2118 1916 2211 qualitatem,

354 2239 454 2309 'et
496 2234 877 2325 figuram.
925 2233 1287 2308 Secundo
1327 2232 1417 2304 de
1469 2230 1920 2323 frigiditate

376 2350 655 2425 mediae
726 2349 1115 2443 regionis,
1183 2354 1265 2424 et
1331 2348 1422 2421 de
1481 2347 1752 2421 causis
1811 2345 1920 2440 ip-

372 2467 570 2549 sius,
600 2472 896 2558 agente
913 2471 994 2542 et
1024 2466 1274 2539 finali.
1311 2465 1615 2546 Tertio,
1657 2483 1920 2537 move·

371 2585 677 2663 buntur
715 2585 953 2657 dubia
985 2587 1276 2657 contra
1306 2582 1550 2656 (licta.

863 2838 1291 2895 ARTICULUS
1385 2839 1428 2893 1.

366 3096 464 3160 De
481 3093 918 3160 diseivweione
948 3093 1295 3210 reqionum
1324 3094 1525 3172 aeris·‚
1560 3091 1918 3160 secundnm

572 3213 800 3290 situm,
847 3210 1263 3297 qualitatem,
1298 3219 1359 3275 el
1384 3210 1699 3297 liqui-am.

173 3438 212 3509 ,⁴-
453 3411 867 3489 Quantum
917 3408 1012 3479 ad
1082 3405 1440 3499 primum
1508 3408 1916 3481 sciendum

84 3501 337 3612 ‘‡{''¹·,⁸„„‘¹,'‚‘⁸
362 3527 518 3606 est,
552 3525 762 3616 quod
796 3526 975 3598 tota
1012 3522 1334 3616 sphaera
1374 3524 1591 3598 aeris
1637 3525 1918 3618 imagi·

156 3625 287 3675 '⁴¹²⁰‘
366 3650 618 3719 natur
645 3641 895 3715 dividi
924 3641 1003 3714 in
1036 3646 1210 3717 tres
1236 3648 1540 3737 partes,
1570 3663 1913 3737 quarum

368 3761 638 3858 prima
676 3762 809 3844 ⁴est
851 3757 1200 3832 inferior
1239 3759 1464 3832 cirea
1513 3780 1689 3843 nos,
1735 3781 1913 3854 quac

365 3879 655 3972 incipit
688 3898 738 3950 a
769 3876 1200 3970 superficie
1235 3880 1509 3960 terrae,
1539 3881 1621 3952 et
1650 3898 1906 3970 aquae,

359 3994 686 4067 elevata
717 3991 1096 4084 superius
1147 3993 1586 4064 secundum
1634 3993 1910 4085 spissi·

357 4112 721 4185 tudinem
752 4129 1006 4202 usque
1037 4108 1135 4181 ad
1178 4106 1426 4182 istum
1471 4107 1767 4191 locum,
1813 4113 1909 4184 ad

355 4247 601 4322 quam
653 4225 1211 4302 terminantur
1272 4224 1480 4299 radii
1526 4227 1736 4300 Solis
1789 4250 1905 4302 re-

350 4345 601 4420 fracti
633 4364 683 4415 a
714 4348 968 4418 terra.
1033 4345 1136 4416 Et
1185 4342 1325 4416 illa
1366 4343 1633 4436 prima
1678 4346 1904 4437 regio

353 4464 743 4539 continue
787 4465 1160 4537 mutatur
1200 4460 1301 4532 ab
1355 4480 1516 4534 una
1567 4462 1903 4555 disposi-

355 4584 579 4657 tione
624 4580 707 4654 in
748 4578 1022 4659 aliam,
1088 4581 1430 4671 propter
1495 4579 1904 4654 actionem

358 4698 963 4771 elementorum
992 4693 1509 4785 frigidorum,
1558 4699 1640 4771 et
1673 4717 1908 4790 prop-

363 4821 495 4890 ter
526 4813 941 4887 actionem
959 4829 1405 4903 corporum
1427 4812 1907 4888 coelestium.

100 4971 319 5027 Qum,
460 4930 611 5006 Sed
652 4932 839 5022 post
906 4928 1150 5002 istam
1199 4930 1325 5002 est
1383 4929 1640 5002 media
1684 4934 1916 5025 regio

373 5050 621 5131 aeris,
670 5068 846 5141 quae
872 5046 1158 5139 incipit
1188 5066 1235 5118 a
1269 5050 1505 5139 parte
1539 5047 1918 5125 inferiori

375 5168 451 5239 in
489 5166 634 5239 illo
678 5165 885 5247 loco,
931 5164 1028 5235 ad
1081 5183 1316 5255 quem
1361 5165 1921 5241 terminantur

374 5285 582 5357 radii
602 5281 819 5357 Solis
847 5279 1188 5355 refracti
1213 5301 1260 5352 a
1292 5285 1545 5364 terra,
1567 5286 1649 5357 et
1679 5284 1922 5359 durat

372 5400 815 5474 secundum
859 5398 1468 5491 spissitudinem
1520 5421 1772 5493 usque
1826 5402 1922 5475 ad

372 5519 646 5591 locum
716 5516 978 5599 illum,
1050 5515 1145 5589 ad
1213 5536 1451 5609 quem
1519 5517 1923 5596 altissime

376 5637 724 5729 possunt
750 5632 1181 5705 ascendere
1200 5631 1483 5715 nubes;
1521 5637 1603 5708 et
1626 5633 1780 5709 hoc
1800 5639 1924 5713 est

2046 600 2212 674 alte
2243 622 2291 674 a
2334 605 2558 676 terra
2597 626 2741 697 per
2769 608 3308 699 quadraginta
3345 630 3592 683 unum

2049 717 2465 800 milliaria,
2505 722 3052 815 quadraginta
3103 730 3377 800 autem
3449 724 3588 800 mi·

2046 838 2269 915 nuta,
2305 841 2384 911 et
2413 839 2524 910 31.
2564 841 2938 921 secunda,
2984 846 3072 915 ut
3115 843 3290 916 vult
3353 844 3587 916 Alha-

2044 973 2287 1024 zenus
2339 957 2411 1022 in
2451 968 2666 1024 tractu
2721 958 2804 1025 de
2843 963 3252 1048 crepitat-ule,
3287 966 3367 1033 et
3428 961 3588 1034 ista

2046 1069 2304 1140 media
2349 1070 2573 1161 regio
2633 1072 2876 1152 aeris,
2922 1074 3049 1144 vel
3091 1074 3365 1167 aliqua
3412 1076 3586 1169 ejus
3641 1142 3677 1160 ,.

2045 1202 2236 1275 pars
2266 1207 2588 1279 semper
2630 1191 2794 1261 stat
2825 1189 2905 1260 in
2934 1189 3210 1262 eadem
3250 1190 3587 1284 disposi-

2044 1301 2289 1383 tione,
2381 1302 2570 1395 quia
2657 1325 2984 1399 semper
3059 1311 3184 1380 est
3256 1307 3579 1399 frigida.

2042 1417 2363 1499 Deinde,
2414 1440 2605 1511 pars
2649 1420 2893 1502 aeris,
2951 1444 3125 1514 quae
3167 1428 3290 1497 est
3324 1424 3423 1496 ab
3463 1445 3584 1497 as·

2037 1535 2416 1608 censione
2436 1536 2765 1610 nubium
2792 1559 3043 1630 usque
3062 1540 3156 1611 ad
3177 1539 3581 1632 sphaeram

2039 1650 2277 1742 ignis,
2300 1654 2625 1726 videtur
2647 1674 3034 1747 suprema
3067 1656 3295 1746 regio
3329 1659 3577 1740 aeris,

2034 1766 2266 1858 quus
2294 1788 2484 1859 pars
2538 1768 2882 1846 inferior
2905 1770 3105 1845 satis
3133 1790 3427 1863 magna
3451 1772 3583 1844 ha-

2035 1880 2168 1954 bet
2199 1882 2777 1976 dispositiones
2820 1886 3266 1969 naturales,
3304 1884 3598 1960 secun-‘

2033 1996 2219 2069 dum
2283 2000 2490 2090 quod
2533 2020 2677 2072 aer
2723 2001 2978 2091 exigit
3024 2001 3103 2073 in
3144 2021 3292 2073 sua
3352 2006 3580 2078 natu-

2039 2113 2454 2187 ralissima
2520 2116 3079 2209 dispositione.
3161 2117 3308 2191 Sed
3385 2140 3576 2213 pars

2035 2232 2846 2325 superiorilliustam
2869 2240 3571 2329 proptermotum,

2034 2368 2275 2442 quam
2345 2349 3043 2443 propinquitatem
3110 2353 3206 2425 ad
3275 2350 3570 2444 ignem,

2034 2485 2359 2559 semper
2397 2471 2522 2564 est
2582 2466 2866 2551 calida,
2920 2471 3001 2543 et
3061 2467 3302 2551 sicea,
3364 2469 3574 2543 etde

2033 2582 2196 2657 ista
2241 2588 2474 2676 parte
2537 2584 2732 2657 dicit
2773 2584 3264 2660 Aristoteles
3324 2587 3399 2655 in
3451 2589 3576 2654 iseo

2026 2706 2277 2791 primo,
2314 2702 2521 2794 quod
2562 2704 2689 2776 est
2744 2701 2968 2775 velut
3020 2700 3270 2792 ignis,
3308 2705 3389 2777 et
3418 2699 3570 2774 hoc

2030 2821 2156 2891 est
2196 2839 2480 2890 verum
2525 2822 2915 2909 quantum
2975 2816 3069 2889 ad
3117 2817 3577 2910 dispositio-
3643 2896 3646 2897 ⁷
3691 2914 3699 2920 ,

2026 2955 2172 3024 nes
2206 2933 2760 3027 qualitativas.
2810 2936 3046 3008 Patet
3099 2933 3356 3025 igitur
3387 2952 3574 3026 qua-

2030 3054 2224 3127 liter
2281 3052 2459 3125 istae
2528 3052 2902 3142 regiones
2963 3050 3577 3142 distinguuntur

2031 3171 2465 3245 secundum
2500 3169 2774 3251 situm,
2810 3172 2890 3243 et
2931 3168 3434 3261 qualitatem.

2110 3290 2256 3360 Sed
2294 3287 2738 3368 dubitatur,
2802 3306 2986 3360 eum
3049 3286 3308 3360 media
3348 3287 3568 3361 aeris

2035 3404 2263 3494 regio
2307 3403 2644 3496 incipiat
2685 3423 2732 3474 a
2775 3405 3009 3494 parte
3052 3401 3452 3486 inferiori,
3490 3403 3572 3476 in

2030 3521 2210 3595 loco
2254 3520 2439 3603 isto,
2493 3499 2589 3591 ad
2633 3538 2867 3610 quom
2919 3518 3125 3591 radii
3183 3518 3397 3593 Solis
3451 3536 3614 3591 re:

2028 3637 2273 3713 fracti
2313 3658 2362 3709 a
2404 3640 2632 3712 terra
2663 3634 3244 3718 terminantur,
3289 3654 3568 3728 quaero

2024 3757 2159 3830 ubi
2180 3759 2306 3830 est
2336 3757 2590 3837 locus,
2627 3753 2723 3826 ad
2751 3772 2984 3845 quem
3017 3753 3571 3829 terminantur

2025 3873 2145 3948 illi
2180 3872 2435 3946 radii?
3227 3935 3230 3938 ,

2111 3990 2498 4070 Secundo,
2544 3992 2826 4062 utrum
2862 3985 2943 4059 in
2978 3988 3196 4062 omni
3233 3987 3567 4079 regione
3598 4001 3902 4054 Secundum

2021 4107 2541 4182 ascensiones
2642 4105 2975 4181 nubium
3071 4107 3261 4181 sunt
3341 4125 3568 4200 aeque

2019 4226 2236 4301 alte?
3563 4281 3566 4284 ι

2105 4344 2384 4419 Tertio
2414 4342 2833 4417 dubitatur
2860 4340 2953 4413 de
2982 4340 3248 4434 figura
3281 4340 3560 4416 mediae
3620 4353 3881 4406 Tertium-

2021 4462 2409 4555 regionis

2040 4653 2044 4657 Α
2106 4583 2509 4665 Quantum
2550 4578 2647 4650 ad
2695 4574 3077 4671 primum,
3127 4575 3303 4652 dico
3346 4580 3555 4671 quod
3604 4591 3693 4645 ,ω
3725 4591 3912 4668 aaut.

2021 4700 2102 4774 in
2169 4696 2512 4772 diversis
2588 4695 2957 4789 partibus
3033 4699 3280 4771 terrae
3351 4699 3556 4773 radii
3606 4656 3890 4792 Ῑῗεῗῗᾷνεεῗ

2028 4816 2166 4890 isti
2218 4815 2296 4886 in
2344 4813 2687 4886 diversis
2729 4811 2936 4886 locis
2977 4814 3556 4898 terminantur,
3590 4789 3916 4894 ‘mauman-

2030 4928 2463 5005 secundum
2508 4928 2715 5020 quod
2757 4929 2889 5001 Sol
2929 4929 3217 5019 magis,
3252 4932 3378 5003 vel
3430 4933 3570 5007 mi·

2030 5069 2180 5120 nus
2258 5047 2349 5120 de
2435 5044 2744 5117 directo
2830 5045 3126 5137 aspicit
3211 5047 3570 5141 aliquam

2033 5167 2351 5258 partem
2396 5165 2670 5235 terrae.
2715 5161 2922 5233 Nam
2975 5167 3279 5254 quanto
3325 5164 3576 5239 direc-

2031 5279 2196 5355 tius
2221 5277 2558 5370 respicit
2579 5276 2936 5368 aliquam
2970 5281 3308 5362 terram,
3343 5285 3575 5355 tanto

2034 5395 2240 5469 radii
2284 5394 2537 5487 ipsius
2598 5395 2698 5467 ab
2738 5394 2914 5487 ipsa
2955 5399 3188 5469 terra
3237 5396 3578 5472 refracti
3783 5492 3806 5500 ..

2032 5513 2281 5587 altius
2358 5512 2938 5588 terminantur.
3009 5513 3257 5606 Cujus
3326 5533 3577 5587 causa
3631 5559 3676 5606 ρ,

2032 5636 2183 5715 est,
2231 5632 2434 5724 quod
2469 5635 2770 5724 quanto
2815 5630 3110 5714 radiuS,
3175 5630 3577 5706 mediante
3666 5659 3715 5666 ·“
3777 5661 3780 5662 ’
3883 5669 3892 5676 .

3594 3287 3830 3400 Βιιὸῗὶιιη
3863 3349 3910 3401 1.
