4252 6393
428 1645 444 1661 ⁰
467 1640 726 1693 ariditas.

526 4214 603 4264 ¹2.

459 4281 704 4331 Sextum.

765 409 883 474 214

754 571 1022 644 bustio
1049 591 1206 642 non
1237 575 1362 644 est
1385 574 1575 643 natu
1593 567 1823 651 ralis;
1864 569 2119 660 igitur
2152 588 2294 639 nee

756 686 1271 780 putrefactio,
1339 707 1521 759 eum
1576 687 1738 759 sint
1780 686 1872 756 ad
1929 686 2295 758 eumdem

758 805 1198 877 terminum
1250 804 1510 884 ambe,
1574 803 1945 875 videlicet
2005 803 2098 873 ad
2159 802 2295 873 ini·

756 921 958 994 tium
1003 920 1445 993 actionum.
1507 923 1604 992 Et
1660 921 1774 992 sic
1831 923 2099 1011 potest
2142 919 2296 991 dici

757 1037 959 1128 quod
997 1037 1102 1109 sit
1150 1037 1535 1117 violenta,
1591 1036 1778 1128 quia
1831 1035 2295 1128 oppositum

755 1151 949 1225 dicit
984 1152 1474 1225 Aristoteles
1530 1152 1604 1223 in
1641 1152 1944 1231 littera,
1991 1151 2298 1243 capitu-

759 1269 835 1340 lo
910 1273 976 1340 2.
1072 1269 1314 1361 primi
1377 1272 1808 1349 tractatus,
1857 1268 2298 1341 commenti

760 1386 1058 1476 quarti,
1097 1387 1228 1458 ubi
1270 1386 1461 1458 (icit
1498 1412 1510 1454 :
1578 1388 1809 1453 Omnis
1860 1390 2036 1454 cuim
2073 1409 2300 1454 secuu-

759 1504 916 1569 dum
957 1516 1266 1572 naturum
1324 1506 1685 1590 cor-ruptae,
1738 1504 1828 1569 (ui
1858 1506 1977 1569 hoc
2027 1505 2137 1569 via
2178 1515 2293 1583 esc,

759 1632 922 1706 puta
961 1634 1276 1700 senc-clus,
1322 1633 1381 1686 e!
1420 1623 1736 1687 anansis‘
1799 1619 1899 1707 (id
1961 1621 2109 1698 est,
2174 1639 2299 1689 vo-

765 1741 1031 1810 tustns
1072 1737 1148 1810 in
1187 1736 1514 1829 plantis)
1547 1740 1706 1822 finis
1743 1750 1961 1804 mrtem
2003 1739 2301 1804 omnium

759 1857 1071 1931 aliorum,
1110 1866 1171 1920 ec
1220 1857 1455 1920 horum
1502 1854 1807 1942 putrecIO,
1851 1856 1989 1921 nisi
2035 1854 2300 1941 aliquid

761 1973 1074 2037 violeu.'ia
1131 1984 1620 2059 corrumpatur,
1697 1983 1763 2037 u!
1830 1972 2290 2050 combustione,

758 2090 911 2161 ete.

849 2190 1249 2278 Similiter
1297 2205 1570 2278 dicunt
1635 2225 1911 2275 omnes
1969 2204 2298 2297 Exposi-

760 2326 1011 2405 tores,
1058 2327 1136 2396 et
1201 2322 1693 2415 putrefactio
1747 2344 1903 2393 non
1961 2326 2084 2395 est
2135 2322 2297 2393 vio-

759 2441 1002 2521 lenta,
1051 2440 1237 2530 quia
1273 2440 1534 2528 magis
1579 2440 2036 2511 combustio
2078 2445 2297 2512 esset

760 2557 1118 2629 violenta
1174 2555 1608 2627 secundum
1660 2555 2024 2627 litteram
2079 2555 2298 2626 Aris-

763 2672 1040 2745 totelis
1092 2672 1264 2764 jam
1323 2672 1672 2744 dictam:
1744 2672 1875 2742 sed
1948 2670 2097 2743 hoc
2156 2672 2297 2743 fal·

763 2807 966 2866 sum,
1018 2787 1205 2878 quia
1264 2785 1722 2860 combustio
1769 2790 1893 2859 est
1935 2787 2300 2860 velocior

762 2904 841 2975 in
902 2903 1076 2985 fine,
1135 2925 1373 2995 quam
1423 2903 1498 2975 in
1547 2904 1980 2997 principio,
2029 2909 2116 2977 ut
2170 2927 2296 2997 pa-

760 3024 901 3092 tet.

853 3136 1248 3211 Similiter
1302 3138 1746 3212 intenditur
1801 3139 2300 3214 naturaliter

763 3258 850 3327 ut
885 3274 1027 3345 per
1061 3275 1142 3323 se
1178 3274 1222 3323 a
1256 3259 1578 3335 natura,
1617 3255 1743 3326 vel
1780 3255 2041 3326 forma
2081 3256 2299 3326 subs-

762 3370 1128 3449 tantiali;
1201 3370 1457 3460 igitur
1517 3393 1677 3443 non
1738 3377 1860 3445 est
1910 3372 2296 3443 violenta.

767 3487 1099 3584 Iterum,
1140 3486 1326 3577 quia
1362 3487 1819 3561 combustio
1865 3493 1950 3560 lit
1993 3509 2038 3558 aw
2082 3488 2301 3582 prin-

763 3602 979 3693 cipio
1036 3602 1483 3673 intrinseco
1533 3624 1771 3695 passo
1832 3605 2303 3678 conferente

763 3720 952 3800 vim,
995 3720 1174 3811 quia
1217 3719 1565 3790 materia
1600 3722 1913 3813 appetit
1951 3722 2302 3794 formam

766 3837 1001 3926 ignis,
1057 3841 1135 3909 et
1196 3836 1643 3907 inclinatur
1698 3836 1788 3906 ad
1860 3836 2301 3909 habendam

763 3974 967 4032 eam,
1021 3957 1098 4024 et
1143 3953 1255 4024 sic
1310 3953 1629 4025 confert
1674 3953 1833 4024 vim
1896 3953 1988 4024 ad
2043 3955 2300 4046 ipsam

764 4070 1436 4142 combustionem.

857 4190 1126 4266 Sexto,
1183 4186 1248 4257 si
1303 4186 1442 4266 sic,
1508 4208 1690 4258 cum
1737 4188 1997 4257 omnis
2041 4193 2303 4261 trans-

763 4303 1116 4387 mutatio
1166 4304 1421 4395 possit
1465 4303 1758 4373 habere
1795 4303 2305 4397 impedimen-

771 4424 877 4501 ta,
923 4425 1002 4491 et
1046 4421 1544 4509 juvamenta,
1599 4421 1713 4493 sic
1768 4422 1981 4495 forte
2041 4424 2131 4493 de
2170 4443 2308 4514 pu-

767 4537 1302 4609 trefactione:
1353 4537 1482 4606 sed
1527 4536 1678 4608 hoc
1735 4536 2054 4608 falsum.
2104 4543 2300 4611 Con-

765 4653 1183 4743 sequentia
1228 4657 1473 4744 patet,
1521 4659 1599 4726 et
1645 4653 1962 4726 falsitas
2022 4655 2300 4746 proba-

760 4774 920 4848 tur,
962 4769 1145 4860 quia
1190 4769 1256 4840 si
1303 4768 1633 4842 liaberet
1697 4770 2293 4862 impelimenta,

760 4886 1108 4957 maxime
1141 4887 1517 4959 videntur
1563 4886 1721 4966 illa,
1763 4908 1935 4977 quae
1989 4889 2297 4959 Aristo-

761 5002 958 5074 teles
1002 5007 1426 5074 enumerat
1474 5002 1547 5072 in
1583 5001 1886 5081 littora,
1927 5003 2299 5077 videlieet

757 5117 1191 5206 frigiditas,
1267 5117 1764 5202 coagulatio,
1824 5118 1944 5188 vel
2011 5141 2297 5206 conge,-

753 5236 978 5315 latio,
1019 5236 1299 5305 fervor
1334 5236 1458 5305 vel
1502 5234 1903 5305 excellens
1928 5236 2298 5310 caliditas

753 5358 832 5425 et
915 5356 1182 5424 motus
1254 5351 1377 5420 vel
1459 5351 1742 5432 fluxus,
1814 5353 1937 5422 vel
2035 5355 2297 5427 inulti-

757 5471 942 5540 tudo
999 5467 1646 5561 putrefactionis,
1695 5468 1825 5539 sed
1899 5466 2065 5539 11a=c
2141 5489 2295 5538 non

755 5587 940 5655 sunt
1025 5583 1634 5675 iinpedimenta;
1713 5583 1966 5668 igitur
2047 5583 2292 5658 nulla.

1988 408 2128 468 ΜΒ.
2179 408 2277 475 Ν.
2328 399 2868 468 ME'OEORORUM

2416 563 3012 655 Consequentia
3089 566 3309 637 tenet
3370 585 3515 658 per
3582 566 3845 640 locum
3899 591 3941 643 a

2415 679 2740 771 majori,
2830 684 2892 747 si
2971 683 3145 749 illud
3220 684 3396 769 quod
3468 686 3706 765 mam’s,
3799 688 3935 757 etc.

2414 795 2561 867 Sed
2649 796 3051 887 probatur
3144 798 3623 870 antecedens
3715 796 3937 890 hujus

2412 918 3039 1007 consequentiae,
3121 936 3309 991 nam
3390 920 3657 1012 primo
3737 918 3943 1009 frigi·

2411 1032 2621 1107 ditas
2663 1054 2824 1104 non
2867 1034 3224 1127 impedit,
3300 1037 3489 1127 quia
3548 1024 3943 1128 frigiditas

2414 1150 2863 1224 intrinseca
2912 1157 3199 1226 causat
3242 1152 3939 1245 putrefactionem,

2415 1272 2501 1341 ut
2563 1272 2785 1362 patet
2848 1268 2927 1339 in
2984 1269 3292 1342 littera.
3346 1272 3621 1344 Ambae
3682 1273 3943 1365 utiquc

2413 1406 2681 1457 causae
2753 1388 2996 1458 erunt
3039 1386 3695 1478 putrefactionis,
3770 1392 3944 1482 quia

2415 1502 2769 1576 interior
2800 1502 3214 1591 frigiditas
3265 1508 3391 1578 est
3442 1507 3805 1599 propriae
3830 1528 3943 1580 ca-

2414 1618 2781 1699 liditatis,
2820 1621 2899 1690 et
2941 1618 3225 1691 alienae
3268 1622 3775 1713 corruptiva.

2506 1737 2603 1807 Et
2656 1734 2723 1806 si
2783 1735 3120 1817 diceres,
3182 1740 3269 1809 ut
3322 1736 3517 1812 dicit
3558 1738 3946 1814 Aristote-

2416 1852 2556 1933 leS,
2595 1850 3004 1941 frigiditas
3049 1852 3336 1935 aliena,
3374 1858 3455 1927 et
3487 1855 3945 1929 extrinseca

2418 1971 2896 2060 praeservat,
2945 1969 3077 2040 sed
3120 1988 3280 2040 non
3328 1970 3801 2045 intrinseca.

2502 2087 2834 2165 Contra,
2919 2086 3106 2176 quia
3182 2086 3545 2159 videmus
3637 2088 3948 2163 fructus

2414 2201 2739 2273 arboris
2785 2203 3044 2275 totius
3099 2204 3549 2294 putrefieri,
3606 2206 3739 2298 qui
3803 2206 3950 2278 fue-

2417 2318 2581 2390 rint
2629 2318 2968 2391 fortiter
3011 2319 3463 2409 infrigidati
3506 2322 3953 2413 frigiditate

2414 2434 2631 2505 aeris
2719 2434 3241 2518 continentis,
3338 2437 3452 2511 ita
3550 2438 3952 2530 frigiditas

2413 2550 2879 2623 extrinseca
2949 2553 3188 2643 juvat
3246 2554 3339 2624 ad
3421 2553 3955 2647 putrefactio-

2414 2687 2620 2748 nem,
2660 2671 2739 2740 et
2773 2687 2930 2738 non
2969 2668 3301 2761 impedit
3333 2690 3537 2742 eam.

2507 2785 2735 2864 Item,
2821 2784 2887 2855 si
2978 2785 3391 2876 frigiditas
3459 2788 3955 2863 continentis

2414 2906 2950 2974 conservaret
2994 2902 3158 2973 alia
3210 2902 3619 2977 frumenta
3666 2911 3847 2980 sata
3881 2906 3956 2979 in

2416 3021 2668 3097 terra,
2706 3022 2786 3089 et
2819 3038 3175 3111 corpora
3204 3019 3625 3095 inhumata
3655 3022 3957 3096 diutius

2418 3132 2522 3206 ibi
2564 3133 2984 3218 durarent,
3024 3156 3261 3227 quam
3302 3136 3378 3210 in
3412 3158 3625 3210 aere.
3667 3140 3959 3212 Proba·

2418 3256 2580 3332 tur,
2630 3251 2819 3341 quia
2863 3251 2967 3322 ibi
3019 3257 3142 3325 est
3191 3254 3459 3346 major
3522 3255 3956 3344 frigiditaS,

2418 3388 2656 3461 quam
2709 3367 2783 3438 in
2836 3388 3057 3439 aere.
3117 3372 3345 3451 Item,
3411 3371 3737 3443 foemina
3790 3394 3959 3444 cus-

2419 3482 2622 3556 todit
2689 3484 2991 3556 diutius
3080 3505 3409 3577 pomum
3490 3487 3565 3558 in
3627 3488 3799 3562 alto
3870 3491 3957 3560 ad

2418 3598 2680 3670 locum
2754 3600 3102 3671 calidum
3164 3606 3243 3674 et
3316 3602 3647 3684 siccum,
3716 3610 3798 3678 et
3857 3605 3959 3678 ibi

2419 3736 2577 3786 non
2659 3717 3018 3808 putrefit,
3095 3718 3227 3789 sed
3298 3723 3814 3810 putresceret
3886 3722 3960 3793 in

2417 3833 2681 3908 celato
2726 3831 3047 3922 frigido.

2510 3952 2673 4021 Nec
2751 3951 2999 4022 etiam
3065 3950 3526 4040 congelatio
3599 3951 3959 4046 impedit,

2422 4067 2603 4159 quia
2631 4086 2987 4159 corpora.
3016 4072 3535 4141 mortuorum
3564 4075 3755 4142 sunt
3780 4090 3962 4143 con-

2418 4183 2711 4273 gelata,
2777 4186 2856 4256 et
2905 4182 3292 4254 humores
3336 4183 3415 4255 in
3478 4184 3677 4265 illis;
3725 4192 3810 4259 et
3853 4192 3964 4259 ta·

2422 4320 2601 4370 men
2640 4299 2795 4372 ista
2821 4298 3065 4371 citius
3101 4318 3340 4391 quam
3376 4299 3755 4374 vivorum
3793 4323 3965 4374 cor·

2422 4436 2623 4508 pora.
2683 4435 2842 4486 non
2904 4416 3363 4504 congelata,
3436 4422 3962 4508 putrescunt3

2420 4529 2674 4618 igitur
2759 4530 3248 4618 congelatio,
3340 4536 3420 4604 et
3487 4534 3966 4624 coagulatio

2407 4648 2724 4739 juvant,
2762 4652 2841 4719 et
2876 4667 3036 4718 non
3073 4647 3518 4739 impediunt
3557 4652 3966 4742 putrefac-

2417 4765 2743 4836 tionem.
2795 4766 2892 4836 Εἰ
2928 4764 3287 4835 videmus
3323 4765 3669 4847 fructuS,
3711 4774 3802 4841 ut
3832 4790 3964 4861 po·

2418 4902 2539 4951 ma
2580 4903 2759 4952 esse
2793 4882 3249 4970 congelata,
3289 4886 3369 4954 et
3405 4888 3679 4975 postea
3718 4886 3965 4958 citius
4029 4926 4040 4938 ·

2419 4998 2860 5090 putrefieri,
2900 5019 3141 5089 quam
3178 4997 3248 5070 si
3282 5018 3440 5071 non
3474 5005 3749 5075 essent
3783 5022 3967 5073 eon-

2414 5116 2719 5202 gelata;
2792 5113 3069 5201 igitur,
3145 5120 3297 5187 etc.
3373 5116 3633 5206 juvat.
3725 5122 3957 5198 Item,

2412 5252 2595 5302 cum
2638 5229 3105 5317 congelatio
3159 5230 3265 5303 sit
3306 5251 3555 5303 causa
3627 5235 3955 5325 quietiS,

2415 5347 2669 5436 igitur
2736 5369 3003 5418 causa}
3068 5347 3359 5436 juvant
3424 5351 3960 5440 putrefactio-

2414 5485 2621 5543 nem,
2662 5465 2849 5555 quia
2888 5468 3156 5536 motus
3205 5464 3560 5557 impedit,
3600 5473 3682 5543 ut
3732 5474 3960 5561 patet

2414 5582 2491 5659 in
2525 5582 2797 5659 littera
2826 5582 2996 5670 jam
3046 5581 3270 5677 prius
3305 5582 3682 5674 allegata.
3726 5589 3953 5671 Quod
