4252 6393
1812 385 2066 451 CAPUT
2113 388 2183 450 ll.

411 544 728 627 principio
770 547 836 610 in
869 548 1203 629 aliquibus
1239 550 1668 631 originalibus
1709 553 1994 630 ponitur

408 672 725 718 numerus
784 657 1290 720 conclusionum
1373 666 1438 720 et
1498 662 1662 726 tituli
1724 680 1985 741 earum,

407 779 543 841 quic
599 763 666 824 in
725 764 848 824 boc
898 765 1180 842 capitulo
1229 766 1665 844 disputantur,
1700 778 1764 833 et
1810 773 1986 833 simi-

403 866 546 930 liter
572 871 636 932 in
669 873 1111 950 sequentibus
1193 875 1495 952 capitulis
1555 880 1618 940 in
1671 879 1985 956 principio

405 977 754 1055 quuslibet
803 979 1091 1042 habetur
1125 1000 1139 1041 z
1177 981 1298 1045 sed
1355 985 1503 1063 quia
1557 1000 1688 1047 non
1718 988 1986 1048 videtur

408 1087 629 1147 littera
691 1087 1014 1162 DoctoriS‚
1081 1091 1562 1166 assignavimus
1611 1098 1843 1163 toturn,
1909 1101 1985 1156 ut

408 1192 837 1266 additionem,
887 1198 994 1257 vel
1051 1200 1286 1267 Extra,
1338 1215 1552 1277 usque
1602 1201 1685 1262 ad
1732 1204 1976 1278 princi-

411 1297 587 1375 pium
614 1302 876 1379 capituli
912 1303 1265 1365 exclusive.
1302 1306 1370 1366 ln
1404 1306 1527 1368 hoc
1587 1308 1871 1384 capitulo
1903 1315 1978 1370 ut

407 1409 470 1469 in
511 1410 719 1485 primo
766 1411 1066 1487 capitulo
1112 1415 1452 1490 praemisit‚
1491 1421 1855 1493 pertractat
1889 1419 1973 1481 de

410 1516 529 1577 illis
551 1514 990 1580 divisionibus
1023 1517 1272 1581 ordinis
1305 1523 1702 1595 essentialiS,
1726 1530 1794 1584 et
1816 1542 1972 1603 qua·

410 1623 554 1684 liter
615 1625 920 1686 membra
984 1634 1386 1705 repugnant,
1446 1635 1513 1690 et
1568 1630 1973 1696 sufficienter

411 1735 732 1793 evacuant
783 1731 1088 1807 divisum,
1159 1751 1300 1813 quae
1352 1741 1507 1798 sunt
1556 1738 1968 1804 conditiones

414 1839 596 1898 bonae
641 1837 1006 1913 divisioniS,
1040 1846 1115 1901 ut
1167 1841 1367 1904 docet
1408 1845 1671 1906 Boetius
1715 1846 1825 1908 lib.
1862 1847 1962 1908 Di-

76 1945 391 2061 ωῐίῗνιὲεῶῗ
416 1945 759 2008 visionum.
811 1949 877 2008 ln
911 1949 1228 2026 principio
1274 1951 1477 2030 igitur
1531 1956 1762 2030 capitis
1794 1971 1960 2031 prae-

144 2075 296 2123 toris.
414 2052 604 2114 mittit
650 2061 782 2115 tres
835 2057 1106 2134 regulas
1157 2058 1261 2118 vel
1307 2061 1798 2137 propositiones
1836 2079 1954 2142 ge·

415 2161 705 2232 neraleS,
774 2166 842 2223 et
911 2162 1205 2225 ostendit
1275 2166 1617 2229 veritatem
1695 2184 1951 2241 earum,

411 2280 572 2342 quas
627 2267 796 2330 sicut
859 2276 1139 2331 caeteras
1186 2273 1673 2347 conclusioneS,
1741 2275 1954 2337 littera

215 2425 242 2435 -
405 2388 630 2449 grossa
676 2373 763 2435 ad
819 2375 1097 2438 modum
1132 2382 1373 2451 textus,
1424 2380 1752 2458 reliquum
1794 2399 1949 2442 vero

404 2479 484 2540 ad
518 2480 782 2542 modum
832 2487 1262 2561 expositionis
1302 2485 1405 2549 vel
1456 2489 1701 2568 glossae
1748 2506 1951 2550 anno-

408 2589 520 2647 tari
550 2586 846 2654 fecimus,
885 2592 1139 2656 Deinde
1183 2612 1490 2672 compara
1524 2598 1818 2659 membra
1855 2598 1947 2660 di-

405 2694 746 2771 visionum,
782 2705 848 2760 et
902 2701 1110 2777 primo
1155 2703 1484 2774 secundae‚
1537 2710 1604 2766 et
1636 2707 1725 2767 ibi
1775 2708 1945 2783 prin·

407 2799 697 2878 cipaliter
740 2807 1183 2883 comparando
1248 2825 1514 2871 causam
1575 2811 1659 2872 ad
1713 2828 1941 2874 causa-

409 2907 537 2966 tum
606 2911 975 2973 secundum
1043 2919 1325 2991 quatuor
1388 2932 1637 2993 genera
1697 2921 1761 2979 in
1825 2935 1944 2980 sex

407 3016 931 3079 conclusionibus
967 3040 981 3081 :
1015 3022 1080 3082 in
1115 3039 1391 3100 quarum
1422 3025 1629 3101 prima
1661 3032 1944 3103 quatuor

406 3130 734 3202 comparat
786 3126 1062 3188 effectus
1114 3134 1396 3207 quatuor
1439 3147 1780 3193 causarum
1830 3151 1935 3196 se-

405 3231 690 3292 cundum
727 3237 1292 3305 concomitantiam
1321 3239 1490 3299 inter
1531 3256 1629 3310 se,
1684 3240 1747 3299 in
1783 3238 1938 3300 dua-

400 3335 520 3397 bus
575 3355 729 3399 vero
776 3341 1044 3420 reliquis
1103 3350 1441 3422 comparat
1501 3362 1730 3406 causas
1772 3345 1943 3408 inter

399 3457 491 3517 se,
527 3450 594 3505 et
623 3449 903 3509 maxime
932 3448 998 3510 in
1028 3448 1275 3511 ultima.
1312 3451 1565 3513 Deinde
1610 3457 1946 3529 comparat

401 3549 675 3612 effectus
704 3553 875 3615 inter
909 3570 983 3615 se
1024 3556 1392 3618 secundum
1426 3558 1749 3620 ordinem.
1787 3561 1942 3622 Ulti-

402 3673 500 3717 mo
534 3665 874 3736 comparat
903 3663 1201 3726 membra
1246 3666 1462 3742 prim-e
1495 3666 1852 3739 divisioniS,
1887 3675 1952 3729 et

400 3767 613 3827 omnia
679 3768 743 3828 in
807 3768 1021 3833 littera
1099 3788 1445 3849 expresse,
1515 3781 1580 3835 et
1650 3776 1949 3837 ordinate

401 3878 729 3951 proponit.
795 3879 956 3938 Dicit
1004 3896 1162 3957 ergo
1213 3884 1447 3957 primO,
1506 3885 1949 3960 comparando

400 3983 711 4046 effectum
771 4002 984 4049 causae
1025 3986 1237 4053 finalis
1292 3990 1376 4050 ad
1436 3991 1749 4054 effectum
1811 3992 1946 4054 effi·

86 4104 292 4154 conclus.
326 4108 371 4154 ⁴.
400 4092 649 4162 cientiS,
703 4096 888 4164 Quod
937 4112 1063 4155 non
1112 4103 1198 4156 esc
1245 4098 1526 4171 finitum,
1584 4104 1710 4162 etc.
1757 4117 1953 4180 quam

399 4197 893 4262 conclusionem
952 4201 1183 4278 probat
1224 4203 1468 4281 duplici
1522 4207 1776 4268 ratione
1827 4226 1840 4267 ε
1887 4212 1954 4271 in

398 4322 676 4383 quarum
705 4309 933 4383 prima,
969 4324 1117 4371 cum
1160 4310 1338 4383 dicit,
1374 4318 1431 4373 et
1464 4312 1698 4389 loquor
1727 4319 1804 4376 cle
1832 4317 1953 4388 his,

395 4429 536 4487 quae
562 4414 776 4474 solum
809 4419 1082 4492 proprie
1120 4424 1263 4479 smu
1307 4418 1701 4493 effeclz‘be'lz‘a‚
1756 4420 1958 4484 debet

392 4518 666 4597 intelligi
713 4519 798 4581 de
843 4524 1135 4598 positivis
1200 4528 1266 4585 et
1311 4526 1575 4587 entibus
1641 4527 1953 4603 realibuS,

391 4617 475 4678 ad
506 4616 943 4682 differentiam
991 4625 1451 4701 negationum.
1502 4626 1607 4686 vel
1644 4643 1775 4688 non
1826 4644 1954 4689 en-

395 4723 573 4794 tium,
620 4726 720 4786 vet
757 4733 1182 4806 respectuum
1213 4733 1516 4792 rationis.
1557 4734 1625 4794 ln
1656 4733 1955 4796 secunda

395 4834 648 4893 ratione
694 4833 983 4895 ostendit
1014 4835 1408 4912 primitatem
1454 4836 1600 4900 finis
1645 4850 1955 4917 respectu

399 4935 740 5001 efficientis
802 4942 1160 5018 tripliciter,
1223 4950 1287 5004 et
1348 4944 1545 5006 infert
1603 4951 1953 5009 veritatem

403 5045 862 5116 conclusionis,
911 5055 977 5110 et
1015 5049 1228 5111 littera
1262 5054 1394 5112 tota
1423 5056 1581 5114 satis
1626 5054 1796 5115 clara
1829 5061 1951 5118 est.

89 5221 117 5259 Γ
184 5159 253 5212 ⁴2.
332 5229 355 5241 -
486 5154 739 5215 Deinde
774 5162 1113 5233 comparat
1156 5157 1458 5220 effectum
1493 5157 1836 5223 efficientis
1867 5163 1950 5224 ad

99 5225 291 5278 “mm‘'
329 5243 378 5278 ⁰·
403 5260 712 5323 effectum
760 5278 979 5324 causae
1026 5262 1257 5340 finaliS,
1309 5266 1534 5328 dicens
1570 5286 1583 5326 :
1622 5272 1803 5339 Quod
1827 5289 1953 5331 non

400 5374 486 5428 est
531 5369 850 5444 effectum,
887 5376 1014 5433 etc.
1054 5386 1205 5450 quae
1239 5374 1597 5450 propositio
1633 5383 1734 5435 est
1764 5393 1944 5458 mag·

400 5491 501 5537 nae
573 5477 1016 5543 altercationis
1107 5483 1277 5543 inter
1369 5482 1795 5562 philosophos
1882 5494 1948 5549 et

390 5582 788 5665 TheologOS,
839 5594 907 5649 et
955 5591 1234 5651 maxime
1284 5589 1463 5669 apud
1511 5593 1941 5668 Averroistas,

2056 3343 2290 3402 cientis
2322 3341 2405 3402 ad
2439 3342 2749 3403 effectum
2784 3342 3090 3411 materiae,
3126 3339 3357 3411 dicens
3390 3359 3404 3399 :
3437 3344 3485 3411 Q

2055 3466 2180 3509 non
2211 3456 2295 3509 εει
2332 3450 2647 3523 effectum,
2698 3453 2823 3510 etc.
2882 3464 3080 3527 quam
3131 3448 3368 3527 probat
3410 3445 3610 3526 tripli·
3640 3465 3890 3519 mmmm,-

3498 383 3617 445 745

2104 553 2172 610 et
2216 549 2377 611 alios
2429 550 2617 613 aliter
2649 549 3060 612 Aristotelem
3109 550 3643 627 interpretantes,
3704 563 3976 612 Averroes

2101 664 2297 736 atque
2345 660 2516 720 inter
2556 676 2628 720 se
2664 657 3148 720 dissentientes.
3206 658 3323 718 Dei
3353 671 3643 733 namque
3672 626 3965 739 ’'essfssssfin‘

2098 768 2533 844 permissione
2572 784 2899 846 sequaces
2948 768 3119 829 illius
3149 767 3645 829 Commentatw

2094 875 2185 935 ris
2235 876 2354 937 hac
2407 875 2972 937 animadversione
3022 872 3538 945 confunduntur,
3574 875 3645 934 ut

2094 982 2267 1043 inter
2296 999 2368 1044 se
2403 982 2792 1061 plerumque
2827 981 3209 1058 discrepent
3240 986 3440 1059 atque
3490 997 3641 1041 con-

2097 1089 2442 1150 tradicant.
2478 1090 2552 1149 Et
2596 1087 2687 1149 nil
2729 1090 2985 1153 mirum.
3028 1087 3082 1148 si
3112 1083 3460 1148 confusum
3489 1086 3640 1147 imi-

2090 1203 2302 1258 tantes
2334 1204 2398 1257 eL
2423 1194 2545 1274 ipsi
2576 1193 3088 1257 confundantur.
3128 1194 3368 1255 Probat
3415 1197 3638 1255 autem

2087 1304 2267 1364 illam
2297 1302 2791 1364 conclusionem
2823 1303 3013 1362 unica
3046 1303 3324 1373 ratione,
3359 1298 3641 1362 etinfert

2087 1417 2394 1473 notanter
2424 1409 2617 1471 valde
2646 1410 2869 1488 triplex
2903 1409 3311 1470 corollarium
3335 1457 3349 1482 ,
3382 1407 3487 1470 vel
3522 1409 3637 1469 du-

2087 1518 2260 1596 plex,
2308 1524 2380 1579 ut
2410 1533 2728 1596 expresse
2773 1519 3064 1595 loquitur
3096 1518 3358 1579 Doctor.
3390 1516 3638 1578 Tamen

2082 1625 2397 1704 ponendo
2449 1626 2590 1694 tria,
2638 1625 3009 1687 secundum
3043 1629 3273 1703 posset
3319 1625 3636 1704 assignari

2077 1733 2164 1795 ibi
2205 1752 2217 1791 :
2256 1734 2393 1794 Non
2424 1749 2577 1810 erqo
2600 1732 2982 1806 .‹tristoteles,
3019 1735 3146 1792 etc.
3178 1730 3291 1792 ubi
3320 1730 3633 1791 brevibus

2078 1843 2290 1918 tangit
2321 1840 2761 1902 intentionem
2815 1838 3186 1915 Philosophi
3220 1837 3302 1898 de
3336 1836 3626 1914 produc-

2076 1950 2254 2024 [ione
2301 1947 2915 2026 intelligentiarum,
2977 1945 3086 2006 ubi
3128 1944 3324 2005 currit
3352 1943 3633 2005 varietas

2076 2055 2486 2132 opinionum.
2518 2056 2747 2130 Quaere
2777 2056 2834 2116 8.
2871 2056 3149 2115 distinct.
3174 2055 3375 2128 prim.
3410 2057 3630 2129 quaest.

2066 2161 2176 2234 fin.
2214 2167 2269 2220 ει
2301 2166 2514 2236 quaesc.
2547 2163 2606 2221 7.
2643 2159 3031 2238 quodlibeti‚
3069 2165 3137 2219 et
3163 2161 3307 2222 5722.
3344 2159 3619 2220 distinct.

2059 2269 2311 2344 prima,
2345 2274 2561 2345 quaest.
2595 2271 2653 2329 2.
2694 2285 2807 2345 pro
2850 2266 3142 2329 ulteriori
3176 2266 3627 2327 declaratione

2072 2375 2176 2435 hic
2223 2375 2563 2437 dictorum.
2616 2375 2776 2436 Vide
2829 2377 3025 2436 etiam
3084 2375 3149 2435 in
3179 2375 3531 2452 principio,
3565 2375 3626 2435 5.

2065 2484 2346 2559 ΜειαρΙι.
2406 2489 2462 2544 ει
2523 2485 2587 2543 in
2637 2482 2894 2559 proloq.
2949 2483 3150 2558 prim.
3223 2498 3281 2557 q.
3344 2483 3404 2543 3.
3466 2489 3523 2543 ει
3567 2484 3628 2542 4.

2059 2592 2332 2664 propter
2363 2601 2465 2660 ea,
2500 2602 2646 2664 quae
2695 2585 2850 2646 dicit
2883 2583 2968 2646 de
3021 2583 3312 2662 objecto,
3364 2588 3432 2645 et
3469 2599 3627 2661 ope·

2056 2694 2341 2767 ratione,
2401 2700 2467 2753 et
2520 2691 2650 2754 fine
2714 2691 3072 2770 multiplici.
3155 2692 3344 2767 Quod
3408 2691 3605 2752 etiam

2057 2802 2269 2880 tangit
2329 2802 2416 2862 ibi
2478 2801 2561 2862 de
2627 2805 2909 2879 quatuor
2966 2800 3202 2872 causiS‚
3269 2798 3474 2860 habes
3538 2798 3602 2859 in

2052 2907 2594 2971 Tlieorematibus
2653 2915 2719 2970 et
2766 2908 3234 2986 Metaphysica,
3286 2912 3360 2968 ιιι
3411 2923 3608 2985 supra

2053 3015 2294 3085 notavi,
2327 3023 2392 3076 et
2436 3015 2588 3077 alibi
2618 3032 2830 3093 saepe.
2878 3013 3178 3075 Pondera
3228 3012 3448 3074 omnia
3516 3029 3639 3074 ver

2047 3122 2131 3183 ba
2166 3129 2383 3186 textus
2422 3124 2506 3186 ad
2548 3137 2861 3200 unguem.

2134 3232 2635 3311 Consequenter
2692 3237 3030 3310 comparat
3095 3232 3408 3293 effectum
3481 3230 3622 3293 effi·
3648 3271 3880 3323 Conclus.
3917 3272 3968 3322 6.

3492 3342 3620 3400 uod
3652 3337 3801 3388 Quod
3830 3350 3941 3384 non

3666 3407 3744 3446 est
3786 3400 3935 3461 effec-

2760 3557 2770 3569 .
3022 3556 3031 3566 .
3637 3522 3964 3582 maceriaem,

2274 3577 2287 3618 :
2339 3563 2404 3619 et
2442 3572 2574 3618 non
2620 3565 2883 3634 ponitur
2942 3573 3143 3634 prima
3195 3572 3231 3617 e
3283 3572 3602 3618 converso
3632 3589 3724 3637 sed
3752 3606 3778 3636 e
3807 3602 3936 3637 con-

3724 3659 3833 3703 tra.

2059 3560 2218 3619 citer

2059 3668 2516 3736 communiter,
2560 3667 2711 3742 quia
2744 3665 2946 3726 multa
2972 3671 3122 3726 sunt
3153 3665 3413 3734 effecta,
3450 3680 3602 3742 quae

2060 3790 2193 3835 non
2226 3773 2471 3834 habent
2514 3775 2879 3845 materiam,
2933 3779 3006 3833 ut
3050 3779 3231 3850 patet
3275 3772 3358 3833 de
3388 3774 3607 3850 Ange·

2061 3881 2139 3942 lis
2172 3886 2238 3942 et
2267 3880 2737 3953 accidentibus,
2775 3880 2859 3941 de
2891 3897 3021 3959 quo
3074 3880 3272 3941 alias:
3306 3886 3372 3941 et
3395 3880 3607 3941 littera

2064 3988 2221 4049 satis
2251 3986 2456 4048 facilis
2487 3993 2608 4058 est,
2648 4003 2847 4065 quam
2893 3986 3056 4048 infra
3110 3990 3320 4067 magis
3368 3988 3609 4048 exami-

2064 4096 2260 4157 nabo.
2313 4094 2565 4157 Deinde
2601 4099 2942 4171 comparat
2972 4096 3266 4156 materiae
3299 4095 3610 4157 effectum

2065 4202 2150 4266 ad
2194 4201 2415 4263 formze
2460 4202 2794 4275 effectum,
2830 4200 3058 4263 dicens
3095 4223 3108 4263 ε
3148 4205 3332 4274 Quod
3370 4220 3495 4265 non
3526 4213 3611 4267 εει

2067 4313 2511 4382 materiatum,
2548 4316 2676 4371 etc.
2712 4326 2911 4388 quam
2943 4311 3133 4371 unica
3165 4310 3420 4372 ratione
3454 4314 3611 4373 satis

2069 4417 2320 4479 efficaci
2352 4418 2589 4494 probat
2636 4435 2716 4480 ex
2747 4416 3192 4480 fundamentis
3221 4416 3609 4479 Aristotelis

2148 4524 2651 4603 Consequenter
2685 4526 2869 4602 ponit
2895 4527 3090 4587 aliam
3123 4524 3610 4586 conclusionem
3764 4528 3844 4579 ⁴3.

2066 4632 2477 4711 generalem,
2527 4633 2972 4710 comparando
3026 4635 3480 4695 causalitatem
3510 4634 3608 4695 in-

2070 4738 2498 4800 trinsecarum
2585 4754 2934 4800 causarum
3005 4740 3089 4800 ad
3158 4741 3609 4804 causalitatem

2067 4848 2609 4915 extrinsecarum,
2658 4847 2887 4909 dicens
2921 4868 2934 4908 ε
2967 4850 3152 4918 Quod
3188 4866 3315 4910 non
3346 4856 3431 4910 εει
3463 4868 3608 4911 cau·
3641 4864 3874 4915 Conclus.
3904 4866 3950 4915 8.

2064 4960 2300 5020 satum.
2363 4958 2485 5014 etc.
2558 4971 2758 5031 quam
2818 4954 3052 5032 probat
3120 4954 3489 5032 dupliciter,
3549 4964 3615 5019 et

2065 5066 2393 5121 notanter.
2456 5062 2545 5123 Ex
2605 5060 3138 5138 praecedentibus
3195 5064 3391 5124 etiam
3457 5064 3612 5125 satis

2065 5173 2294 5245 patere
2328 5166 2607 5230 videtur.
2656 5169 2806 5228 Post
2854 5168 2960 5230 illa
3012 5168 3212 5231 verba
3246 5188 3259 5230 ε
3296 5173 3440 5231 Haec
3469 5187 3609 5231 con-

2062 5274 2263 5334 clusio
2322 5274 2475 5335 bene
2516 5276 2753 5351 probat
2789 5275 2848 5336 6.
2895 5278 3157 5353 ponitur
3187 5279 3250 5339 in
3283 5277 3611 5357 aliquibus

2059 5381 2487 5460 originalibus
2543 5399 2669 5443 una
2732 5384 2930 5462 longa
2984 5383 3256 5458 additio,
3319 5399 3467 5462 quae
3513 5388 3607 5448 sic

2060 5488 2285 5567 incipit
2321 5508 2333 5548 :
2372 5493 2458 5551 De
2503 5493 2727 5552 ordine
2768 5508 3119 5553 causarum
3152 5493 3217 5553 ιή
3256 5494 3606 5567 causando,

2059 5600 2185 5659 etc.
2222 5614 2435 5679 usque
2466 5598 2616 5662 illuc
2649 5600 2979 5662 exclusive
3010 5618 3022 5659 t
3055 5604 3346 5674 Quacum·
3373 5618 3608 5678 qenera.

3640 4250 3877 4301 ConcluS.
3908 4252 3957 4303 7.
