4252 6393
1724 445 2085 521 QUAEs'rlo
2134 449 2210 511 lv

354 603 423 679 in
461 606 752 699 quibus
811 604 1270 681 reflectitur
1315 605 1891 699 multiplicatio

359 725 712 807 luminis,
751 730 894 799 aut
944 724 1270 818 speciei,
1309 724 1894 817 repraesentari

361 841 568 921 illud,
627 862 676 913 a
737 862 896 932 quo
971 840 1210 913 fiebat
1268 840 1592 913 diffusio
1655 840 1891 914 istius

356 957 709 1038 luminis,
755 957 884 1028 vel
921 955 1246 1048 speciei.

434 1074 862 1148 Sciendum
906 1073 1200 1165 primo,
1249 1073 1452 1165 quod
1489 1072 1892 1164 quodlibet

354 1211 596 1281 agens
673 1191 1054 1264 naturale
1111 1190 1479 1262 diffundit
1551 1190 1890 1280 undique

353 1307 566 1378 circa
603 1327 689 1377 se
725 1326 955 1377 sua-m
985 1306 1414 1386 actionem,
1453 1304 1665 1377 sicut
1700 1304 1889 1375 ima-

354 1422 683 1513 ginatur
723 1421 1312 1495 Lincolniensis
1347 1425 1422 1488 in
1460 1433 1746 1489 tractatu
1774 1442 1891 1486 suo

351 1543 427 1609 de
500 1542 915 1625 refractione
1002 1540 1392 1619 radiorum,
1474 1543 1554 1611 et
1641 1536 1889 1609 ctiam

352 1658 973 1729 Commentatol‘
1021 1657 1086 1725 2.
1146 1657 1227 1722 dc
1275 1658 1541 1723 Anima.
1607 1677 1758 1743 cap.
1812 1656 1894 1721 de

346 1798 522 1844 sono.
576 1777 659 1845 et
713 1773 937 1865 ponit
983 1772 1446 1863 exemplum
1497 1773 1587 1843 de
1634 1771 1890 1843 eircu-

351 1892 444 1964 lis
502 1889 874 1963 causatis
926 1910 971 1961 a
1033 1887 1314 1980 lapillo
1381 1886 1747 1980 projecto
1812 1887 1889 1957 in

349 2026 668 2099 aquam.
735 2010 835 2079 Et
877 2005 1320 2094 agentium,
1382 2027 1554 2095 quae
1614 2004 1888 2076 diffun-

349 2127 538 2198 dunt
599 2145 834 2196 suam
883 2125 1308 2205 virtutem,
1350 2123 1713 2215 quzrdam
1757 2142 1888 2193 na-

354 2246 431 2314 ta
471 2245 662 2314 sunt
713 2240 891 2333 plus
936 2240 1352 2314 extensive
1399 2239 1889 2332 multiplica-

357 2379 463 2439 re,
500 2378 742 2450 quam
776 2357 962 2439 alia,
1001 2356 1254 2430 adhuc
1291 2362 1558 2429 tamen
1593 2355 1886 2448 aequali

363 2474 853 2555 resistentia,
947 2474 1159 2546 sieut
1240 2473 1614 2546 caliditas
1693 2475 1888 2544 nata

367 2596 478 2663 est
508 2612 749 2683 agere
791 2592 884 2663 ad
940 2591 1343 2682 majorem
1384 2589 1883 2668 distantiam,

371 2730 593 2799 quam
662 2708 1071 2799 frigiditas
1131 2708 1458 2780 caeteris
1529 2706 1885 2800 paribus,

375 2823 749 2898 Similiter
794 2823 1005 2914 ignis
1040 2827 1283 2896 natus
1317 2826 1441 2895 est
1477 2844 1621 2916 per
1655 2843 1888 2893 suum

377 2941 622 3013 lumen
679 2940 1079 3013 remotius
1142 2960 1413 3029 agere,
1479 2944 1559 3011 et
1618 2940 1890 3013 multi-

383 3059 661 3150 plicare
722 3079 955 3131 suam
1003 3058 1398 3133 virtutem
1443 3077 1683 3149 quam
1747 3078 1891 3150 per

387 3175 872 3251 caliditatem.

141 3300 340 3422 ‘4922‘st
468 3293 672 3372 Item,
708 3291 1073 3383 quaedam
1107 3292 1294 3361 sunt
1327 3288 1678 3378 agentia,
1718 3311 1892 3380 quze

103 3412 559 3542 εἶπές-πω
629 3413 815 3482 sunt
883 3407 1325 3480 diffundere
1403 3405 1887 3486 successive,

91 3547 349 3599 tiz-tuton.
403 3542 518 3595 nec
554 3526 783 3599 aliter
827 3530 1192 3618 possunt,
1239 3525 1450 3597 sicut
1492 3524 1887 3605 caliditas,

405 3641 468 3709 ct
495 3638 898 3731 frigiditas.
945 3639 1126 3713 Alia
1159 3644 1368 3719 sunt,
1418 3659 1590 3731 quae
1625 3638 1891 3710 subito

410 3761 743 3843 quantum
777 3763 1030 3832 estex
1068 3763 1299 3850 parte
1348 3757 1496 3837 sui,
1536 3756 1750 3829 sicut
1784 3755 1891 3824 lu-

412 3889 555 3941 men
584 3895 856 3947 sensus
908 3872 1282 3954 visibilis,
1339 3877 1420 3944 et
1471 3871 1893 3964 hujusmo-

408 3983 486 4066 di,
533 3990 884 4079 quamvis
936 3989 1135 4063 talia
1186 3986 1642 4060 successive
1691 3985 1893 4059 mul-

408 4108 834 4201 tiplicentur
890 4117 980 4187 de
1039 4114 1286 4194 facto,
1357 4112 1483 4183 vel
1554 4114 1894 4204 propter

408 4242 903 4313 successivam
952 4237 1490 4311 remotionem
1529 4237 1892 4308 obstacu-

407 4356 470 4439 li,
507 4365 614 4436 vcl
655 4371 995 4460 propter
1059 4363 1606 4437 successivam
1664 4383 1895 4453 gene-

409 4489 760 4565 rationem
827 4491 1236 4572 luminosi,
1304 4493 1445 4562 aut
1489 4489 1664 4580 ejus
1722 4509 1896 4559 suc-

404 4617 753 4690 cessivam
820 4615 1722 4709 appropinqnationem,
1798 4613 1897 4685 si-

406 4741 515 4811 cut
594 4743 799 4815 actio
888 4740 1208 4832 agentis
1292 4737 1899 4811 diversificatur

411 4869 795 4940 secundum
855 4867 1421 4941 fortitudinem
1505 4869 1584 4937 et
1629 4864 1897 4936 debili·

409 4990 641 5073 tatem,
695 4994 1131 5066 secundum
1169 4991 1377 5082 quod
1412 4994 1536 5062 est
1573 4989 1900 5082 propin-

409 5114 624 5201 quior,
667 5118 790 5190 vel
847 5117 1248 5189 remotior
1308 5117 1406 5187 ab
1461 5119 1774 5206 agente,
1822 5117 1902 5186 et

410 5246 792 5317 secundum
830 5245 1033 5336 quod
1067 5244 1155 5319 fit
1192 5245 1269 5315 in
1302 5241 1629 5334 aliquod
1668 5263 1900 5335 punc-

411 5366 548 5437 tum
617 5391 757 5462 per
828 5370 1085 5442 lineas
1159 5368 1896 5462 perpendiculares,

415 5494 522 5561 aut
570 5494 951 5588 obliquas,
1013 5495 1136 5567 vel
1192 5493 1628 5565 secundum
1696 5491 1903 5582 quod

416 5607 483 5682 fil
509 5633 629 5707 per
667 5620 1176 5715 pyramidem
1213 5617 1737 5699 obtusiorem,
1777 5615 1901 5687 vel

3456 454 3566 519 183

2005 609 2487 691 acutiorem,
2536 612 2971 682 secundum
3025 613 3229 703 quod
3288 614 3549 690 decla-

2010 743 2094 794 ra
2112 728 2248 796 tur
2292 723 2367 796 in
2401 725 2678 796 eodem
2713 729 3103 799 tractatu.

2103 839 2506 912 Similiter
2579 841 3245 916 diversificantur
3314 861 3552 933 agen-

2008 956 2146 1037 tia,
2223 957 2409 1048 quia
2481 958 2840 1049 quaeilam
2903 964 3127 1043 sunt,
3201 978 3549 1052 quorum

2002 1073 2356 1146 virtutes
2496 1074 2913 1148 sufficiunt
3040 1076 3551 1168 pertransire

2005 1189 2449 1280 quamlibet
2489 1189 3000 1271 densitatem,
3040 1190 3251 1264 sicut
3283 1191 3549 1263 calidi-

2005 1312 2156 1383 tas,
2197 1304 2496 1379 suflicit
2529 1304 2890 1377 alterare
2933 1304 3340 1396 quodlibet
3371 1305 3547 1376 den-

2004 1445 2182 1495 sum
2220 1421 2369 1493 sibi
2413 1419 3105 1511 approximatum.
3147 1419 3547 1492 Similiter

2005 1538 2279 1631 aliqua
2361 1534 2691 1625 agentia
2761 1535 3022 1625 magis
3103 1535 3541 1618 sufficiunt,

2005 1655 2278 1747 aliqua
2314 1652 2605 1732 minus,
2656 1651 2869 1725 sicut
2922 1651 3318 1726 attractio
3362 1653 3547 1724 ada-

2006 1771 2307 1843 mantis
2402 1769 2879 1842 diffunditur
2965 1789 3111 1861 per
3199 1768 3545 1839 medium

2002 1886 2351 1967 densius,
2419 1907 2662 1977 quam
2743 1886 3013 1957 lumen
3078 1888 3361 1959 natum
3439 1884 3546 1957 sit

2005 2002 2564 2094 multiplicari.

2093 2131 2193 2201 Et
2228 2128 2660 2209 sidicatur,
2700 2127 2905 2218 quod
2932 2127 3001 2199 si
3036 2147 3269 2199 omne
3295 2146 3543 2217 agens
3616 2152 3863 2218 objectio.

2004 2249 2118 2320 sic
2189 2247 2556 2319 diffundit
2636 2245 3057 2338 sphaerice,
3142 2246 3541 2337 quomodo

2007 2365 2217 2455 ignis
2254 2366 2429 2459 plus
2460 2365 2837 2439 calefacit
2885 2384 3214 2458 passum
3267 2384 3313 2434 a
3355 2383 3543 2456 par-

2001 2487 2079 2557 te
2124 2481 2557 2574 superiori,
2605 2501 2845 2572 quam
2878 2479 3542 2572 approximatum

2003 2601 2100 2672 ab
2146 2598 2546 2680 inferiori,
2587 2602 2728 2671 aut
2764 2618 2809 2668 a
2846 2597 3156 2670 latere?

2093 2716 2682 2809 Respondetur,
2722 2715 2927 2806 quod
2963 2714 3033 2786 si
3076 2714 3286 2803 ignis
3330 2716 3546 2785 esset
3576 2742 3887 2807 numm-0,

2004 2854 2284 2925 purus,
2335 2831 2546 2904 sicut
2594 2835 2675 2904 et
2724 2830 2804 2901 in
2865 2850 3011 2901 sua
3073 2829 3420 2921 splifera,
3466 2831 3545 2901 et

2002 2951 2220 3019 esset
2274 2946 2349 3018 in
2384 2947 2589 3028 loce,
2639 2944 2770 3017 ubi
2803 2965 2963 3015 non
3006 2943 3548 3016 inclinaretur

2006 3064 2269 3153 magis
2338 3064 2432 3135 ad
2501 3081 2743 3133 unam
2837 3081 3076 3153 quam
3146 3061 3241 3132 ad
3300 3060 3546 3132 aliam

2004 3185 2369 3274 partem,
2454 3184 2645 3253 tunc
2726 3176 3156 3269 {equaliter
3232 3180 3545 3268 ageret,

2010 3303 2399 3391 quantum
2433 3301 2688 3370 estex
2726 3299 2956 3388 parte
2991 3295 3115 3366 sui
3154 3295 3553 3366 orbicula-

2011 3417 2217 3489 riter
2276 3415 2499 3486 cirea
2560 3435 2668 3494 se,
2726 3412 2856 3483 sed
2901 3412 3088 3503 quia
3148 3413 3358 3502 ignis
3418 3413 3549 3484 hic

2009 3532 2350 3604 inferius
2420 3536 2542 3604 est
2608 3531 2684 3602 in
2756 3529 3105 3602 materia
3169 3530 3439 3609 densa,
3505 3550 3552 3600 a

2009 3670 2165 3740 qua
2212 3648 2413 3721 fumi
2448 3646 2688 3718 calidi
2755 3650 2835 3719 et
2870 3644 3351 3718 inflammati
3400 3645 3549 3716 ele-

2005 3769 2307 3852 vantur
2342 3769 2681 3857 propter
2717 3763 3157 3842 levitatem,
3198 3760 3370 3833 ideo
3410 3781 3551 3852 per

2010 3881 2215 3954 tales
2251 3879 2542 3960 fumos,
2583 3880 2718 3970 qui
2754 3880 3015 3968 magis
3052 3877 3551 3950 inclinantur

2007 3999 2102 4069 ad
2137 4018 2489 4079 sursum,
2538 4017 2778 4088 quam
2822 3997 2916 4067 ad
2950 3996 3195 4067 aliam
3231 3998 3549 4087 partem

2006 4114 2384 4186 calefacit
2416 4133 2716 4206 corpus
2751 4112 2900 4183 sibi
2936 4111 3549 4204 suprapositum

2013 4231 2188 4323 plus
2235 4251 2472 4322 quam
2509 4233 2604 4303 ad
2641 4230 2890 4302 aliam
2928 4233 3269 4321 partem.
3317 4231 3550 4301 Patet

2009 4347 2269 4436 igitur
2304 4349 2702 4438 quomodo
2746 4346 3011 4418 virtus
3045 4343 3362 4432 agentis
3403 4343 3551 4415 dif-

2011 4461 2401 4542 sunditur,
2450 4465 2530 4533 et
2573 4461 2931 4552 qualiter
2980 4459 3544 4530 diversimode.

2100 4579 2461 4650 Secundo
2553 4577 3002 4656 sciendum,
3095 4576 3301 4666 quod
3392 4575 3552 4647 ista
3698 4600 3755 4652 (3.

2015 4692 2602 4784 multiplicatio
2689 4691 3026 4764 virtutis
3115 4689 3557 4781 impeditur

2013 4807 2509 4898 quandoque,
2548 4810 2983 4896 antequam
3016 4803 3439 4897 perveniat
3464 4805 3558 4875 ad

2013 4927 2329 4996 tantam
2404 4922 2915 5002 distantiam,
2995 4922 3087 4993 ad
3168 4924 3556 5012 quantam

2011 5038 2279 5112 virtus
2315 5037 2614 5111 sufficit
2651 5037 3209 5130 multiplicari.
3252 5037 3433 5107 Ideo
3460 5035 3553 5106 ad

2015 5155 2425 5227 sciendum
2465 5176 2637 5245 quse
2674 5175 3027 5247 corpora
3080 5153 3546 5245 impediunt,
3578 5154 3903 5265 dffggffisgg?

2015 5268 2455 5342 notandum
2502 5269 2704 5359 quod
2749 5270 3109 5361 quaedam
3146 5272 3334 5340 sunt
3378 5286 3553 5338 cor-

2018 5404 2217 5477 pora
2255 5382 2680 5474 diapbana,
2726 5388 2806 5457 et
2853 5403 3068 5463 rara,
3135 5381 3345 5454 sieut
3387 5402 3553 5462 aer,

2021 5499 2235 5590 ignis
2325 5502 2404 5571 et
2446 5499 2761 5581 cielum,
2830 5500 3188 5591 qusedam
3251 5497 3559 5589 perspi·

2018 5638 2194 5699 cua,
2243 5616 2452 5691 sicut
2504 5618 2975 5710 crystalli1S‚
3030 5620 3110 5692 et
3150 5615 3561 5710 hujusmo-
