4252 6393
1774 403 2140 482 QUAESTIO
2188 406 2266 468 lX

3502 402 3620 466 429

431 564 817 653 tanquam
898 563 1075 656 ejus
1164 564 1593 656 perfectio,
1685 569 1772 638 ut
1850 570 1975 639 est
2088 568 2452 642 rationes
2497 568 2574 642 in
2626 566 3138 642 contrarium
3193 565 3480 644 factas,
3545 564 3633 637 ut
3665 560 3981 626 1³²⁸1‘0'2‘12·

3662 631 3755 673 ων
3782 627 3858 674 ad
3884 641 3978 675 ar-

394 679 921 772 ‘principium
1004 683 1422 774 operandi,
1506 687 1594 756 ut
1668 682 1972 756 dictum
2084 686 2664 768 dissolvantur,
2711 686 3082 778 quamvis
3126 707 3272 779 per
3303 687 3630 779 praedic·
3686 696 3947 749 yumema
4036 734 4043 741 -

3725 750 3866 798 οείια
3898 763 3956 800 π.

428 799 589 877 est,
671 799 1062 889 tanquam
1135 800 1712 892 propinquum,
1799 799 1972 872 ideo
2084 806 2172 876 ta
2207 803 2409 877 satis
2443 807 2800 896 pateant.
2836 807 3034 878 Cum
3067 804 3279 876 enim
3312 803 3631 878 dicatur
3682 764 3954 926 fizssffl'm

429 932 732 1005 corpus
793 915 1067 996 sentit,
1129 935 1288 987 non
1348 921 1622 989 autem
1683 917 1977 991 intelli-

430 1028 573 1118 git.

518 1148 633 1218 Ad
667 1148 818 1221 hoc
851 1152 976 1222 est
1009 1143 1446 1230 sciendum,
1485 1150 1691 1242 quod
1725 1150 1979 1241 objec-

432 1267 604 1336 tum
650 1267 732 1338 et
775 1266 1147 1359 operatio
1200 1287 1361 1339 non
1439 1267 1977 1340 determinan-

432 1385 595 1460 tur,
657 1400 802 1452 nec
865 1382 1608 1473 proportionantur
1675 1381 1975 1472 agenti,

429 1493 586 1565 nisi
632 1495 953 1570 ratione
1000 1496 1245 1579 illius,
1293 1519 1448 1590 quo
1491 1499 1664 1590 agit
1700 1497 1981 1570 imme-

429 1611 667 1684 diate.
715 1614 1100 1695 Quamvis
1154 1620 1426 1689 autem
1485 1615 1976 1706 intelligenS,

433 1731 713 1822 utpote
745 1729 1012 1814 home,
1054 1733 1162 1806 sit
1193 1732 1785 1806 determinatus
1836 1753 1981 1825 per

433 1846 868 1919 materiam
960 1848 1516 1941 corporalem,
1601 1869 1776 1940 quae
1855 1851 1981 1922 est

431 1980 624 2052 pars
664 1964 867 2057 ejuS,
936 1963 1305 2056 quamvis
1356 1985 1514 2056 quo
1595 1964 1981 2054 intelligit

433 2085 523 2155 ut
573 2081 979 2175 principio
1024 2087 1371 2166 remote,
1429 2082 1744 2156 scilicet
1804 2083 1980 2175 ipsa

431 2198 887 2273 substantia
920 2200 1213 2273 animae
1256 2201 1364 2274 sit
1407 2201 1974 2287 determinata,

432 2313 620 2404 quia
698 2313 967 2387 forma
1046 2317 1417 2390 materiae
1485 2318 1975 2411 corporalis,

430 2429 620 2523 quia
668 2435 945 2505 tamen
992 2451 1148 2524 quo
1200 2432 1590 2524 intelligit
1642 2434 1979 2528 inquan-

430 2551 606 2620 tum
665 2548 829 2622 tale
898 2548 1386 2632 immediate,
1439 2549 1754 2624 scilicet
1803 2552 1979 2643 ipsa

428 2664 822 2757 potentia,
861 2687 1021 2738 non
1060 2671 1186 2740 est
1217 2666 1622 2758 corporiS,
1658 2688 1802 2741 nec
1847 2688 1980 2738 or-

428 2779 646 2866 gani,
685 2782 774 2853 ut
813 2779 1002 2862 dixi,
1043 2781 1216 2853 ideo
1252 2780 1427 2853 sola
1462 2780 1861 2873 operatio,
1897 2784 1978 2857 et

428 2917 667 2968 suum
724 2897 1128 2989 objectum
1179 2901 1304 2971 est
1348 2897 1676 2971 omnino
1728 2918 1774 2969 a
1818 2918 1980 2970 ma-

431 3014 645 3088 teria
715 3019 1186 3106 separatum
1241 3020 1321 3088 et
1406 3013 1977 3088 indetermina-

429 3135 635 3214 tum,
708 3129 882 3203 ideo
957 3133 1225 3224 potest
1283 3150 1463 3203 esse
1521 3130 1975 3223 subjectum

427 3267 817 3339 praesenS,
862 3246 987 3318 vel
1035 3247 1350 3329 absenS,
1394 3247 1519 3318 vel
1563 3246 1977 3320 universa-

426 3364 537 3446 le,
610 3364 738 3436 vel
820 3363 1351 3457 particulare.
1423 3365 1633 3436 Dum
1702 3368 1975 3437 autem

425 3481 679 3555 sentit
719 3480 989 3562 homo,
1033 3480 1162 3552 vel
1212 3479 1541 3562 animal,
1598 3502 1753 3572 quo
1807 3500 1977 3553 sen-

426 3599 533 3675 tit
586 3604 674 3673 ut
728 3597 1129 3691 principio
1192 3598 1673 3690 propinquo,
1732 3603 1812 3672 et
1909 3598 1978 3672 si

424 3738 590 3789 non
637 3716 931 3789 habeat
974 3714 1407 3788 materiam
1457 3716 1976 3807 corporalem

427 3838 750 3927 partem
796 3831 948 3914 sui,
995 3834 1121 3905 est
1171 3834 1442 3905 tamen
1497 3830 1768 3903 forma
1818 3851 1977 3903 ma-

422 3952 659 4027 teriae
691 3949 1154 4043 corporalis
1185 3953 1265 4023 et
1300 3949 1613 4041 organi,
1650 3952 1730 4022 et
1800 3969 1977 4041 ope-

425 4070 645 4144 ratio
713 4068 1095 4149 limitata,
1188 4066 1361 4138 ideo
1433 4087 1718 4138 sensus
1815 4087 1977 4138 non

424 4184 959 4280 apprehendit
1036 4184 1351 4264 absenS,
1433 4203 1580 4255 nec
1659 4182 1976 4254 univer-

425 4303 618 4376 sale.

522 4423 644 4492 Ex
736 4438 892 4511 quo
980 4416 1328 4490 ulterius
1425 4419 1672 4508 patet,
1766 4415 1975 4507 quod

427 4536 800 4629 quamvis
894 4532 1262 4627 potentia
1357 4532 1632 4624 aliquo
1738 4534 1971 4605 modo

424 4653 848 4726 abstracta
960 4649 1067 4723 sit
1138 4648 1401 4740 magis
1489 4668 1536 4719 a
1626 4648 1975 4721 materia

425 4788 666 4859 quam
703 4767 1184 4847 substantia,
1237 4763 1608 4858 quamvis
1651 4762 1974 4856 semper

424 4883 860 4957 secundum
910 4882 1261 4975 aliquem
1326 4880 1648 4953 modum
1712 4879 1790 4951 in
1848 4899 1972 4951 ea-

422 5002 597 5072 dem
680 5000 1029 5074 materia
1090 4999 1196 5073 sit
1257 4996 1622 5091 potentia
1674 4996 1753 5068 in
1815 5015 1973 5087 qua

424 5118 549 5187 est
602 5113 1088 5194 substantia,
1152 5117 1427 5186 tamen
1484 5111 1851 5204 potentia
1891 5115 1971 5184 et

427 5231 825 5324 operatio,
870 5234 950 5303 et
992 5231 1425 5302 secundum
1473 5249 1642 5299 rem
1686 5233 1766 5301 ct
1810 5248 1970 5300 mo-

423 5350 631 5433 dum,
668 5348 1101 5442 aequaliter
1132 5351 1321 5420 sunt
1355 5348 1800 5428 abstracta,
1846 5345 1972 5418 vel

426 5466 865 5557 conjuncta
907 5463 1300 5538 materiae.

523 5584 750 5655 Nunc
826 5585 1090 5654 restat
1162 5579 1321 5654 ista
1390 5577 1809 5672 applicare
1879 5576 1973 5649 ad

2088 919 2396 1011 primo:
2434 918 2711 994 Omnis
2742 917 3012 991 forma
3051 921 3628 1001 communicat,

2086 1042 2240 1110 etc.
2288 1037 2622 1118 ostendi,
2685 1036 2892 1127 quod
2934 1036 3085 1109 hoc
3126 1041 3252 1110 est
3301 1037 3626 1120 salsum,

2089 1177 2250 1228 non
2290 1154 2505 1227 enim
2536 1175 2631 1226 eo
2666 1155 2875 1246 quod
2906 1154 3175 1227 forma
3213 1176 3372 1228 non
3415 1178 3634 1231 com-

2092 1270 2452 1343 municat
2494 1269 2898 1341 actionem
2952 1290 3181 1343 suam
3234 1272 3627 1351 materiae,

2092 1387 2224 1458 sed
2293 1385 2480 1477 quia
2547 1384 2744 1459 facit
2811 1403 3056 1455 unum
3124 1404 3304 1455 cum
3358 1405 3478 1466 ea,
3546 1391 3634 1460 ut

2093 1508 2510 1577 ostensum
2577 1506 2725 1573 est.
2809 1502 2974 1572 Nec
3042 1499 3192 1574 hoc
3264 1500 3629 1584 intendit,

2091 1618 2455 1710 alioquin
2516 1637 2699 1690 cum
2758 1617 2998 1698 dicat,
3055 1617 3260 1708 quod
3301 1617 3634 1709 perinti-

2095 1753 2219 1804 me
2270 1731 2553 1804 unitur
2603 1729 3063 1804 intellectus
3113 1732 3474 1824 corpori,
3528 1733 3634 1805 di-

2092 1854 2316 1923 ceret
2377 1849 2582 1941 quod
2635 1869 2935 1941 corpus
2998 1847 3384 1940 intelligit
3439 1876 3454 1919 z
3502 1850 3636 1922 sed

2093 1965 2433 2039 intendit
2511 1966 2718 2057 quod
2785 1966 3372 2048 communicat,
3447 1967 3636 2059 quia

2092 2081 2387 2163 forma,
2453 2082 2661 2173 quod
2715 2084 2841 2155 est
2883 2080 3222 2164 falsum;
3269 2082 3634 2175 supposi-

2091 2201 2265 2270 tum
2307 2197 2521 2269 enim
2568 2197 2930 2270 divinum
2972 2218 3132 2270 non
3181 2202 3306 2272 est
3365 2197 3635 2271 forma

2091 2313 2654 2396 humanitatis,
2713 2318 2793 2388 et
2853 2319 3147 2397 tamen,
3186 2315 3636 2388 communi-

2090 2435 2223 2504 cat
2294 2428 2446 2504 sibi
2508 2450 2786 2503 omnes
2844 2431 3233 2506 actiones.
3306 2431 3632 2507 Ostendi

2089 2547 2365 2629 etiam,
2421 2548 2627 2640 quod
2698 2548 2960 2620 omnis
3027 2548 3293 2621 forma
3360 2553 3636 2623 actum

2092 2683 2326 2735 suum
2395 2663 2946 2738 communicat
3016 2666 3408 2746 materiae,
3483 2664 3635 2739 sal-

2091 2783 2255 2853 tem
2307 2785 2395 2854 ut
2439 2785 2564 2854 est
2605 2779 2684 2852 in
2727 2783 2930 2862 toto,
2967 2780 3082 2855 ita
3117 2784 3324 2875 quod
3358 2802 3634 2856 omnes

2090 2903 2322 2971 actus
2373 2897 2621 2972 etiam
2674 2898 3176 2991 intelligendi
3225 2905 3411 2974 sunt
3453 2920 3638 2972 con-

2081 3013 2381 3104 juncti;
2439 3014 2573 3085 sed
2624 3014 2692 3086 si
2743 3013 3012 3088 forma
3075 3015 3640 3108 imperfectior

2088 3149 2250 3202 non
2305 3132 2862 3209 communicat
2905 3131 3301 3217 materiae,
3368 3138 3454 3209 ut
3514 3139 3639 3209 est

2091 3265 2308 3337 pars,
2380 3265 2542 3318 non
2602 3247 2838 3330 dicet,
2903 3249 3109 3340 quod
3167 3248 3321 3322 hoc
3385 3249 3638 3325 faciat

2087 3360 2358 3433 forma
2403 3362 2809 3454 superior,
2873 3363 3035 3436 imo
3087 3366 3458 3458 sequitur
3507 3389 3638 3462 op-

2089 3477 2475 3569 positum,
2516 3484 2603 3554 ut
2638 3480 2977 3553 ostendi.

2177 3596 2288 3667 Ad
2323 3598 2780 3680 secundum,
2815 3598 3040 3670 nulla
3075 3601 3444 3683 materia,
3474 3605 3628 3677 etc.

2090 3711 2438 3783 concedo
2539 3712 2965 3805 maj0rem.
3047 3713 3161 3785 Ad
3231 3715 3631 3790 minorem

2090 3848 2271 3899 cum
2313 3826 2614 3901 dicitur
2648 3830 2936 3902 :Nulla
2986 3829 3253 3904 virtus
3302 3837 3634 3907 natura·

2092 3942 2284 4016 liter
2335 3946 2602 4037 potest
2656 3947 2848 4019 dare
2900 3946 3438 4023 sufficientem
3484 3951 3635 4024 dis-

2090 4061 2584 4153 positionem
2653 4063 2750 4135 ad
2827 4065 3406 4158 receptionem,
3477 4071 3631 4142 etc.

2087 4177 2290 4260 dicO,
2345 4180 2551 4270 quod
2602 4178 2900 4252 salsum
2950 4185 3108 4264 est;
3155 4204 3350 4256 vere
3421 4185 3636 4258 enim

2091 4294 2301 4369 sicut
2362 4300 2586 4369 totus
2620 4296 2861 4370 homo
2909 4299 3296 4392 intelligit
3338 4305 3418 4375 et
3466 4323 3635 4374 sen-

2088 4410 2214 4493 tit,
2263 4410 2378 4484 ita
2430 4415 2653 4485 totus
2703 4412 2947 4488 homo
3004 4419 3371 4507 generat.
3415 4418 3634 4490 Unde

2086 4547 2248 4598 non
2279 4530 2404 4601 est
2436 4527 3076 4620 intelligendum,
3116 4534 3325 4625 quod
3363 4535 3632 4609 virtus

2034 4646 2558 4733 'generantis
2630 4647 2734 4720 sit
2778 4647 3047 4722 decisa
3112 4650 3211 4722 ab
3277 4649 3629 4735 homine,

2087 4762 2174 4832 ut
2233 4763 2358 4834 est
2417 4762 2720 4834 animal
2774 4764 3062 4847 solum,
3117 4766 3279 4838 imo
3334 4771 3420 4841 ut
3471 4768 3633 4842 tale

2085 4876 2415 4959 animal,
2455 4878 2771 4953 scilicet
2846 4878 3123 4964 homo;
3169 4887 3251 4957 et
3293 4884 3465 4957 ideo
3508 4890 3634 4960 est

2087 4991 2192 5063 ibi
2232 4992 2501 5067 virtus
2535 4996 2852 5079 animae,
2891 5017 3050 5069 non
3085 4998 3352 5071 solum
3383 5003 3470 5073 ut
3509 5003 3633 5073 est

2085 5109 2502 5192 sensitiva,
2548 5113 2680 5184 sed
2718 5113 2969 5185 etiam
3003 5118 3091 5188 ut
3121 5118 3243 5188 est
3280 5115 3635 5194 Intellec-

2085 5226 2287 5310 tiva,
2354 5229 2542 5320 quia
2595 5229 3181 5305 intellectivum
3227 5235 3476 5308 etiam
3521 5256 3636 5308 se-

2084 5345 2431 5416 cundum
2518 5347 3087 5432 substantiam,
3169 5349 3440 5424 forma
3508 5358 3634 5427 est

2089 5459 2482 5543 materiae,
2550 5466 2629 5536 et
2682 5464 2854 5537 ideo
2916 5464 3106 5539 talis
3163 5468 3433 5541 virtus
3494 5468 3634 5540 hu-

2089 5598 2353 5661 mana,
2400 5599 2558 5650 non
2610 5580 2871 5654 solum
2912 5582 3317 5669 animalis,
3363 5589 3633 5683 potest

3688 937 3777 986 Ad
3799 909 3924 999 pre:-

3726 1013 3894 1051 mum.

3665 3627 3750 3679 Ad
3775 3639 3965 3677 secun-

3751 3691 3877 3740 dum
3890 3726 3904 3743 .
