<?xml version="1.0" encoding="UTF-8"?>
<!DOCTYPE html PUBLIC "-//W3C//DTD XHTML 1.0 Transitional//EN"
    "http://www.w3.org/TR/xhtml1/DTD/xhtml1-transitional.dtd">
<html xmlns="http://www.w3.org/1999/xhtml" xml:lang="en" lang="en">
 <head>
  <title>
</title>
<meta http-equiv="Content-Type" content="text/html;charset=utf-8" />
  <meta name='ocr-system' content='tesseract 3.04.00' />
  <meta name='ocr-capabilities' content='ocr_page ocr_carea ocr_par ocr_line ocrx_word'/>
</head>
<body>
  <div class='ocr_page' id='page_1' title='image "./joannisdunsscot03waddgoog_0569.png"; bbox 0 0 4252 6393; ppageno 0'>
   <div class='ocr_carea' id='block_1_1' title="bbox 140 3877 310 4057">
    <p class='ocr_par' dir='ltr' id='par_1_1' title="bbox 140 3877 310 4057">
     <span class='ocr_line' id='line_1_1' title="bbox 165 3877 235 3928; baseline 0.014 -1"><span class='ocrx_word' id='word_1_1' title='bbox 165 3877 235 3928; x_wconf 78' lang='lat'>25.</span> 
     </span>
     <span class='ocr_line' id='line_1_2' title="bbox 141 3940 310 4015; baseline -0.024 -24"><span class='ocrx_word' id='word_1_2' title='bbox 141 3940 189 4015; x_wconf 55' lang='grc' dir='ltr'>ἰᾷ</span> <span class='ocrx_word' id='word_1_3' title='bbox 209 3950 310 3990; x_wconf 61' lang='lat' dir='ltr'><strong><em>‘CX&#39;-</em></strong></span> 
     </span>
     <span class='ocr_line' id='line_1_3' title="bbox 140 4014 263 4057; baseline 0.041 -8"><span class='ocrx_word' id='word_1_4' title='bbox 140 4014 263 4057; x_wconf 75' lang='lat' dir='ltr'>lwm.</span> 
     </span>
    </p>
   </div>
   <div class='ocr_carea' id='block_1_2' title="bbox 1656 407 2203 487">
    <p class='ocr_par' dir='ltr' id='par_1_2' title="bbox 1656 407 2203 487">
     <span class='ocr_line' id='line_1_4' title="bbox 1656 407 2203 487; baseline -0.013 -14"><span class='ocrx_word' id='word_1_5' title='bbox 1656 407 2025 487; x_wconf 81' lang='lat' dir='ltr'>QUAESTIO</span> <span class='ocrx_word' id='word_1_6' title='bbox 2069 407 2203 471; x_wconf 80' lang='lat' dir='ltr'>xlv</span> 
     </span>
    </p>
   </div>
   <div class='ocr_carea' id='block_1_3' title="bbox 357 567 1931 5445">
    <p class='ocr_par' dir='ltr' id='par_1_3' title="bbox 363 567 1931 3819">
     <span class='ocr_line' id='line_1_5' title="bbox 389 567 1931 665; baseline -0.003 -22"><span class='ocrx_word' id='word_1_7' title='bbox 389 591 550 645; x_wconf 91' lang='lat' dir='ltr'>non</span> <span class='ocrx_word' id='word_1_8' title='bbox 581 575 706 645; x_wconf 87' lang='lat' dir='ltr'>est</span> <span class='ocrx_word' id='word_1_9' title='bbox 735 570 1113 665; x_wconf 74' lang='lat' dir='ltr'>lpraesens</span> <span class='ocrx_word' id='word_1_10' title='bbox 1169 571 1248 644; x_wconf 92' lang='lat' dir='ltr'>in</span> <span class='ocrx_word' id='word_1_11' title='bbox 1301 570 1620 644; x_wconf 83' lang='lat' dir='ltr'>ratione</span> <span class='ocrx_word' id='word_1_12' title='bbox 1662 567 1931 659; x_wconf 91' lang='lat' dir='ltr'>cogni·</span> 
     </span>
     <span class='ocr_line' id='line_1_6' title="bbox 387 686 1924 782; baseline -0.001 -20"><span class='ocrx_word' id='word_1_13' title='bbox 387 689 473 771; x_wconf 87' lang='lat' dir='ltr'>ti,</span> <span class='ocrx_word' id='word_1_14' title='bbox 538 689 697 761; x_wconf 92' lang='lat' dir='ltr'>nisi</span> <span class='ocrx_word' id='word_1_15' title='bbox 751 709 895 782; x_wconf 90' lang='lat' dir='ltr'>per</span> <span class='ocrx_word' id='word_1_16' title='bbox 945 689 1319 782; x_wconf 87' lang='lat' dir='ltr'>speciem.</span> <span class='ocrx_word' id='word_1_17' title='bbox 1368 689 1586 771; x_wconf 86' lang='lat' dir='ltr'>Quod</span> <span class='ocrx_word' id='word_1_18' title='bbox 1628 686 1924 767; x_wconf 89' lang='lat' dir='ltr'>dicunt,</span> 
     </span>
     <span class='ocr_line' id='line_1_7' title="bbox 387 804 1928 898; baseline 0.001 -24"><span class='ocrx_word' id='word_1_19' title='bbox 387 807 591 898; x_wconf 84' lang='lat' dir='ltr'>quod</span> <span class='ocrx_word' id='word_1_20' title='bbox 662 805 998 880; x_wconf 83' lang='lat' dir='ltr'>fortiori</span> <span class='ocrx_word' id='word_1_21' title='bbox 1071 807 1388 880; x_wconf 88' lang='lat' dir='ltr'>ratione</span> <span class='ocrx_word' id='word_1_22' title='bbox 1471 804 1928 878; x_wconf 86' lang='lat' dir='ltr'>intellectus</span> 
     </span>
     <span class='ocr_line' id='line_1_8' title="bbox 381 922 1928 1016; baseline 0 -23"><span class='ocrx_word' id='word_1_23' title='bbox 381 923 701 995; x_wconf 79' lang='lat' dir='ltr'>divinus</span> <span class='ocrx_word' id='word_1_24' title='bbox 762 923 1258 1015; x_wconf 74' lang='lat' dir='ltr'>intelligeret</span> <span class='ocrx_word' id='word_1_25' title='bbox 1332 943 1476 1016; x_wconf 90' lang='lat' dir='ltr'>per</span> <span class='ocrx_word' id='word_1_26' title='bbox 1545 922 1928 995; x_wconf 86' lang='lat' dir='ltr'>informa-</span> 
     </span>
     <span class='ocr_line' id='line_1_9' title="bbox 382 1038 1928 1132; baseline -0.002 -20"><span class='ocrx_word' id='word_1_27' title='bbox 382 1039 718 1126; x_wconf 85' lang='lat' dir='ltr'>tionem,</span> <span class='ocrx_word' id='word_1_28' title='bbox 798 1043 1018 1132; x_wconf 87' lang='lat' dir='ltr'>patet</span> <span class='ocrx_word' id='word_1_29' title='bbox 1083 1041 1289 1130; x_wconf 88' lang='lat' dir='ltr'>quod</span> <span class='ocrx_word' id='word_1_30' title='bbox 1338 1039 1624 1114; x_wconf 86' lang='lat' dir='ltr'>deficit.</span> <span class='ocrx_word' id='word_1_31' title='bbox 1692 1038 1928 1111; x_wconf 89' lang='lat' dir='ltr'>Intel-</span> 
     </span>
     <span class='ocr_line' id='line_1_10' title="bbox 383 1155 1930 1248; baseline 0 -20"><span class='ocrx_word' id='word_1_32' title='bbox 383 1157 640 1230; x_wconf 80' lang='lat' dir='ltr'>lectus</span> <span class='ocrx_word' id='word_1_33' title='bbox 675 1158 887 1229; x_wconf 92' lang='lat' dir='ltr'>enim</span> <span class='ocrx_word' id='word_1_34' title='bbox 928 1157 1076 1230; x_wconf 88' lang='lat' dir='ltr'>Dei</span> <span class='ocrx_word' id='word_1_35' title='bbox 1111 1177 1269 1228; x_wconf 91' lang='lat' dir='ltr'>non</span> <span class='ocrx_word' id='word_1_36' title='bbox 1314 1157 1611 1248; x_wconf 75' lang='lat' dir='ltr'>indiget</span> <span class='ocrx_word' id='word_1_37' title='bbox 1663 1155 1930 1248; x_wconf 84' lang='lat' dir='ltr'>specie</span> 
     </span>
     <span class='ocr_line' id='line_1_11' title="bbox 383 1273 1928 1365; baseline 0.001 -22"><span class='ocrx_word' id='word_1_38' title='bbox 383 1277 469 1347; x_wconf 90' lang='lat' dir='ltr'>ut</span> <span class='ocrx_word' id='word_1_39' title='bbox 540 1276 945 1354; x_wconf 86' lang='lat' dir='ltr'>actuctur,</span> <span class='ocrx_word' id='word_1_40' title='bbox 1023 1294 1167 1345; x_wconf 87' lang='lat' dir='ltr'>nec</span> <span class='ocrx_word' id='word_1_41' title='bbox 1225 1273 1473 1345; x_wconf 85' lang='lat' dir='ltr'>etiam</span> <span class='ocrx_word' id='word_1_42' title='bbox 1529 1279 1614 1347; x_wconf 88' lang='lat' dir='ltr'>ut</span> <span class='ocrx_word' id='word_1_43' title='bbox 1677 1273 1928 1365; x_wconf 86' lang='lat' dir='ltr'>objec-</span> 
     </span>
     <span class='ocr_line' id='line_1_12' title="bbox 382 1389 1928 1483; baseline 0.001 -20"><span class='ocrx_word' id='word_1_44' title='bbox 382 1394 560 1463; x_wconf 89' lang='lat' dir='ltr'>tum</span> <span class='ocrx_word' id='word_1_45' title='bbox 601 1389 754 1464; x_wconf 92' lang='lat' dir='ltr'>sibi</span> <span class='ocrx_word' id='word_1_46' title='bbox 795 1411 1156 1483; x_wconf 75' lang='lat' dir='ltr'>praesens</span> <span class='ocrx_word' id='word_1_47' title='bbox 1205 1390 1372 1472; x_wconf 87' lang='lat' dir='ltr'>flat,</span> <span class='ocrx_word' id='word_1_48' title='bbox 1429 1411 1612 1464; x_wconf 89' lang='lat' dir='ltr'>cum</span> <span class='ocrx_word' id='word_1_49' title='bbox 1656 1390 1763 1465; x_wconf 90' lang='lat' dir='ltr'>sit</span> <span class='ocrx_word' id='word_1_50' title='bbox 1804 1411 1928 1464; x_wconf 91' lang='lat' dir='ltr'>ac-</span> 
     </span>
     <span class='ocr_line' id='line_1_13' title="bbox 380 1508 1928 1600; baseline 0.001 -22"><span class='ocrx_word' id='word_1_51' title='bbox 380 1509 514 1578; x_wconf 91' lang='lat' dir='ltr'>tus</span> <span class='ocrx_word' id='word_1_52' title='bbox 559 1526 838 1600; x_wconf 89' lang='lat' dir='ltr'>purus,</span> <span class='ocrx_word' id='word_1_53' title='bbox 893 1512 974 1583; x_wconf 91' lang='lat' dir='ltr'>et</span> <span class='ocrx_word' id='word_1_54' title='bbox 1025 1529 1171 1580; x_wconf 90' lang='lat' dir='ltr'>sua</span> <span class='ocrx_word' id='word_1_55' title='bbox 1216 1508 1572 1583; x_wconf 82' lang='lat' dir='ltr'>essentia</span> <span class='ocrx_word' id='word_1_56' title='bbox 1623 1508 1732 1582; x_wconf 91' lang='lat' dir='ltr'>sit</span> <span class='ocrx_word' id='word_1_57' title='bbox 1777 1508 1928 1580; x_wconf 90' lang='lat' dir='ltr'>sibi</span> 
     </span>
     <span class='ocr_line' id='line_1_14' title="bbox 385 1622 1922 1716; baseline 0.001 -23"><span class='ocrx_word' id='word_1_58' title='bbox 385 1622 604 1694; x_wconf 81' lang='lat' dir='ltr'>ratio</span> <span class='ocrx_word' id='word_1_59' title='bbox 685 1623 1187 1716; x_wconf 90' lang='lat' dir='ltr'>intelligendi</span> <span class='ocrx_word' id='word_1_60' title='bbox 1265 1644 1382 1707; x_wconf 91' lang='lat' dir='ltr'>se,</span> <span class='ocrx_word' id='word_1_61' title='bbox 1466 1628 1543 1697; x_wconf 88' lang='lat' dir='ltr'>et</span> <span class='ocrx_word' id='word_1_62' title='bbox 1626 1623 1922 1696; x_wconf 87' lang='lat' dir='ltr'>omnia.</span> 
     </span>
     <span class='ocr_line' id='line_1_15' title="bbox 381 1740 1927 1836; baseline 0.002 -24"><span class='ocrx_word' id='word_1_63' title='bbox 381 1745 574 1824; x_wconf 84' lang='lat' dir='ltr'>Quae</span> <span class='ocrx_word' id='word_1_64' title='bbox 633 1740 786 1814; x_wconf 92' lang='lat' dir='ltr'>duo</span> <span class='ocrx_word' id='word_1_65' title='bbox 843 1742 1221 1816; x_wconf 85' lang='lat' dir='ltr'>deficiunt</span> <span class='ocrx_word' id='word_1_66' title='bbox 1279 1743 1366 1816; x_wconf 85' lang='lat' dir='ltr'>in¹</span> <span class='ocrx_word' id='word_1_67' title='bbox 1424 1763 1927 1836; x_wconf 87' lang='lat' dir='ltr'>quocumque</span> 
     </span>
     <span class='ocr_line' id='line_1_16' title="bbox 380 1857 1927 1946; baseline 0.001 -16"><span class='ocrx_word' id='word_1_68' title='bbox 380 1857 798 1933; x_wconf 88' lang='lat' dir='ltr'>intellectu</span> <span class='ocrx_word' id='word_1_69' title='bbox 857 1864 1167 1946; x_wconf 82' lang='lat' dir='ltr'>creatO,</span> <span class='ocrx_word' id='word_1_70' title='bbox 1233 1880 1416 1935; x_wconf 92' lang='lat' dir='ltr'>cum</span> <span class='ocrx_word' id='word_1_71' title='bbox 1462 1861 1554 1933; x_wconf 89' lang='lat' dir='ltr'>de</span> <span class='ocrx_word' id='word_1_72' title='bbox 1604 1860 1927 1934; x_wconf 88' lang='lat' dir='ltr'>ratione</span> 
     </span>
     <span class='ocr_line' id='line_1_17' title="bbox 374 1975 1928 2065; baseline 0.003 -19"><span class='ocrx_word' id='word_1_73' title='bbox 374 1975 846 2048; x_wconf 87' lang='lat' dir='ltr'>intellectus</span> <span class='ocrx_word' id='word_1_74' title='bbox 932 1978 1194 2052; x_wconf 89' lang='lat' dir='ltr'>creati</span> <span class='ocrx_word' id='word_1_75' title='bbox 1273 1978 1380 2051; x_wconf 92' lang='lat' dir='ltr'>sit</span> <span class='ocrx_word' id='word_1_76' title='bbox 1463 1977 1928 2065; x_wconf 85' lang='lat' dir='ltr'>intelligere</span> 
     </span>
     <span class='ocr_line' id='line_1_18' title="bbox 370 2091 1924 2183; baseline 0.003 -20"><span class='ocrx_word' id='word_1_77' title='bbox 370 2112 521 2183; x_wconf 87' lang='lat' dir='ltr'>per</span> <span class='ocrx_word' id='word_1_78' title='bbox 628 2091 1297 2168; x_wconf 77' lang='lat' dir='ltr'>informationem</span> <span class='ocrx_word' id='word_1_79' title='bbox 1399 2114 1561 2165; x_wconf 93' lang='lat' dir='ltr'>non</span> <span class='ocrx_word' id='word_1_80' title='bbox 1658 2094 1924 2168; x_wconf 90' lang='lat' dir='ltr'>solum</span> 
     </span>
     <span class='ocr_line' id='line_1_19' title="bbox 367 2206 1923 2304; baseline 0.004 -25"><span class='ocrx_word' id='word_1_81' title='bbox 367 2206 564 2291; x_wconf 85' lang='lat' dir='ltr'>alia,</span> <span class='ocrx_word' id='word_1_82' title='bbox 616 2210 750 2282; x_wconf 88' lang='lat' dir='ltr'>sed</span> <span class='ocrx_word' id='word_1_83' title='bbox 790 2212 869 2283; x_wconf 90' lang='lat' dir='ltr'>et</span> <span class='ocrx_word' id='word_1_84' title='bbox 914 2211 1301 2304; x_wconf 86' lang='lat' dir='ltr'>seipsum,</span> <span class='ocrx_word' id='word_1_85' title='bbox 1348 2210 1556 2304; x_wconf 92' lang='lat' dir='ltr'>quod</span> <span class='ocrx_word' id='word_1_86' title='bbox 1599 2230 1762 2283; x_wconf 90' lang='lat' dir='ltr'>non</span> <span class='ocrx_word' id='word_1_87' title='bbox 1801 2216 1923 2285; x_wconf 89' lang='lat' dir='ltr'>est</span> 
     </span>
     <span class='ocr_line' id='line_1_20' title="bbox 372 2322 1925 2400; baseline 0.003 -6"><span class='ocrx_word' id='word_1_88' title='bbox 372 2322 977 2397; x_wconf 85' lang='lat' dir='ltr'>inconveniens.</span> <span class='ocrx_word' id='word_1_89' title='bbox 1027 2326 1199 2399; x_wconf 92' lang='lat' dir='ltr'>Imo</span> <span class='ocrx_word' id='word_1_90' title='bbox 1242 2326 1566 2399; x_wconf 82' lang='lat' dir='ltr'>videtur</span> <span class='ocrx_word' id='word_1_91' title='bbox 1609 2330 1925 2400; x_wconf 90' lang='lat' dir='ltr'>senten-</span> 
     </span>
     <span class='ocr_line' id='line_1_21' title="bbox 370 2441 1924 2523; baseline 0.003 -12"><span class='ocrx_word' id='word_1_92' title='bbox 370 2441 495 2512; x_wconf 90' lang='lat' dir='ltr'>tia</span> <span class='ocrx_word' id='word_1_93' title='bbox 528 2442 1050 2523; x_wconf 89' lang='lat' dir='ltr'>Sanctorum;</span> <span class='ocrx_word' id='word_1_94' title='bbox 1096 2441 1211 2514; x_wconf 89' lang='lat' dir='ltr'>ait</span> <span class='ocrx_word' id='word_1_95' title='bbox 1244 2442 1460 2515; x_wconf 91' lang='lat' dir='ltr'>enim</span> <span class='ocrx_word' id='word_1_96' title='bbox 1495 2443 1924 2516; x_wconf 84' lang='lat' dir='ltr'>Anselmus</span> 
     </span>
     <span class='ocr_line' id='line_1_22' title="bbox 374 2553 1924 2650; baseline 0.001 -25"><span class='ocrx_word' id='word_1_97' title='bbox 374 2553 458 2625; x_wconf 93' lang='lat' dir='ltr'>in</span> <span class='ocrx_word' id='word_1_98' title='bbox 501 2554 977 2646; x_wconf 88' lang='lat' dir='ltr'>Monologio</span> <span class='ocrx_word' id='word_1_99' title='bbox 1020 2576 1194 2650; x_wconf 88' lang='lat' dir='ltr'>cap.</span> <span class='ocrx_word' id='word_1_100' title='bbox 1244 2560 1355 2629; x_wconf 89' lang='lat'>31.</span> <span class='ocrx_word' id='word_1_101' title='bbox 1408 2561 1613 2627; x_wconf 74' lang='lat' dir='ltr'><em>Nulla</em></span> <span class='ocrx_word' id='word_1_102' title='bbox 1664 2563 1924 2628; x_wconf 80' lang='lat' dir='ltr'>ratione</span> 
     </span>
     <span class='ocr_line' id='line_1_23' title="bbox 373 2677 1926 2760; baseline 0.004 -22"><span class='ocrx_word' id='word_1_103' title='bbox 373 2677 617 2760; x_wconf 69' lang='lat' dir='ltr'>nequi-i</span> <span class='ocrx_word' id='word_1_104' title='bbox 675 2686 908 2760; x_wconf 81' lang='lat' dir='ltr'>polest,</span> <span class='ocrx_word' id='word_1_105' title='bbox 974 2697 1116 2741; x_wconf 80' lang='lat' dir='ltr'>cum</span> <span class='ocrx_word' id='word_1_106' title='bbox 1184 2698 1368 2743; x_wconf 78' lang='lat' dir='ltr'>mens</span> <span class='ocrx_word' id='word_1_107' title='bbox 1436 2679 1793 2744; x_wconf 75' lang='lat' dir='ltr'>rationalis</span> <span class='ocrx_word' id='word_1_108' title='bbox 1858 2699 1926 2744; x_wconf 82' lang='lat' dir='ltr'>se</span> 
     </span>
     <span class='ocr_line' id='line_1_24' title="bbox 373 2791 1922 2882; baseline 0.004 -28"><span class='ocrx_word' id='word_1_109' title='bbox 373 2792 592 2875; x_wconf 77' lang='lat' dir='ltr'>ipsam</span> <span class='ocrx_word' id='word_1_110' title='bbox 631 2791 986 2878; x_wconf 70' lang='lat' dir='ltr'>coqitando</span> <span class='ocrx_word' id='word_1_111' title='bbox 1035 2793 1352 2873; x_wconf 70' lang='lat' dir='ltr'>inlelliqil</span> <span class='ocrx_word' id='word_1_112' title='bbox 1403 2795 1765 2881; x_wconf 69' lang='lat' dir='ltr'>imaqincm</span> <span class='ocrx_word' id='word_1_113' title='bbox 1824 2796 1922 2882; x_wconf 78' lang='lat' dir='ltr'>ip-</span> 
     </span>
     <span class='ocr_line' id='line_1_25' title="bbox 364 2907 1924 2999; baseline 0.005 -29"><span class='ocrx_word' id='word_1_114' title='bbox 364 2907 509 2972; x_wconf 77' lang='lat' dir='ltr'>sius</span> <span class='ocrx_word' id='word_1_115' title='bbox 547 2909 738 2972; x_wconf 76' lang='lat' dir='ltr'>nasci</span> <span class='ocrx_word' id='word_1_116' title='bbox 778 2908 850 2973; x_wconf 83' lang='lat' dir='ltr'>in</span> <span class='ocrx_word' id='word_1_117' title='bbox 886 2929 1006 2974; x_wconf 80' lang='lat' dir='ltr'>sua</span> <span class='ocrx_word' id='word_1_118' title='bbox 1048 2911 1472 2997; x_wconf 66' lang='grc' dir='ltr'><strong><em>εοῃίιαιίοηε,</em></strong></span> <span class='ocrx_word' id='word_1_119' title='bbox 1523 2913 1656 2977; x_wconf 82' lang='lat' dir='ltr'>imo</span> <span class='ocrx_word' id='word_1_120' title='bbox 1709 2913 1924 2999; x_wconf 78' lang='lat' dir='ltr'>ipsam</span> 
     </span>
     <span class='ocr_line' id='line_1_26' title="bbox 364 3024 1924 3115; baseline 0.008 -28"><span class='ocrx_word' id='word_1_121' title='bbox 364 3024 841 3112; x_wconf 69' lang='lat' dir='ltr'>coqicalionem</span> <span class='ocrx_word' id='word_1_122' title='bbox 871 3027 980 3090; x_wconf 80' lang='lat' dir='ltr'>sui</span> <span class='ocrx_word' id='word_1_123' title='bbox 1015 3048 1151 3093; x_wconf 77' lang='lat' dir='ltr'>esse</span> <span class='ocrx_word' id='word_1_124' title='bbox 1189 3029 1580 3115; x_wconf 66' lang='lat' dir='ltr'>imayi&#39;nem.</span> <span class='ocrx_word' id='word_1_125' title='bbox 1637 3027 1924 3100; x_wconf 75' lang='lat' dir='ltr'>Posset</span> 
     </span>
     <span class='ocr_line' id='line_1_27' title="bbox 366 3137 1916 3234; baseline 0.003 -24"><span class='ocrx_word' id='word_1_126' title='bbox 366 3137 624 3212; x_wconf 85' lang='lat' dir='ltr'>etiam</span> <span class='ocrx_word' id='word_1_127' title='bbox 692 3138 871 3222; x_wconf 87' lang='lat' dir='ltr'>dici,</span> <span class='ocrx_word' id='word_1_128' title='bbox 939 3142 1144 3234; x_wconf 86' lang='lat' dir='ltr'>quod</span> <span class='ocrx_word' id='word_1_129' title='bbox 1202 3161 1363 3214; x_wconf 92' lang='lat' dir='ltr'>non</span> <span class='ocrx_word' id='word_1_130' title='bbox 1420 3146 1544 3216; x_wconf 88' lang='lat' dir='ltr'>est</span> <span class='ocrx_word' id='word_1_131' title='bbox 1608 3143 1916 3227; x_wconf 87' lang='lat' dir='ltr'>si1nile;</span> 
     </span>
     <span class='ocr_line' id='line_1_28' title="bbox 364 3255 1919 3353; baseline 0.005 -27"><span class='ocrx_word' id='word_1_132' title='bbox 364 3274 562 3327; x_wconf 85' lang='lat' dir='ltr'>nam</span> <span class='ocrx_word' id='word_1_133' title='bbox 643 3255 1104 3331; x_wconf 87' lang='lat' dir='ltr'>intellectus</span> <span class='ocrx_word' id='word_1_134' title='bbox 1183 3260 1334 3332; x_wconf 88' lang='lat' dir='ltr'>sibi</span> <span class='ocrx_word' id='word_1_135' title='bbox 1418 3260 1684 3351; x_wconf 89' lang='lat' dir='ltr'>primo</span> <span class='ocrx_word' id='word_1_136' title='bbox 1764 3260 1919 3353; x_wconf 89' lang='lat' dir='ltr'>ipsi</span> 
     </span>
     <span class='ocr_line' id='line_1_29' title="bbox 369 3375 1921 3466; baseline 0.005 -25"><span class='ocrx_word' id='word_1_137' title='bbox 369 3392 734 3465; x_wconf 86' lang='lat' dir='ltr'>praesens</span> <span class='ocrx_word' id='word_1_138' title='bbox 811 3378 935 3447; x_wconf 92' lang='lat' dir='ltr'>est</span> <span class='ocrx_word' id='word_1_139' title='bbox 1017 3395 1160 3466; x_wconf 90' lang='lat' dir='ltr'>per</span> <span class='ocrx_word' id='word_1_140' title='bbox 1245 3396 1476 3448; x_wconf 82' lang='lat' dir='ltr'>suam</span> <span class='ocrx_word' id='word_1_141' title='bbox 1549 3375 1921 3451; x_wconf 89' lang='lat' dir='ltr'>substan-</span> 
     </span>
     <span class='ocr_line' id='line_1_30' title="bbox 363 3489 1922 3576; baseline 0.002 -15"><span class='ocrx_word' id='word_1_142' title='bbox 363 3490 609 3569; x_wconf 85' lang='lat' dir='ltr'>tiam;</span> <span class='ocrx_word' id='word_1_143' title='bbox 683 3489 846 3563; x_wconf 88' lang='lat' dir='ltr'>alia</span> <span class='ocrx_word' id='word_1_144' title='bbox 915 3497 1186 3566; x_wconf 88' lang='lat' dir='ltr'>autem</span> <span class='ocrx_word' id='word_1_145' title='bbox 1257 3514 1441 3565; x_wconf 92' lang='lat' dir='ltr'>non.</span> <span class='ocrx_word' id='word_1_146' title='bbox 1515 3499 1780 3576; x_wconf 81' lang='lat' dir='ltr'>Quare</span> <span class='ocrx_word' id='word_1_147' title='bbox 1843 3496 1922 3567; x_wconf 93' lang='lat' dir='ltr'>in</span> 
     </span>
     <span class='ocr_line' id='line_1_31' title="bbox 369 3605 1920 3704; baseline 0.006 -27"><span class='ocrx_word' id='word_1_148' title='bbox 369 3605 541 3678; x_wconf 90' lang='lat' dir='ltr'>illis</span> <span class='ocrx_word' id='word_1_149' title='bbox 577 3606 882 3698; x_wconf 77' lang='lat' dir='ltr'>indiget</span> <span class='ocrx_word' id='word_1_150' title='bbox 914 3610 1203 3702; x_wconf 89' lang='lat' dir='ltr'>specie,</span> <span class='ocrx_word' id='word_1_151' title='bbox 1242 3612 1335 3682; x_wconf 87' lang='lat' dir='ltr'>ad</span> <span class='ocrx_word' id='word_1_152' title='bbox 1370 3613 1920 3704; x_wconf 83' lang='lat' dir='ltr'>cognitionem</span> 
     </span>
     <span class='ocr_line' id='line_1_32' title="bbox 372 3725 1374 3819; baseline 0.004 -26"><span class='ocrx_word' id='word_1_153' title='bbox 372 3725 652 3795; x_wconf 87' lang='lat' dir='ltr'>autem</span> <span class='ocrx_word' id='word_1_154' title='bbox 688 3725 811 3797; x_wconf 90' lang='lat' dir='ltr'>sui</span> <span class='ocrx_word' id='word_1_155' title='bbox 843 3745 1003 3797; x_wconf 94' lang='lat' dir='ltr'>non</span> <span class='ocrx_word' id='word_1_156' title='bbox 1047 3726 1374 3819; x_wconf 87' lang='lat' dir='ltr'>indiget.</span> 
     </span>
    </p>

    <p class='ocr_par' dir='ltr' id='par_1_4' title="bbox 357 3840 1922 5445">
     <span class='ocr_line' id='line_1_33' title="bbox 464 3840 1922 3934; baseline 0.005 -22"><span class='ocrx_word' id='word_1_157' title='bbox 464 3840 759 3916; x_wconf 80' lang='lat' dir='ltr'>Restat</span> <span class='ocrx_word' id='word_1_158' title='bbox 792 3842 1049 3934; x_wconf 89' lang='lat' dir='ltr'>igitur</span> <span class='ocrx_word' id='word_1_159' title='bbox 1083 3843 1403 3918; x_wconf 79' lang='lat' dir='ltr'>solvere</span> <span class='ocrx_word' id='word_1_160' title='bbox 1435 3846 1640 3917; x_wconf 86' lang='lat' dir='ltr'>alias</span> <span class='ocrx_word' id='word_1_161' title='bbox 1679 3849 1922 3922; x_wconf 89' lang='lat' dir='ltr'>ratio·</span> 
     </span>
     <span class='ocr_line' id='line_1_34' title="bbox 369 3958 1914 4055; baseline 0.003 -24"><span class='ocrx_word' id='word_1_162' title='bbox 369 3979 542 4040; x_wconf 89' lang='lat' dir='ltr'>nes,</span> <span class='ocrx_word' id='word_1_163' title='bbox 582 3977 780 4052; x_wconf 84' lang='lat' dir='ltr'>quas</span> <span class='ocrx_word' id='word_1_164' title='bbox 816 3958 1124 4032; x_wconf 81' lang='lat' dir='ltr'>faciunt</span> <span class='ocrx_word' id='word_1_165' title='bbox 1167 3982 1264 4032; x_wconf 82' lang='lat' dir='ltr'>ex</span> <span class='ocrx_word' id='word_1_166' title='bbox 1308 3965 1544 4053; x_wconf 83' lang='lat' dir='ltr'>parte</span> <span class='ocrx_word' id='word_1_167' title='bbox 1597 3961 1914 4055; x_wconf 89' lang='lat' dir='ltr'>objecti,</span> 
     </span>
     <span class='ocr_line' id='line_1_35' title="bbox 366 4076 1914 4169; baseline 0 -21"><span class='ocrx_word' id='word_1_168' title='bbox 366 4097 466 4148; x_wconf 79' lang='lat' dir='ltr'>ex</span> <span class='ocrx_word' id='word_1_169' title='bbox 529 4077 763 4169; x_wconf 86' lang='lat' dir='ltr'>parte</span> <span class='ocrx_word' id='word_1_170' title='bbox 822 4076 1145 4168; x_wconf 89' lang='lat' dir='ltr'>speciei,</span> <span class='ocrx_word' id='word_1_171' title='bbox 1208 4097 1305 4147; x_wconf 79' lang='lat' dir='ltr'>ex</span> <span class='ocrx_word' id='word_1_172' title='bbox 1369 4082 1601 4169; x_wconf 84' lang='lat' dir='ltr'>parte</span> <span class='ocrx_word' id='word_1_173' title='bbox 1660 4083 1914 4152; x_wconf 84' lang='lat' dir='ltr'>actus.</span> 
     </span>
     <span class='ocr_line' id='line_1_36' title="bbox 368 4190 1917 4286; baseline 0.004 -25"><span class='ocrx_word' id='word_1_174' title='bbox 368 4191 592 4274; x_wconf 84' lang='lat' dir='ltr'>Quod</span> <span class='ocrx_word' id='word_1_175' title='bbox 652 4190 919 4283; x_wconf 91' lang='lat' dir='ltr'>primo</span> <span class='ocrx_word' id='word_1_176' title='bbox 970 4191 1295 4275; x_wconf 89' lang='lat' dir='ltr'>dicitur,</span> <span class='ocrx_word' id='word_1_177' title='bbox 1361 4193 1565 4283; x_wconf 84' lang='lat' dir='ltr'>quod</span> <span class='ocrx_word' id='word_1_178' title='bbox 1608 4196 1917 4286; x_wconf 89' lang='lat' dir='ltr'>species</span> 
     </span>
     <span class='ocr_line' id='line_1_37' title="bbox 368 4307 1918 4390; baseline 0.005 -12"><span class='ocrx_word' id='word_1_179' title='bbox 368 4307 655 4379; x_wconf 84' lang='lat' dir='ltr'>unitur</span> <span class='ocrx_word' id='word_1_180' title='bbox 699 4307 1173 4390; x_wconf 89' lang='lat' dir='ltr'>intellectui,</span> <span class='ocrx_word' id='word_1_181' title='bbox 1215 4311 1298 4381; x_wconf 88' lang='lat' dir='ltr'>ut</span> <span class='ocrx_word' id='word_1_182' title='bbox 1340 4308 1610 4381; x_wconf 82' lang='lat' dir='ltr'>forma</span> <span class='ocrx_word' id='word_1_183' title='bbox 1665 4317 1918 4386; x_wconf 88' lang='lat' dir='ltr'>mate-</span> 
     </span>
     <span class='ocr_line' id='line_1_38' title="bbox 370 4425 1918 4517; baseline 0.004 -19"><span class='ocrx_word' id='word_1_184' title='bbox 370 4426 547 4508; x_wconf 76' lang='lat' dir='ltr'>1·iae;</span> <span class='ocrx_word' id='word_1_185' title='bbox 589 4425 994 4517; x_wconf 89' lang='lat' dir='ltr'>objectum</span> <span class='ocrx_word' id='word_1_186' title='bbox 1021 4429 1499 4507; x_wconf 86' lang='lat' dir='ltr'>autemnon,</span> <span class='ocrx_word' id='word_1_187' title='bbox 1541 4428 1674 4500; x_wconf 90' lang='lat' dir='ltr'>sed</span> <span class='ocrx_word' id='word_1_188' title='bbox 1707 4429 1918 4504; x_wconf 91' lang='lat' dir='ltr'>sicut</span> 
     </span>
     <span class='ocr_line' id='line_1_39' title="bbox 363 4543 1915 4634; baseline 0.003 -20"><span class='ocrx_word' id='word_1_189' title='bbox 363 4543 788 4634; x_wconf 89' lang='lat' dir='ltr'>cognitum</span> <span class='ocrx_word' id='word_1_190' title='bbox 857 4543 1407 4634; x_wconf 83' lang='lat' dir='ltr'>cognoscenti,</span> <span class='ocrx_word' id='word_1_191' title='bbox 1491 4547 1641 4617; x_wconf 90' lang='lat' dir='ltr'>etc.</span> <span class='ocrx_word' id='word_1_192' title='bbox 1716 4547 1915 4619; x_wconf 85' lang='lat' dir='ltr'>Res-</span> 
     </span>
     <span class='ocr_line' id='line_1_40' title="bbox 367 4659 1914 4752; baseline 0.003 -21"><span class='ocrx_word' id='word_1_193' title='bbox 367 4659 675 4752; x_wconf 87' lang='lat' dir='ltr'>pondeo</span> <span class='ocrx_word' id='word_1_194' title='bbox 718 4685 732 4727; x_wconf 78' lang='grc' dir='ltr'>ε</span> <span class='ocrx_word' id='word_1_195' title='bbox 780 4659 1058 4732; x_wconf 85' lang='lat' dir='ltr'>Primo</span> <span class='ocrx_word' id='word_1_196' title='bbox 1099 4660 1275 4733; x_wconf 90' lang='lat' dir='ltr'>dico</span> <span class='ocrx_word' id='word_1_197' title='bbox 1323 4662 1528 4752; x_wconf 87' lang='lat' dir='ltr'>quod</span> <span class='ocrx_word' id='word_1_198' title='bbox 1580 4661 1750 4736; x_wconf 79' lang='lat' dir='ltr'>liaec</span> <span class='ocrx_word' id='word_1_199' title='bbox 1796 4685 1914 4736; x_wconf 87' lang='lat' dir='ltr'>ra·</span> 
     </span>
     <span class='ocr_line' id='line_1_41' title="bbox 363 4775 1911 4871; baseline 0.001 -21"><span class='ocrx_word' id='word_1_200' title='bbox 363 4776 483 4851; x_wconf 90' lang='lat' dir='ltr'>tio</span> <span class='ocrx_word' id='word_1_201' title='bbox 550 4775 899 4849; x_wconf 75' lang='lat' dir='ltr'>destruit</span> <span class='ocrx_word' id='word_1_202' title='bbox 967 4777 1485 4869; x_wconf 86' lang='lat' dir='ltr'>propositum</span> <span class='ocrx_word' id='word_1_203' title='bbox 1563 4799 1911 4871; x_wconf 82' lang='lat' dir='ltr'>arguen-</span> 
     </span>
     <span class='ocr_line' id='line_1_42' title="bbox 363 4891 1911 4988; baseline 0.004 -22"><span class='ocrx_word' id='word_1_204' title='bbox 363 4894 473 4966; x_wconf 92' lang='lat' dir='ltr'>tis</span> <span class='ocrx_word' id='word_1_205' title='bbox 543 4919 558 4962; x_wconf 91' lang='lat'>:</span> <span class='ocrx_word' id='word_1_206' title='bbox 633 4892 701 4965; x_wconf 92' lang='lat' dir='ltr'>si</span> <span class='ocrx_word' id='word_1_207' title='bbox 772 4891 987 4964; x_wconf 92' lang='lat' dir='ltr'>enim</span> <span class='ocrx_word' id='word_1_208' title='bbox 1056 4893 1398 4985; x_wconf 87' lang='lat' dir='ltr'>species,</span> <span class='ocrx_word' id='word_1_209' title='bbox 1468 4896 1652 4988; x_wconf 87' lang='lat' dir='ltr'>quia</span> <span class='ocrx_word' id='word_1_210' title='bbox 1713 4898 1911 4973; x_wconf 82' lang='lat' dir='ltr'>facit</span> 
     </span>
     <span class='ocr_line' id='line_1_43' title="bbox 365 5008 1909 5106; baseline 0.006 -29"><span class='ocrx_word' id='word_1_211' title='bbox 365 5027 612 5079; x_wconf 92' lang='lat' dir='ltr'>unum</span> <span class='ocrx_word' id='word_1_212' title='bbox 666 5028 848 5079; x_wconf 90' lang='lat' dir='ltr'>cum</span> <span class='ocrx_word' id='word_1_213' title='bbox 904 5008 1345 5091; x_wconf 88' lang='lat' dir='ltr'>intellectu,</span> <span class='ocrx_word' id='word_1_214' title='bbox 1394 5030 1553 5082; x_wconf 92' lang='lat' dir='ltr'>non</span> <span class='ocrx_word' id='word_1_215' title='bbox 1589 5014 1909 5106; x_wconf 83' lang='lat' dir='ltr'>supplet</span> 
     </span>
     <span class='ocr_line' id='line_1_44' title="bbox 357 5125 1908 5223; baseline 0.006 -28"><span class='ocrx_word' id='word_1_216' title='bbox 357 5126 622 5198; x_wconf 79' lang='lat' dir='ltr'>vicem</span> <span class='ocrx_word' id='word_1_217' title='bbox 696 5125 989 5217; x_wconf 87' lang='lat' dir='ltr'>objecti</span> <span class='ocrx_word' id='word_1_218' title='bbox 1051 5131 1441 5218; x_wconf 82' lang='lat' dir='ltr'>quantum</span> <span class='ocrx_word' id='word_1_219' title='bbox 1546 5131 1640 5201; x_wconf 83' lang='lat' dir='ltr'>ad</span> <span class='ocrx_word' id='word_1_220' title='bbox 1712 5152 1908 5223; x_wconf 81' lang='lat' dir='ltr'>prae-</span> 
     </span>
     <span class='ocr_line' id='line_1_45' title="bbox 362 5241 1904 5331; baseline 0.006 -20"><span class='ocrx_word' id='word_1_221' title='bbox 362 5241 747 5323; x_wconf 82' lang='lat' dir='ltr'>sentiam;</span> <span class='ocrx_word' id='word_1_222' title='bbox 824 5262 1024 5331; x_wconf 89' lang='lat' dir='ltr'>ergo</span> <span class='ocrx_word' id='word_1_223' title='bbox 1098 5263 1242 5315; x_wconf 90' lang='lat' dir='ltr'>nec</span> <span class='ocrx_word' id='word_1_224' title='bbox 1312 5250 1545 5319; x_wconf 85' lang='lat' dir='ltr'>actus</span> <span class='ocrx_word' id='word_1_225' title='bbox 1616 5246 1904 5321; x_wconf 89' lang='lat' dir='ltr'>intelli·</span> 
     </span>
     <span class='ocr_line' id='line_1_46' title="bbox 361 5357 1902 5445; baseline 0.006 -18"><span class='ocrx_word' id='word_1_226' title='bbox 361 5357 614 5445; x_wconf 80' lang='lat' dir='ltr'>gendi,</span> <span class='ocrx_word' id='word_1_227' title='bbox 660 5380 847 5430; x_wconf 91' lang='lat' dir='ltr'>cum</span> <span class='ocrx_word' id='word_1_228' title='bbox 882 5359 988 5431; x_wconf 92' lang='lat' dir='ltr'>sit</span> <span class='ocrx_word' id='word_1_229' title='bbox 1033 5358 1251 5432; x_wconf 89' lang='lat' dir='ltr'>intra</span> <span class='ocrx_word' id='word_1_230' title='bbox 1294 5382 1626 5435; x_wconf 84' lang='lat' dir='ltr'>manens</span> <span class='ocrx_word' id='word_1_231' title='bbox 1673 5365 1749 5435; x_wconf 90' lang='lat' dir='ltr'>in</span> <span class='ocrx_word' id='word_1_232' title='bbox 1794 5365 1902 5437; x_wconf 89' lang='lat' dir='ltr'>in-</span> 
     </span>
    </p>
   </div>
   <div class='ocr_carea' id='block_1_4' title="bbox 3463 394 3583 486">
    <p class='ocr_par' dir='ltr' id='par_1_5' title="bbox 3463 394 3583 486">
     <span class='ocr_line' id='line_1_47' title="bbox 3463 394 3583 486; baseline -0.008 -23"><span class='ocrx_word' id='word_1_233' title='bbox 3463 394 3583 486; x_wconf 72' lang='lat'>539</span> 
     </span>
    </p>
   </div>
   <div class='ocr_carea' id='block_1_5' title="bbox 2037 560 3591 2181">
    <p class='ocr_par' dir='ltr' id='par_1_6' title="bbox 2044 560 3591 873">
     <span class='ocr_line' id='line_1_48' title="bbox 2044 560 3591 641; baseline -0.005 0"><span class='ocrx_word' id='word_1_234' title='bbox 2044 587 2230 641; x_wconf 90' lang='lat' dir='ltr'>cum</span> <span class='ocrx_word' id='word_1_235' title='bbox 2274 566 2437 638; x_wconf 86' lang='lat' dir='ltr'>alia</span> <span class='ocrx_word' id='word_1_236' title='bbox 2489 566 2595 639; x_wconf 92' lang='lat' dir='ltr'>sit</span> <span class='ocrx_word' id='word_1_237' title='bbox 2647 563 2917 636; x_wconf 87' lang='lat' dir='ltr'>unitas</span> <span class='ocrx_word' id='word_1_238' title='bbox 2960 564 3190 636; x_wconf 84' lang='lat' dir='ltr'>actus</span> <span class='ocrx_word' id='word_1_239' title='bbox 3241 565 3319 635; x_wconf 90' lang='lat' dir='ltr'>et</span> <span class='ocrx_word' id='word_1_240' title='bbox 3363 560 3591 635; x_wconf 87' lang='lat' dir='ltr'>intel-</span> 
     </span>
     <span class='ocr_line' id='line_1_49' title="bbox 2048 678 3587 774; baseline -0.004 -19"><span class='ocrx_word' id='word_1_241' title='bbox 2048 684 2308 757; x_wconf 91' lang='lat' dir='ltr'>lectus</span> <span class='ocrx_word' id='word_1_242' title='bbox 2361 684 2458 756; x_wconf 90' lang='lat' dir='ltr'>ab</span> <span class='ocrx_word' id='word_1_243' title='bbox 2497 683 2810 755; x_wconf 86' lang='lat' dir='ltr'>unitate</span> <span class='ocrx_word' id='word_1_244' title='bbox 2866 680 3185 774; x_wconf 87' lang='lat' dir='ltr'>objecti,</span> <span class='ocrx_word' id='word_1_245' title='bbox 3232 683 3312 754; x_wconf 87' lang='lat' dir='ltr'>et</span> <span class='ocrx_word' id='word_1_246' title='bbox 3359 678 3587 753; x_wconf 86' lang='lat' dir='ltr'>intel-</span> 
     </span>
     <span class='ocr_line' id='line_1_50' title="bbox 2045 802 2326 873; baseline -0.014 -1"><span class='ocrx_word' id='word_1_247' title='bbox 2045 802 2326 873; x_wconf 91' lang='lat' dir='ltr'>lectus.</span> 
     </span>
    </p>

    <p class='ocr_par' dir='ltr' id='par_1_7' title="bbox 2037 917 3589 2181">
     <span class='ocr_line' id='line_1_51' title="bbox 2138 917 3589 1011; baseline -0.002 -18"><span class='ocrx_word' id='word_1_248' title='bbox 2138 920 2499 993; x_wconf 83' lang='lat' dir='ltr'>Secundo</span> <span class='ocrx_word' id='word_1_249' title='bbox 2549 918 2728 991; x_wconf 92' lang='lat' dir='ltr'>dico</span> <span class='ocrx_word' id='word_1_250' title='bbox 2800 918 3003 1010; x_wconf 88' lang='lat' dir='ltr'>quod</span> <span class='ocrx_word' id='word_1_251' title='bbox 3052 917 3341 1000; x_wconf 86' lang='lat' dir='ltr'>deficit,</span> <span class='ocrx_word' id='word_1_252' title='bbox 3398 918 3589 1011; x_wconf 90' lang='lat' dir='ltr'>quia</span> 
     </span>
     <span class='ocr_line' id='line_1_52' title="bbox 2041 1033 3586 1128; baseline 0 -21"><span class='ocrx_word' id='word_1_253' title='bbox 2041 1037 2432 1119; x_wconf 85' lang='lat' dir='ltr'>videmus,</span> <span class='ocrx_word' id='word_1_254' title='bbox 2491 1035 2698 1128; x_wconf 92' lang='lat' dir='ltr'>quod</span> <span class='ocrx_word' id='word_1_255' title='bbox 2738 1036 2832 1107; x_wconf 88' lang='lat' dir='ltr'>ad</span> <span class='ocrx_word' id='word_1_256' title='bbox 2876 1033 3026 1109; x_wconf 89' lang='lat' dir='ltr'>hoc</span> <span class='ocrx_word' id='word_1_257' title='bbox 3075 1034 3282 1127; x_wconf 88' lang='lat' dir='ltr'>quod</span> <span class='ocrx_word' id='word_1_258' title='bbox 3340 1033 3586 1107; x_wconf 88' lang='lat' dir='ltr'>sensi-</span> 
     </span>
     <span class='ocr_line' id='line_1_53' title="bbox 2040 1150 3587 1246; baseline -0.001 -21"><span class='ocrx_word' id='word_1_259' title='bbox 2040 1152 2200 1226; x_wconf 92' lang='lat' dir='ltr'>bile</span> <span class='ocrx_word' id='word_1_260' title='bbox 2253 1153 2356 1226; x_wconf 90' lang='lat' dir='ltr'>sit</span> <span class='ocrx_word' id='word_1_261' title='bbox 2410 1173 2765 1246; x_wconf 74' lang='lat' dir='ltr'>praesens</span> <span class='ocrx_word' id='word_1_262' title='bbox 2820 1151 3092 1226; x_wconf 88' lang='lat' dir='ltr'>sensui</span> <span class='ocrx_word' id='word_1_263' title='bbox 3142 1150 3222 1223; x_wconf 91' lang='lat' dir='ltr'>in</span> <span class='ocrx_word' id='word_1_264' title='bbox 3265 1151 3587 1227; x_wconf 88' lang='lat' dir='ltr'>ratione</span> 
     </span>
     <span class='ocr_line' id='line_1_54' title="bbox 2040 1268 3586 1361; baseline 0.001 -21"><span class='ocrx_word' id='word_1_265' title='bbox 2040 1270 2378 1361; x_wconf 90' lang='lat' dir='ltr'>cogniti,</span> <span class='ocrx_word' id='word_1_266' title='bbox 2442 1289 2602 1341; x_wconf 92' lang='lat' dir='ltr'>non</span> <span class='ocrx_word' id='word_1_267' title='bbox 2666 1268 3001 1361; x_wconf 85' lang='lat' dir='ltr'>ponitur</span> <span class='ocrx_word' id='word_1_268' title='bbox 3041 1286 3292 1360; x_wconf 88' lang='lat' dir='ltr'>supra</span> <span class='ocrx_word' id='word_1_269' title='bbox 3353 1289 3586 1361; x_wconf 90' lang='lat' dir='ltr'>orga-</span> 
     </span>
     <span class='ocr_line' id='line_1_55' title="bbox 2037 1382 3586 1468; baseline 0.002 -13"><span class='ocrx_word' id='word_1_270' title='bbox 2037 1403 2261 1468; x_wconf 90' lang='lat' dir='ltr'>num,</span> <span class='ocrx_word' id='word_1_271' title='bbox 2343 1384 2505 1458; x_wconf 91' lang='lat' dir='ltr'>imo</span> <span class='ocrx_word' id='word_1_272' title='bbox 2567 1384 2682 1456; x_wconf 88' lang='lat' dir='ltr'>sic</span> <span class='ocrx_word' id='word_1_273' title='bbox 2739 1404 2899 1456; x_wconf 93' lang='lat' dir='ltr'>non</span> <span class='ocrx_word' id='word_1_274' title='bbox 2961 1382 3268 1459; x_wconf 85' lang='lat' dir='ltr'>faceret</span> <span class='ocrx_word' id='word_1_275' title='bbox 3318 1405 3586 1458; x_wconf 88' lang='lat' dir='ltr'>sensa-</span> 
     </span>
     <span class='ocr_line' id='line_1_56' title="bbox 2037 1500 3584 1598; baseline 0.002 -23"><span class='ocrx_word' id='word_1_276' title='bbox 2037 1500 2382 1583; x_wconf 89' lang='lat' dir='ltr'>tionem;</span> <span class='ocrx_word' id='word_1_277' title='bbox 2458 1501 2589 1575; x_wconf 89' lang='lat' dir='ltr'>sed</span> <span class='ocrx_word' id='word_1_278' title='bbox 2651 1502 2961 1595; x_wconf 90' lang='lat' dir='ltr'>species</span> <span class='ocrx_word' id='word_1_279' title='bbox 3031 1504 3348 1576; x_wconf 90' lang='lat' dir='ltr'>tantum</span> <span class='ocrx_word' id='word_1_280' title='bbox 3408 1503 3584 1598; x_wconf 89' lang='lat' dir='ltr'>ejus</span> 
     </span>
     <span class='ocr_line' id='line_1_57' title="bbox 2039 1618 3589 1713; baseline 0.002 -21"><span class='ocrx_word' id='word_1_281' title='bbox 2039 1623 2165 1693; x_wconf 86' lang='lat' dir='ltr'>est</span> <span class='ocrx_word' id='word_1_282' title='bbox 2236 1619 2315 1691; x_wconf 93' lang='lat' dir='ltr'>in</span> <span class='ocrx_word' id='word_1_283' title='bbox 2388 1640 2724 1713; x_wconf 81' lang='lat' dir='ltr'>organo,</span> <span class='ocrx_word' id='word_1_284' title='bbox 2795 1623 2877 1694; x_wconf 91' lang='lat' dir='ltr'>et</span> <span class='ocrx_word' id='word_1_285' title='bbox 2944 1618 3143 1695; x_wconf 84' lang='lat' dir='ltr'>facit</span> <span class='ocrx_word' id='word_1_286' title='bbox 3211 1621 3589 1696; x_wconf 86' lang='lat' dir='ltr'>sensibile</span> 
     </span>
     <span class='ocr_line' id='line_1_58' title="bbox 2043 1736 3583 1829; baseline 0.005 -23"><span class='ocrx_word' id='word_1_287' title='bbox 2043 1755 2223 1808; x_wconf 90' lang='lat' dir='ltr'>esse</span> <span class='ocrx_word' id='word_1_288' title='bbox 2283 1736 2728 1828; x_wconf 90' lang='lat' dir='ltr'>cognitum.</span> <span class='ocrx_word' id='word_1_289' title='bbox 2785 1738 2850 1810; x_wconf 91' lang='lat' dir='ltr'><strong>A</strong></span> <span class='ocrx_word' id='word_1_290' title='bbox 2903 1737 3155 1810; x_wconf 87' lang='lat' dir='ltr'>simili</span> <span class='ocrx_word' id='word_1_291' title='bbox 3202 1738 3378 1812; x_wconf 89' lang='lat' dir='ltr'>dico</span> <span class='ocrx_word' id='word_1_292' title='bbox 3424 1738 3583 1829; x_wconf 81' lang='lat' dir='ltr'>hic,</span> 
     </span>
     <span class='ocr_line' id='line_1_59' title="bbox 2042 1853 3588 1937; baseline 0.005 -16"><span class='ocrx_word' id='word_1_293' title='bbox 2042 1853 2243 1924; x_wconf 87' lang='lat' dir='ltr'>unde</span> <span class='ocrx_word' id='word_1_294' title='bbox 2284 1873 2445 1926; x_wconf 94' lang='lat' dir='ltr'>non</span> <span class='ocrx_word' id='word_1_295' title='bbox 2504 1853 2826 1928; x_wconf 85' lang='lat' dir='ltr'>videtur</span> <span class='ocrx_word' id='word_1_296' title='bbox 2870 1854 3187 1937; x_wconf 81' lang='lat' dir='ltr'>valere3</span> <span class='ocrx_word' id='word_1_297' title='bbox 3251 1855 3414 1928; x_wconf 91' lang='lat' dir='ltr'>alia</span> <span class='ocrx_word' id='word_1_298' title='bbox 3462 1860 3588 1930; x_wconf 88' lang='lat' dir='ltr'>cst</span> 
     </span>
     <span class='ocr_line' id='line_1_60' title="bbox 2043 1970 3585 2064; baseline 0.001 -20"><span class='ocrx_word' id='word_1_299' title='bbox 2043 1971 2204 2044; x_wconf 90' lang='lat' dir='ltr'>ista</span> <span class='ocrx_word' id='word_1_300' title='bbox 2262 1971 2532 2043; x_wconf 88' lang='lat' dir='ltr'>unitas</span> <span class='ocrx_word' id='word_1_301' title='bbox 2603 1970 2901 2064; x_wconf 87' lang='lat' dir='ltr'>speciei</span> <span class='ocrx_word' id='word_1_302' title='bbox 2966 1975 3045 2045; x_wconf 91' lang='lat' dir='ltr'>et</span> <span class='ocrx_word' id='word_1_303' title='bbox 3124 1972 3585 2046; x_wconf 89' lang='lat' dir='ltr'>intellectus</span> 
     </span>
     <span class='ocr_line' id='line_1_61' title="bbox 2039 2087 3580 2181; baseline 0.003 -23"><span class='ocrx_word' id='word_1_304' title='bbox 2039 2087 2137 2158; x_wconf 86' lang='lat' dir='ltr'>ab</span> <span class='ocrx_word' id='word_1_305' title='bbox 2192 2087 2502 2160; x_wconf 89' lang='lat' dir='ltr'>unitate</span> <span class='ocrx_word' id='word_1_306' title='bbox 2564 2087 2857 2181; x_wconf 88' lang='lat' dir='ltr'>objecti</span> <span class='ocrx_word' id='word_1_307' title='bbox 2914 2091 2993 2161; x_wconf 91' lang='lat' dir='ltr'>et</span> <span class='ocrx_word' id='word_1_308' title='bbox 3048 2089 3509 2165; x_wconf 88' lang='lat' dir='ltr'>intellectus</span> <span class='ocrx_word' id='word_1_309' title='bbox 3565 2115 3580 2172; x_wconf 90' lang='grc'>;</span> 
     </span>
    </p>
   </div>
   <div class='ocr_carea' id='block_1_6' title="bbox 2036 2203 3635 2298">
    <p class='ocr_par' dir='ltr' id='par_1_8' title="bbox 2036 2203 3635 2298">
     <span class='ocr_line' id='line_1_62' title="bbox 2036 2203 3635 2298; baseline 0.003 -24"><span class='ocrx_word' id='word_1_310' title='bbox 2036 2221 2236 2294; x_wconf 90' lang='lat' dir='ltr'>ergo</span> <span class='ocrx_word' id='word_1_311' title='bbox 2269 2203 2428 2276; x_wconf 86' lang='lat' dir='ltr'>ista</span> <span class='ocrx_word' id='word_1_312' title='bbox 2461 2224 2621 2277; x_wconf 92' lang='lat' dir='ltr'>non</span> <span class='ocrx_word' id='word_1_313' title='bbox 2656 2205 3001 2298; x_wconf 86' lang='lat' dir='ltr'>supplet,</span> <span class='ocrx_word' id='word_1_314' title='bbox 3035 2204 3161 2278; x_wconf 85' lang='lat' dir='ltr'>vel</span> <span class='ocrx_word' id='word_1_315' title='bbox 3194 2224 3353 2278; x_wconf 91' lang='lat' dir='ltr'>non</span> <span class='ocrx_word' id='word_1_316' title='bbox 3386 2204 3582 2281; x_wconf 84' lang='lat' dir='ltr'>facit</span> <span class='ocrx_word' id='word_1_317' title='bbox 3629 2225 3635 2231; x_wconf 87' lang='grc'><em>·</em></span> 
     </span>
    </p>
   </div>
   <div class='ocr_carea' id='block_1_7' title="bbox 2014 2321 3584 5461">
    <p class='ocr_par' dir='ltr' id='par_1_9' title="bbox 2036 2321 3197 2414">
     <span class='ocr_line' id='line_1_63' title="bbox 2036 2321 3197 2414; baseline 0 -20"><span class='ocrx_word' id='word_1_318' title='bbox 2036 2340 2242 2402; x_wconf 85' lang='lat' dir='ltr'>eam,</span> <span class='ocrx_word' id='word_1_319' title='bbox 2290 2321 2499 2395; x_wconf 90' lang='lat' dir='ltr'>sicut</span> <span class='ocrx_word' id='word_1_320' title='bbox 2545 2325 2766 2414; x_wconf 81' lang='lat' dir='ltr'>patet</span> <span class='ocrx_word' id='word_1_321' title='bbox 2811 2323 2892 2396; x_wconf 91' lang='lat' dir='ltr'>in</span> <span class='ocrx_word' id='word_1_322' title='bbox 2932 2343 3197 2396; x_wconf 91' lang='lat' dir='ltr'>sensu.</span> 
     </span>
    </p>

    <p class='ocr_par' dir='ltr' id='par_1_10' title="bbox 2014 2437 3584 4874">
     <span class='ocr_line' id='line_1_64' title="bbox 2126 2437 3582 2532; baseline 0.003 -23"><span class='ocrx_word' id='word_1_323' title='bbox 2126 2438 2431 2521; x_wconf 88' lang='lat' dir='ltr'>Tertio,</span> <span class='ocrx_word' id='word_1_324' title='bbox 2503 2437 2680 2513; x_wconf 89' lang='lat' dir='ltr'>dico</span> <span class='ocrx_word' id='word_1_325' title='bbox 2752 2441 2955 2532; x_wconf 86' lang='lat' dir='ltr'>quod</span> <span class='ocrx_word' id='word_1_326' title='bbox 3030 2439 3298 2516; x_wconf 86' lang='lat' dir='ltr'>deficit</span> <span class='ocrx_word' id='word_1_327' title='bbox 3366 2441 3582 2514; x_wconf 87' lang='lat' dir='ltr'>ratio</span> 
     </span>
     <span class='ocr_line' id='line_1_65' title="bbox 2041 2554 3583 2650; baseline 0.004 -27"><span class='ocrx_word' id='word_1_328' title='bbox 2041 2558 2378 2646; x_wconf 89' lang='lat' dir='ltr'>propter</span> <span class='ocrx_word' id='word_1_329' title='bbox 2411 2554 2623 2636; x_wconf 91' lang='lat' dir='ltr'>illos,</span> <span class='ocrx_word' id='word_1_330' title='bbox 2661 2556 2796 2647; x_wconf 87' lang='lat' dir='ltr'>qui</span> <span class='ocrx_word' id='word_1_331' title='bbox 2861 2554 3135 2630; x_wconf 87' lang='lat' dir='ltr'>dicunt</span> <span class='ocrx_word' id='word_1_332' title='bbox 3169 2557 3374 2647; x_wconf 89' lang='lat' dir='ltr'>quod</span> <span class='ocrx_word' id='word_1_333' title='bbox 3415 2577 3583 2650; x_wconf 91' lang='lat' dir='ltr'>spc-</span> 
     </span>
     <span class='ocr_line' id='line_1_66' title="bbox 2037 2670 3583 2748; baseline 0.003 -6"><span class='ocrx_word' id='word_1_334' title='bbox 2037 2670 2203 2742; x_wconf 88' lang='lat' dir='ltr'>cies</span> <span class='ocrx_word' id='word_1_335' title='bbox 2245 2690 2404 2741; x_wconf 91' lang='lat' dir='ltr'>non</span> <span class='ocrx_word' id='word_1_336' title='bbox 2448 2673 2570 2744; x_wconf 90' lang='lat' dir='ltr'>est</span> <span class='ocrx_word' id='word_1_337' title='bbox 2614 2673 3082 2746; x_wconf 88' lang='lat' dir='ltr'>necessaria</span> <span class='ocrx_word' id='word_1_338' title='bbox 3134 2672 3583 2748; x_wconf 88' lang='lat' dir='ltr'>intellectui</span> 
     </span>
     <span class='ocr_line' id='line_1_67' title="bbox 2037 2789 3583 2881; baseline 0.003 -22"><span class='ocrx_word' id='word_1_339' title='bbox 2037 2809 2136 2860; x_wconf 85' lang='lat' dir='ltr'>ex</span> <span class='ocrx_word' id='word_1_340' title='bbox 2186 2792 2415 2881; x_wconf 89' lang='lat' dir='ltr'>parte</span> <span class='ocrx_word' id='word_1_341' title='bbox 2460 2789 2946 2872; x_wconf 88' lang='lat' dir='ltr'>intellectus,</span> <span class='ocrx_word' id='word_1_342' title='bbox 2999 2790 3132 2863; x_wconf 87' lang='lat' dir='ltr'>sed</span> <span class='ocrx_word' id='word_1_343' title='bbox 3178 2790 3442 2863; x_wconf 89' lang='lat' dir='ltr'>solum</span> <span class='ocrx_word' id='word_1_344' title='bbox 3484 2812 3583 2863; x_wconf 84' lang='lat' dir='ltr'>ex</span> 
     </span>
     <span class='ocr_line' id='line_1_68' title="bbox 2040 2906 3584 3000; baseline 0.003 -22"><span class='ocrx_word' id='word_1_345' title='bbox 2040 2908 2271 3000; x_wconf 83' lang='lat' dir='ltr'>parte</span> <span class='ocrx_word' id='word_1_346' title='bbox 2333 2906 2651 2998; x_wconf 86' lang='lat' dir='ltr'>objecti.</span> <span class='ocrx_word' id='word_1_347' title='bbox 2728 2907 2928 2989; x_wconf 85' lang='lat' dir='ltr'>Quia</span> <span class='ocrx_word' id='word_1_348' title='bbox 2990 2909 3423 2981; x_wconf 90' lang='lat' dir='ltr'>secundum</span> <span class='ocrx_word' id='word_1_349' title='bbox 3484 2909 3584 2982; x_wconf 90' lang='lat' dir='ltr'>is-</span> 
     </span>
     <span class='ocr_line' id='line_1_69' title="bbox 2037 3021 3583 3116; baseline 0 -20"><span class='ocrx_word' id='word_1_350' title='bbox 2037 3027 2194 3104; x_wconf 92' lang='lat' dir='ltr'>tos,</span> <span class='ocrx_word' id='word_1_351' title='bbox 2260 3023 2465 3114; x_wconf 89' lang='lat' dir='ltr'>quod</span> <span class='ocrx_word' id='word_1_352' title='bbox 2527 3021 2723 3096; x_wconf 86' lang='lat' dir='ltr'>sacit</span> <span class='ocrx_word' id='word_1_353' title='bbox 2775 3022 3109 3116; x_wconf 88' lang='lat' dir='ltr'>species,</span> <span class='ocrx_word' id='word_1_354' title='bbox 3175 3022 3325 3095; x_wconf 91' lang='lat' dir='ltr'>hoc</span> <span class='ocrx_word' id='word_1_355' title='bbox 3381 3024 3583 3098; x_wconf 87' lang='lat' dir='ltr'>face-</span> 
     </span>
     <span class='ocr_line' id='line_1_70' title="bbox 2039 3139 3583 3233; baseline 0.004 -23"><span class='ocrx_word' id='word_1_356' title='bbox 2039 3141 2162 3211; x_wconf 90' lang='lat' dir='ltr'>ret</span> <span class='ocrx_word' id='word_1_357' title='bbox 2208 3139 2615 3232; x_wconf 85' lang='lat' dir='ltr'>objectum</span> <span class='ocrx_word' id='word_1_358' title='bbox 2661 3140 2728 3213; x_wconf 91' lang='lat' dir='ltr'>si</span> <span class='ocrx_word' id='word_1_359' title='bbox 2804 3160 3161 3233; x_wconf 74' lang='lat' dir='ltr'>praesens</span> <span class='ocrx_word' id='word_1_360' title='bbox 3199 3144 3456 3222; x_wconf 88' lang='lat' dir='ltr'>esset;</span> <span class='ocrx_word' id='word_1_361' title='bbox 3502 3146 3583 3216; x_wconf 84' lang='lat' dir='ltr'>et</span> 
     </span>
     <span class='ocr_line' id='line_1_71' title="bbox 2034 3254 3577 3348; baseline 0.002 -23"><span class='ocrx_word' id='word_1_362' title='bbox 2034 3276 2075 3325; x_wconf 92' lang='lat' dir='ltr'>e</span> <span class='ocrx_word' id='word_1_363' title='bbox 2108 3261 2393 3329; x_wconf 76' lang='lat' dir='ltr'>contra</span> <span class='ocrx_word' id='word_1_364' title='bbox 2411 3255 2777 3347; x_wconf 86' lang='lat' dir='ltr'>rio,quod</span> <span class='ocrx_word' id='word_1_365' title='bbox 2810 3254 3118 3328; x_wconf 82' lang='lat' dir='ltr'>faceret</span> <span class='ocrx_word' id='word_1_366' title='bbox 3149 3255 3577 3348; x_wconf 88' lang='lat' dir='ltr'>objectum,</span> 
     </span>
     <span class='ocr_line' id='line_1_72' title="bbox 2035 3369 3581 3464; baseline 0.003 -25"><span class='ocrx_word' id='word_1_367' title='bbox 2035 3370 2187 3441; x_wconf 90' lang='lat' dir='ltr'>hoc</span> <span class='ocrx_word' id='word_1_368' title='bbox 2235 3369 2540 3443; x_wconf 83' lang='lat' dir='ltr'>faceret</span> <span class='ocrx_word' id='word_1_369' title='bbox 2585 3371 2918 3463; x_wconf 89' lang='lat' dir='ltr'>species.</span> <span class='ocrx_word' id='word_1_370' title='bbox 2972 3371 3191 3442; x_wconf 91' lang='lat' dir='ltr'>Unde</span> <span class='ocrx_word' id='word_1_371' title='bbox 3241 3371 3581 3464; x_wconf 73' lang='lat' dir='ltr'>praecise</span> 
     </span>
     <span class='ocr_line' id='line_1_73' title="bbox 2033 3488 3578 3579; baseline 0.001 -19"><span class='ocrx_word' id='word_1_372' title='bbox 2033 3489 2124 3561; x_wconf 88' lang='lat' dir='ltr'>de</span> <span class='ocrx_word' id='word_1_373' title='bbox 2171 3488 2459 3579; x_wconf 87' lang='lat' dir='ltr'>specie,</span> <span class='ocrx_word' id='word_1_374' title='bbox 2518 3492 2603 3561; x_wconf 90' lang='lat' dir='ltr'>ut</span> <span class='ocrx_word' id='word_1_375' title='bbox 2644 3492 2767 3561; x_wconf 91' lang='lat' dir='ltr'>est</span> <span class='ocrx_word' id='word_1_376' title='bbox 2813 3488 3279 3560; x_wconf 85' lang='lat' dir='ltr'>necessaria</span> <span class='ocrx_word' id='word_1_377' title='bbox 3315 3489 3578 3562; x_wconf 92' lang='lat' dir='ltr'>solum</span> 
     </span>
     <span class='ocr_line' id='line_1_74' title="bbox 2032 3603 3580 3697; baseline 0.002 -21"><span class='ocrx_word' id='word_1_378' title='bbox 2032 3626 2131 3676; x_wconf 81' lang='lat' dir='ltr'>ex</span> <span class='ocrx_word' id='word_1_379' title='bbox 2167 3608 2400 3697; x_wconf 86' lang='lat' dir='ltr'>parte</span> <span class='ocrx_word' id='word_1_380' title='bbox 2447 3603 2766 3696; x_wconf 87' lang='lat' dir='ltr'>objecti,</span> <span class='ocrx_word' id='word_1_381' title='bbox 2812 3624 2973 3676; x_wconf 94' lang='lat' dir='ltr'>non</span> <span class='ocrx_word' id='word_1_382' title='bbox 3016 3603 3196 3696; x_wconf 88' lang='lat' dir='ltr'>plus</span> <span class='ocrx_word' id='word_1_383' title='bbox 3241 3604 3580 3697; x_wconf 87' lang='lat' dir='ltr'>requiri-</span> 
     </span>
     <span class='ocr_line' id='line_1_75' title="bbox 2037 3722 3579 3816; baseline 0.001 -20"><span class='ocrx_word' id='word_1_384' title='bbox 2037 3730 2196 3803; x_wconf 88' lang='lat' dir='ltr'>tur,</span> <span class='ocrx_word' id='word_1_385' title='bbox 2238 3722 2396 3794; x_wconf 90' lang='lat' dir='ltr'>nisi</span> <span class='ocrx_word' id='word_1_386' title='bbox 2431 3722 2638 3814; x_wconf 87' lang='lat' dir='ltr'>quod</span> <span class='ocrx_word' id='word_1_387' title='bbox 2682 3723 2789 3797; x_wconf 89' lang='lat' dir='ltr'>sit</span> <span class='ocrx_word' id='word_1_388' title='bbox 2834 3743 3191 3816; x_wconf 84' lang='lat' dir='ltr'>praesens</span> <span class='ocrx_word' id='word_1_389' title='bbox 3227 3723 3579 3798; x_wconf 89' lang='lat' dir='ltr'>intellec-</span> 
     </span>
     <span class='ocr_line' id='line_1_76' title="bbox 2037 3840 3581 3932; baseline 0.002 -17"><span class='ocrx_word' id='word_1_390' title='bbox 2037 3841 2181 3915; x_wconf 92' lang='lat' dir='ltr'>tui.</span> <span class='ocrx_word' id='word_1_391' title='bbox 2228 3840 2445 3912; x_wconf 90' lang='lat' dir='ltr'>Unde</span> <span class='ocrx_word' id='word_1_392' title='bbox 2497 3841 2702 3932; x_wconf 88' lang='lat' dir='ltr'>quod</span> <span class='ocrx_word' id='word_1_393' title='bbox 2752 3841 2826 3914; x_wconf 89' lang='lat' dir='ltr'>ei</span> <span class='ocrx_word' id='word_1_394' title='bbox 2879 3840 3298 3923; x_wconf 72' lang='lat' dir='ltr'>inhaereat,</span> <span class='ocrx_word' id='word_1_395' title='bbox 3366 3843 3581 3918; x_wconf 89' lang='lat' dir='ltr'>sicut</span> 
     </span>
     <span class='ocr_line' id='line_1_77' title="bbox 2032 3957 3581 4050; baseline 0.001 -20"><span class='ocrx_word' id='word_1_396' title='bbox 2032 3959 2303 4030; x_wconf 86' lang='lat' dir='ltr'>forma</span> <span class='ocrx_word' id='word_1_397' title='bbox 2355 3958 2748 4041; x_wconf 64' lang='lat' dir='ltr'>materiae,</span> <span class='ocrx_word' id='word_1_398' title='bbox 2803 3957 2953 4031; x_wconf 91' lang='lat' dir='ltr'>hoc</span> <span class='ocrx_word' id='word_1_399' title='bbox 3003 3961 3127 4031; x_wconf 89' lang='lat' dir='ltr'>est</span> <span class='ocrx_word' id='word_1_400' title='bbox 3179 3978 3324 4050; x_wconf 86' lang='lat' dir='ltr'>per</span> <span class='ocrx_word' id='word_1_401' title='bbox 3381 3960 3581 4034; x_wconf 91' lang='lat' dir='ltr'>acci-</span> 
     </span>
     <span class='ocr_line' id='line_1_78' title="bbox 2030 4076 3582 4170; baseline 0 -19"><span class='ocrx_word' id='word_1_402' title='bbox 2030 4079 2221 4151; x_wconf 90' lang='lat' dir='ltr'>dens</span> <span class='ocrx_word' id='word_1_403' title='bbox 2268 4100 2281 4140; x_wconf 76' lang='grc' dir='ltr'>ε</span> <span class='ocrx_word' id='word_1_404' title='bbox 2328 4076 2517 4170; x_wconf 82' lang='lat' dir='ltr'>quia</span> <span class='ocrx_word' id='word_1_405' title='bbox 2558 4076 2897 4159; x_wconf 86' lang='lat' dir='ltr'>scilicet,</span> <span class='ocrx_word' id='word_1_406' title='bbox 2942 4079 3069 4150; x_wconf 88' lang='lat' dir='ltr'>est</span> <span class='ocrx_word' id='word_1_407' title='bbox 3116 4097 3403 4150; x_wconf 84' lang='lat' dir='ltr'>verum</span> <span class='ocrx_word' id='word_1_408' title='bbox 3458 4098 3582 4151; x_wconf 88' lang='lat' dir='ltr'>ac-</span> 
     </span>
     <span class='ocr_line' id='line_1_79' title="bbox 2035 4195 3581 4289; baseline -0.001 -20"><span class='ocrx_word' id='word_1_409' title='bbox 2035 4197 2332 4275; x_wconf 89' lang='lat' dir='ltr'>cidens,</span> <span class='ocrx_word' id='word_1_410' title='bbox 2373 4199 2449 4268; x_wconf 90' lang='lat' dir='ltr'>et</span> <span class='ocrx_word' id='word_1_411' title='bbox 2486 4195 2657 4269; x_wconf 89' lang='lat' dir='ltr'>ideo</span> <span class='ocrx_word' id='word_1_412' title='bbox 2695 4199 3020 4288; x_wconf 75' lang='lat' dir='ltr'>oportet</span> <span class='ocrx_word' id='word_1_413' title='bbox 3062 4196 3270 4289; x_wconf 89' lang='lat' dir='ltr'>quod</span> <span class='ocrx_word' id='word_1_414' title='bbox 3340 4196 3448 4270; x_wconf 91' lang='lat' dir='ltr'>sit</span> <span class='ocrx_word' id='word_1_415' title='bbox 3501 4197 3581 4270; x_wconf 91' lang='lat' dir='ltr'>in</span> 
     </span>
     <span class='ocr_line' id='line_1_80' title="bbox 2036 4312 3580 4405; baseline 0.001 -20"><span class='ocrx_word' id='word_1_416' title='bbox 2036 4312 2428 4405; x_wconf 90' lang='lat' dir='ltr'>subjecto,</span> <span class='ocrx_word' id='word_1_417' title='bbox 2504 4312 2713 4386; x_wconf 90' lang='lat' dir='ltr'>sicut</span> <span class='ocrx_word' id='word_1_418' title='bbox 2774 4312 2854 4384; x_wconf 94' lang='lat' dir='ltr'>in</span> <span class='ocrx_word' id='word_1_419' title='bbox 2913 4313 3165 4387; x_wconf 82' lang='lat' dir='ltr'>tertio</span> <span class='ocrx_word' id='word_1_420' title='bbox 3227 4313 3580 4388; x_wconf 89' lang='lat' dir='ltr'>articulo</span> 
     </span>
     <span class='ocr_line' id='line_1_81' title="bbox 2030 4429 3581 4519; baseline 0 -18"><span class='ocrx_word' id='word_1_421' title='bbox 2030 4429 2608 4502; x_wconf 79' lang='lat' dir='ltr'>declarabitur.</span> <span class='ocrx_word' id='word_1_422' title='bbox 2648 4430 2827 4501; x_wconf 91' lang='lat' dir='ltr'>Non</span> <span class='ocrx_word' id='word_1_423' title='bbox 2858 4447 3058 4519; x_wconf 87' lang='lat' dir='ltr'>ergo</span> <span class='ocrx_word' id='word_1_424' title='bbox 3094 4432 3279 4502; x_wconf 78' lang='lat' dir='ltr'>Sunt</span> <span class='ocrx_word' id='word_1_425' title='bbox 3318 4430 3581 4504; x_wconf 88' lang='lat' dir='ltr'>diver-</span> 
     </span>
     <span class='ocr_line' id='line_1_82' title="bbox 2033 4544 3579 4638; baseline 0.001 -20"><span class='ocrx_word' id='word_1_426' title='bbox 2033 4568 2143 4618; x_wconf 72' lang='lat' dir='ltr'>sae</span> <span class='ocrx_word' id='word_1_427' title='bbox 2187 4545 2544 4620; x_wconf 77' lang='lat' dir='ltr'>unitates</span> <span class='ocrx_word' id='word_1_428' title='bbox 2591 4544 3067 4637; x_wconf 86' lang='lat' dir='ltr'>inquantum</span> <span class='ocrx_word' id='word_1_429' title='bbox 3113 4546 3425 4638; x_wconf 85' lang='lat' dir='ltr'>species</span> <span class='ocrx_word' id='word_1_430' title='bbox 3463 4566 3579 4620; x_wconf 86' lang='lat' dir='ltr'>rc-</span> 
     </span>
     <span class='ocr_line' id='line_1_83' title="bbox 2027 4662 3576 4756; baseline 0.003 -23"><span class='ocrx_word' id='word_1_431' title='bbox 2027 4662 2390 4756; x_wconf 87' lang='lat' dir='ltr'>quiritur</span> <span class='ocrx_word' id='word_1_432' title='bbox 2437 4662 2532 4733; x_wconf 88' lang='lat' dir='ltr'>ad</span> <span class='ocrx_word' id='word_1_433' title='bbox 2574 4662 3102 4755; x_wconf 88' lang='lat' dir='ltr'>supplendum</span> <span class='ocrx_word' id='word_1_434' title='bbox 3143 4662 3405 4736; x_wconf 90' lang='lat' dir='ltr'>vicem</span> <span class='ocrx_word' id='word_1_435' title='bbox 3452 4664 3576 4737; x_wconf 92' lang='lat' dir='ltr'>ob-</span> 
     </span>
     <span class='ocr_line' id='line_1_84' title="bbox 2014 4780 2238 4874; baseline -0.018 -19"><span class='ocrx_word' id='word_1_436' title='bbox 2014 4780 2238 4874; x_wconf 64' lang='lat' dir='ltr'>jectL</span> 
     </span>
    </p>

    <p class='ocr_par' dir='ltr' id='par_1_11' title="bbox 2015 4896 3570 5461">
     <span class='ocr_line' id='line_1_85' title="bbox 2114 4896 3570 4989; baseline 0.003 -21"><span class='ocrx_word' id='word_1_437' title='bbox 2114 4899 2334 4981; x_wconf 84' lang='lat' dir='ltr'>Quod</span> <span class='ocrx_word' id='word_1_438' title='bbox 2391 4897 2735 4969; x_wconf 91' lang='lat' dir='ltr'>secundo</span> <span class='ocrx_word' id='word_1_439' title='bbox 2787 4896 3105 4980; x_wconf 82' lang='lat' dir='ltr'>dicitur,</span> <span class='ocrx_word' id='word_1_440' title='bbox 3174 4900 3381 4989; x_wconf 85' lang='lat' dir='ltr'>quod</span> <span class='ocrx_word' id='word_1_441' title='bbox 3445 4900 3570 4972; x_wconf 92' lang='lat' dir='ltr'>ob-</span> 
     </span>
     <span class='ocr_line' id='line_1_86' title="bbox 2015 5013 3569 5109; baseline 0 -20"><span class='ocrx_word' id='word_1_442' title='bbox 2015 5017 2325 5109; x_wconf 90' lang='lat' dir='ltr'>jectum</span> <span class='ocrx_word' id='word_1_443' title='bbox 2371 5013 2880 5105; x_wconf 89' lang='lat' dir='ltr'>intelligibile</span> <span class='ocrx_word' id='word_1_444' title='bbox 2926 5034 3086 5085; x_wconf 92' lang='lat' dir='ltr'>non</span> <span class='ocrx_word' id='word_1_445' title='bbox 3131 5019 3255 5089; x_wconf 91' lang='lat' dir='ltr'>est</span> <span class='ocrx_word' id='word_1_446' title='bbox 3298 5018 3569 5107; x_wconf 91' lang='lat' dir='ltr'>cogni-</span> 
     </span>
     <span class='ocr_line' id='line_1_87' title="bbox 2018 5131 3565 5213; baseline 0 -7"><span class='ocrx_word' id='word_1_447' title='bbox 2018 5138 2192 5206; x_wconf 89' lang='lat' dir='ltr'>tum</span> <span class='ocrx_word' id='word_1_448' title='bbox 2229 5134 2326 5205; x_wconf 81' lang='lat' dir='ltr'>ab</span> <span class='ocrx_word' id='word_1_449' title='bbox 2370 5132 2812 5213; x_wconf 87' lang='lat' dir='ltr'>intellectu,</span> <span class='ocrx_word' id='word_1_450' title='bbox 2858 5131 3016 5204; x_wconf 91' lang='lat' dir='ltr'>nisi</span> <span class='ocrx_word' id='word_1_451' title='bbox 3058 5131 3203 5203; x_wconf 92' lang='lat' dir='ltr'>sub</span> <span class='ocrx_word' id='word_1_452' title='bbox 3245 5134 3565 5207; x_wconf 82' lang='lat' dir='ltr'>ratione</span> 
     </span>
     <span class='ocr_line' id='line_1_88' title="bbox 2020 5247 3561 5342; baseline 0 -20"><span class='ocrx_word' id='word_1_453' title='bbox 2020 5250 2512 5322; x_wconf 77' lang='lat' dir='ltr'>universalis</span> <span class='ocrx_word' id='word_1_454' title='bbox 2593 5247 2915 5341; x_wconf 87' lang='lat' dir='ltr'>speciei,</span> <span class='ocrx_word' id='word_1_455' title='bbox 3018 5248 3151 5320; x_wconf 89' lang='lat' dir='ltr'>sed</span> <span class='ocrx_word' id='word_1_456' title='bbox 3254 5250 3561 5342; x_wconf 89' lang='lat' dir='ltr'>species</span> 
     </span>
     <span class='ocr_line' id='line_1_89' title="bbox 2016 5366 3562 5461; baseline -0.001 -21"><span class='ocrx_word' id='word_1_457' title='bbox 2016 5369 2419 5461; x_wconf 84' lang='lat' dir='ltr'>impressa</span> <span class='ocrx_word' id='word_1_458' title='bbox 2451 5370 2576 5440; x_wconf 84' lang='lat' dir='ltr'>est</span> <span class='ocrx_word' id='word_1_459' title='bbox 2618 5366 3082 5439; x_wconf 88' lang='lat' dir='ltr'>necessario</span> <span class='ocrx_word' id='word_1_460' title='bbox 3128 5366 3562 5458; x_wconf 88' lang='lat' dir='ltr'>particula-</span> 
     </span>
    </p>
   </div>
   <div class='ocr_carea' id='block_1_8' title="bbox 3712 4930 3793 4982">
    <p class='ocr_par' dir='ltr' id='par_1_12' title="bbox 3712 4930 3793 4982">
     <span class='ocr_line' id='line_1_90' title="bbox 3712 4930 3793 4982; baseline 0.012 -1"><span class='ocrx_word' id='word_1_461' title='bbox 3712 4930 3793 4982; x_wconf 77' lang='lat'>26.</span> 
     </span>
    </p>
   </div>
   <div class='ocr_carea' id='block_1_9' title="bbox 357 5473 3890 5603">
    <p class='ocr_par' dir='ltr' id='par_1_13' title="bbox 357 5473 3890 5603">
     <span class='ocr_line' id='line_1_91' title="bbox 357 5473 3890 5603; baseline 0.004 -58"><span class='ocrx_word' id='word_1_462' title='bbox 357 5473 714 5556; x_wconf 87' lang='lat' dir='ltr'>tel&#39;ectu,</span> <span class='ocrx_word' id='word_1_463' title='bbox 795 5479 884 5548; x_wconf 92' lang='lat' dir='ltr'>ut</span> <span class='ocrx_word' id='word_1_464' title='bbox 946 5476 1024 5547; x_wconf 91' lang='lat' dir='ltr'>in</span> <span class='ocrx_word' id='word_1_465' title='bbox 1108 5477 1469 5567; x_wconf 88' lang='lat' dir='ltr'>subjecto</span> <span class='ocrx_word' id='word_1_466' title='bbox 1539 5481 1898 5553; x_wconf 84' lang='lat' dir='ltr'>existens</span> <span class='ocrx_word' id='word_1_467' title='bbox 2015 5486 2155 5565; x_wconf 90' lang='lat' dir='ltr'>ris,</span> <span class='ocrx_word' id='word_1_468' title='bbox 2212 5489 2363 5557; x_wconf 88' lang='lat' dir='ltr'>etc.</span> <span class='ocrx_word' id='word_1_469' title='bbox 2418 5483 2618 5557; x_wconf 90' lang='lat' dir='ltr'>Dico</span> <span class='ocrx_word' id='word_1_470' title='bbox 2692 5484 2992 5575; x_wconf 90' lang='lat' dir='ltr'>primo,</span> <span class='ocrx_word' id='word_1_471' title='bbox 3067 5484 3272 5575; x_wconf 86' lang='lat' dir='ltr'>quod</span> <span class='ocrx_word' id='word_1_472' title='bbox 3343 5485 3559 5558; x_wconf 84' lang='lat' dir='ltr'>ratio</span> <span class='ocrx_word' id='word_1_473' title='bbox 3602 5489 3890 5603; x_wconf 48' lang='lat' dir='ltr'>Aduggffr·</span> 
     </span>
    </p>
   </div>
   <div class='ocr_carea' id='block_1_10' title="bbox 357 5591 1890 5688">
    <p class='ocr_par' dir='ltr' id='par_1_14' title="bbox 357 5591 1890 5688">
     <span class='ocr_line' id='line_1_92' title="bbox 357 5591 1890 5688; baseline 0.008 -28"><span class='ocrx_word' id='word_1_474' title='bbox 357 5610 516 5661; x_wconf 88' lang='lat' dir='ltr'>non</span> <span class='ocrx_word' id='word_1_475' title='bbox 575 5591 897 5683; x_wconf 87' lang='lat' dir='ltr'>supplet</span> <span class='ocrx_word' id='word_1_476' title='bbox 967 5594 1486 5683; x_wconf 62' lang='lat' dir='ltr'>praesentiam</span> <span class='ocrx_word' id='word_1_477' title='bbox 1572 5597 1890 5688; x_wconf 87' lang='lat' dir='ltr'>objecti,</span> 
     </span>
    </p>
   </div>
   <div class='ocr_carea' id='block_1_11' title="bbox 2007 5600 3554 5695">
    <p class='ocr_par' dir='ltr' id='par_1_15' title="bbox 2007 5600 3554 5695">
     <span class='ocr_line' id='line_1_93' title="bbox 2007 5600 3554 5695; baseline 0 -21"><span class='ocrx_word' id='word_1_478' title='bbox 2007 5602 2357 5676; x_wconf 83' lang='lat' dir='ltr'>destruit</span> <span class='ocrx_word' id='word_1_479' title='bbox 2446 5601 2958 5694; x_wconf 89' lang='lat' dir='ltr'>propositum</span> <span class='ocrx_word' id='word_1_480' title='bbox 3082 5600 3554 5695; x_wconf 84' lang='lat' dir='ltr'>principale,</span> 
     </span>
    </p>
   </div>
  </div>
 </body>
</html>
