4252 6393
468 2431 605 2486 Quid
624 2427 780 2485 1²12qu

514 2493 711 2543 lexerit

501 2555 707 2605 liristof
717 2592 731 2606 .
812 2560 880 2630 lo
891 2582 925 2630 S

475 2619 541 2667 de
561 2618 782 2665 creatio-
866 2622 875 2629 ’

482 2694 547 2729 ne
577 2693 778 2728 rerum.
808 2675 906 2746 ab
938 2696 1094 2747 uno
1148 2674 1550 2767 principio
1598 2673 1974 2766 simplici,
2021 2677 2354 2770 proprie

790 402 916 464 ‘278

796 562 1249 635 tenendum.
1356 560 1643 651 ⁴Tertio
1764 554 2337 631 ostendendum

791 683 942 759 est,
992 679 1195 769 quod
1232 676 1562 768 Antiqui
1613 698 1711 749 ex
1781 674 1949 746 suis
1994 671 2338 745 rationi-

791 793 937 864 bus
989 815 1147 866 non
1209 799 1550 886 possunt
1613 795 2015 866 intentum
2072 811 2333 869 suum,

794 911 926 981 sed
978 910 1249 1003 potius
1299 911 1768 1003 oppositum
1827 908 2334 982 concludere.

795 1031 1102 1109 Quarto
1188 1027 1610 1101 videndum
1680 1033 1827 1109 est,
1886 1048 2030 1120 per
2103 1044 2339 1118 quem

798 1141 1122 1212 modum
1167 1145 1443 1233 posset
1502 1141 1804 1215 dictum
1862 1160 2150 1214 eorum
2209 1160 2341 1211 ve-

801 1255 1131 1331 ritatem
1203 1259 1652 1342 continere,
1735 1257 2105 1353 quamvis
2182 1276 2343 1330 non

800 1376 1235 1451 secundum
1274 1376 1805 1455 intentionem
1846 1397 2160 1450 eorum.

1313 1720 1745 1778 ARTICULUS
1817 1723 1857 1777 1.

807 1901 986 1978 Quid
1027 1902 1359 1967 smcserint
1397 1901 1666 1987 antiqui
1720 1900 2119 1986 Philosophi
2167 1901 2350 1965 circa

884 2020 1370 2105 processionem
1444 2027 1910 2083 creatura-rum
1995 2039 2038 2083 α
2122 2017 2348 2103 primo

889 2134 1280 2222 principio?

896 2328 1135 2403 Circa.
1214 2329 1597 2421 primum,
1672 2326 2082 2400 sciendum
2146 2331 2352 2421 quod

806 2444 1127 2515 videtur
1195 2442 1625 2534 aliquibuS,
1684 2444 1891 2534 quod
1959 2444 2352 2519 Aristote-

996 2558 1245 2632 fuerit
1314 2560 1555 2651 hujus
1618 2558 2048 2652 opinioniS‚
2145 2564 2351 2654 quod

810 2790 1334 2865 uniformiter
1367 2814 1448 2863 se
1488 2790 1855 2875 habente,
1896 2813 2053 2864 non
2099 2795 2356 2887 possit

813 2906 1274 2980 immediate
1344 2906 1779 2999 procedere
1849 2906 2007 2978 nisi
2077 2928 2349 2981 unum.

810 3022 1028 3094 Unde
1061 3023 1437 3097 videntur
1478 3023 1626 3096 hoc
1659 3024 2049 3115 colligere
2082 3046 2176 3096 ex
2216 3025 2354 3096 illo

808 3142 876 3212 Ξ.
947 3141 1038 3211 de
1079 3141 1643 3224 Generatione‚
1719 3146 1916 3217 text.
1994 3144 2103 3216 56.
2178 3145 2400 3225 Idem,

813 3263 1209 3348 inquantum
1250 3261 1448 3342 idem,
1511 3274 1743 3329 nolum
1794 3274 1886 3328 cst
1930 3283 2189 3349 semper
2243 3264 2356 3346 so-

811 3399 956 3443 cere
984 3377 1184 3446 idem.
1222 3378 1420 3449 Cum
1468 3374 1721 3466 igitur
1755 3375 2109 3467 primum
2146 3376 2359 3468 prin-

815 3489 1116 3581 cipium
1179 3489 1286 3562 sit
1358 3510 1627 3570 unum,
1706 3490 1784 3561 in
1862 3489 2070 3581 quod
2136 3490 2361 3562 nulla

817 3605 1030 3679 cadit
1105 3606 1486 3687 variatiO,
1550 3606 1870 3680 videtur
1930 3608 2136 3698 quod
2199 3628 2362 3679 non

822 3723 928 3796 sit
960 3728 1243 3796 natum
1295 3722 1562 3795 facere
1613 3722 1770 3794 nisi
1816 3744 2084 3795 unum.
2143 3725 2363 3806 Quod

823 3839 1131 3930 quidem
1179 3839 1513 3909 verbum
1559 3859 1717 3910 non
1767 3839 2177 3913 concludit
2231 3861 2363 3911 eo-

824 3975 1006 4025 rum
1054 3953 1611 4041 intentionem,
1686 3956 1871 4047 quia
1931 3957 2363 4029 secundum

810 4072 1030 4164 >quod
1079 4071 1273 4144 dicit
1314 4072 1717 4144 Averroes
1762 4072 1841 4145 in
1883 4073 2035 4144 fine
2084 4076 2150 4146 3.
2187 4094 2362 4166 cap.

823 4189 915 4260 de
992 4187 1463 4259 Substantia
1544 4188 1787 4270 orbis,
1878 4190 2366 4264 Aristoteles

829 4303 1056 4396 ponit
1108 4302 1343 4395 plura
1386 4323 1430 4373 a
1480 4306 1644 4376 Deo
1683 4306 2143 4397 procedere.

918 4419 1407 4492 Aristoteles
1444 4421 1899 4513 Meta-phys,
1940 4443 2258 4494 summa
2297 4426 2363 4494 Ξ.

828 4555 1001 4627 cap.
1045 4539 1111 4606 2.
1162 4535 1237 4606 in
1284 4534 1711 4627 principio,
1760 4537 2036 4628 arguit
2077 4542 2371 4610 contra

830 4653 1236 4744 antiquoS,
1277 4654 1410 4743 qui
1446 4653 1846 4746 ponebant
1898 4654 2157 4726 solam
2191 4675 2373 4727 cau-

833 4791 1008 4842 sam
1071 4769 1578 4843 materialem
1635 4771 1711 4842 in
1774 4772 2037 4853 rebus,
2106 4777 2185 4845 et
2244 4792 2373 4843 ne-

832 4885 1132 4976 gabant
1166 4905 1498 4957 causam
1531 4884 2016 4958 efficientem
2070 4890 2150 4959 et
2183 4887 2371 4958 fina-

834 5002 1015 5084 lem,
1053 5002 1252 5073 unde
1292 5001 1532 5074 dicit:
1580 5001 1956 5073 Videmus
2001 5001 2078 5071 in
2134 5003 2370 5073 rebus

834 5117 1346 5190 sensibilibus
1411 5117 1943 5191 mutationem
2003 5117 2206 5200 fieri,
2264 5117 2376 5189 ni-

831 5234 944 5307 bil
990 5239 1263 5307 autem
1334 5239 1603 5308 movet
1656 5234 2038 5326 seipsum,
2107 5256 2374 5326 quem·

832 5353 1257 5424 admodum
1343 5351 1653 5442 lignum
1756 5374 1914 5424 non
2019 5352 2376 5444 seipsum

836 5473 1363 5550 transmutat,
1432 5473 1519 5542 ut
1578 5469 1718 5542 fiat
1787 5490 2236 5542 scamnum.
2296 5469 2374 5542 Si

837 5593 1108 5664 autem
1156 5608 1429 5682 agem,
1467 5587 1716 5665 etiam
1758 5588 1939 5662 finis
1982 5592 2131 5670 est,
2173 5587 2375 5662 nibil

1956 393 2057 457 DE
2096 390 2362 457 RERUM
2409 387 2797 452 PRINCIPIO

2450 556 2722 624 autem
2756 548 2930 641 agit
2957 546 3129 641 nisi
3164 553 3506 645 proptor
3543 548 3779 623 finem
3813 575 3826 632 ;
3858 557 3967 630 est

2452 669 2710 761 igitur
2770 668 2847 739 in
2909 667 3149 741 rebus
3210 667 3568 742 efficiens
3640 672 3722 743 et
3778 669 3961 746 finis.

2455 787 2721 879 Igitur
2762 806 2945 860 cum
3006 785 3177 878 ipse
3238 789 3485 879 ponat
3543 785 3782 860 finem
3826 789 3970 863 effi·

2451 903 2696 976 cienti
2766 903 3432 996 correspondere‚
3504 924 3688 976 cum
3759 904 3972 979 Intel-

2452 1021 2810 1114 ligentiee
2881 1025 3259 1095 moveant
3344 1020 3580 1094 orbes
3658 1025 3974 1115 propter

2456 1140 2857 1232 primum,
2968 1140 3055 1211 ut
3154 1136 3370 1221 dicit,
3484 1142 3569 1211 ut
3659 1142 3976 1232 propter

2455 1257 2694 1329 finem
2792 1258 3158 1329 amatum
3246 1257 3326 1328 et
3405 1252 3970 1340 desideratum,

2459 1373 2833 1466 sequitur
2876 1371 3084 1465 quod
3142 1372 3312 1465 ipse
3376 1369 3480 1445 sit
3522 1392 3771 1445 eausa
3826 1373 3973 1446 effi-

2457 1491 2678 1565 ciens
2768 1489 3538 1580 Intelligentiarum.
3616 1489 3831 1562 Unde
3898 1491 3979 1564 de

2461 1610 2727 1680 mente
2785 1605 3261 1679 Aristotelis
3323 1604 3501 1686 fuit,
3566 1606 3980 1679 secundum

2461 1726 2666 1818 quod
2756 1726 3165 1796 Averroes
3256 1720 3590 1817 exponit
3685 1723 3979 1816 ipsum,

2461 1842 2668 1936 quod
2725 1840 3296 1933 Intelligentiae
3357 1840 3654 1914 habent
3722 1861 3890 1911 esse
3944 1860 3986 1911 a

2459 1960 2754 2053 primO,
2804 1959 3172 2052 quamvis
3207 1958 3283 2030 in
3321 1956 3555 2030 modo
3627 1979 3782 2050 quo
3816 1965 3987 2035 sunt

2460 2077 2560 2149 ab
2624 2097 2752 2158 eo,
2827 2074 3316 2150 Aristoteles
3402 2074 3720 2158 defecit,
3817 2076 3990 2167 quia

2462 2193 2736 2286 posuit
2768 2214 2906 2266 eas
2978 2193 3091 2266 ita
3157 2191 3455 2265 habere
3505 2214 3683 2265 esse
3744 2213 3790 2265 a
3844 2192 3989 2285 pri-

2462 2331 2619 2391 mo,
2686 2311 2892 2402 quod
2935 2331 3077 2383 nec
3112 2329 3158 2380 a
3200 2330 3308 2393 se,
3362 2330 3507 2382 nec
3550 2330 3697 2403 per
3740 2313 3993 2402 poten-

2463 2427 2666 2499 tiam
2749 2425 2992 2519 primi
3081 2429 3270 2500 sunt
3343 2425 3422 2498 in
3478 2425 3842 2519 potentia
3906 2424 3991 2498 ad

2462 2562 2622 2614 non
2655 2563 2856 2614 esse.

2553 2659 2698 2731 Sed
2765 2658 2855 2730 de
2922 2658 3073 2732 hoc
3133 2681 3294 2733 non
3371 2659 3695 2733 intendo
3775 2659 3991 2732 modo

2464 2777 2967 2870 perquirere.
3043 2779 3209 2850 Nec
3297 2777 3789 2852 Aristoteles
3839 2796 3994 2869 ‚per

2467 2894 2662 2967 illud
2713 2894 3078 2978 verbum,
3125 2896 3298 2965 idem
3349 2899 3748 2985 inquantum
3803 2895 3989 2973 idem,

2464 3016 2616 3085 etc.
2673 3016 2944 3102 negat,
2997 3012 3188 3104 quin
3236 3012 3334 3085 ab
3388 3013 3667 3085 eodem
3739 3011 3992 3090 simul,

2465 3134 2545 3203 et
2621 3129 2719 3201 ab
2795 3134 3102 3202 aeterno
3191 3130 3507 3223 possint
3577 3128 3999 3223 procedere

2469 3247 2929 3320 immediate
2962 3247 3225 3340 plura.
3275 3249 3422 3322 Sed
3452 3270 3548 3320 ex
3583 3248 3726 3320 illo
3767 3247 3999 3319 verbo
4091 3273 4096 3278 *

2469 3364 2792 3437 videtur
2853 3365 3125 3457 potius
3198 3363 3727 3448 intellexisse,
3812 3363 3999 3456 quod

2472 3482 2570 3553 ab
2644 3486 2981 3565 teternO,
3074 3486 3153 3557 et
3243 3481 3737 3564 invariabili,
3817 3479 4002 3552 nibil

2473 3619 2772 3670 novum
2840 3603 3116 3691 posset
3175 3598 3535 3691 produci.
3596 3597 3819 3671 Unde
3897 3597 4004 3668 vi·

2474 3715 2711 3788 detur
2796 3714 3102 3787 sentire
3200 3714 3732 3798 Aristoteles,
3817 3712 4006 3806 quod

2479 3831 2849 3924 quidquid
2920 3831 3324 3924 processit
3393 3851 3439 3902 a
3513 3833 3684 3904 Deo
3747 3831 4005 3903 imme·

2477 3947 2714 4030 diate,
2766 3947 3174 4040 processit
3224 3948 3321 4018 ab
3388 3969 3483 4020 eo
3537 3947 3636 4020 ab
3677 3952 4002 4024 aeterno,

2481 4064 2594 4137 ita
2641 4066 2845 4156 quod
2898 4065 2966 4137 si
3015 4064 3340 4139 novitas
3396 4063 4006 4138 invenireturin

2479 4181 2822 4265 entibus,
2895 4182 3045 4254 hoc
3115 4186 3330 4255 esset
3417 4181 4006 4257 attribuendum

2482 4297 2850 4371 secundis
2891 4300 3188 4380 causis,
3225 4319 3386 4370 non
3435 4296 3751 4391 primae.
3807 4295 4008 4367 Unde

2484 4416 2701 4489 ratio
2781 4437 2927 4487 sua
3002 4416 3325 4489 videtur
3394 4437 3597 4497 esse,
3681 4413 3886 4508 quod
3948 4410 4008 4482 si

2483 4532 2805 4624 aliquod
2846 4553 3146 4604 novum
3197 4554 3243 4604 a
3290 4533 3458 4605 Deo
3519 4531 4004 4625 procederet,

2484 4650 2950 4722 necessario
2992 4649 3262 4741 aliqua
3315 4650 3689 4730 mutatio,
3738 4646 4009 4718 saltem

2487 4770 2880 4857 quantum
2942 4765 3036 4835 ad
3093 4763 3628 4846 voluntatem,
3718 4764 3794 4836 in
3857 4763 4010 4837 Deo

2486 4882 2704 4956 facta
2753 4884 2968 4954 esset
3015 4907 3030 4950 ε
3085 4885 3165 4954 et
3225 4881 3415 4973 quia
3475 4881 3647 4975 ipse
3708 4895 4012 4970 semper

2485 5003 2611 5072 est
2667 4998 2867 5070 idem
2945 4997 3025 5069 in
3095 4998 3346 5080 nuIIO,
3395 4997 3799 5091 recipiens
3864 5013 4013 5067 mu·

2487 5116 2886 5190 tationem
2963 5114 3088 5186 vel
3144 5113 3785 5193 innova-tionem,
3854 5110 4010 5182 ideo

2489 5232 2585 5303 ab
2630 5232 2805 5325 ipso
2850 5230 3053 5303 nihil
3103 5251 3399 5303 novum
3436 5234 3707 5323 potest
3755 5246 4012 5322 proce—

2488 5350 2699 5421 dere.
2774 5351 2952 5421 Non
3043 5349 3299 5440 igitur
3383 5347 3576 5421 illud
3663 5345 4006 5420 verbum,

2488 5471 2668 5536 Idem
2721 5472 3115 5556 inquantum
3157 5470 3354 5552 idem,
3418 5471 3570 5541 eto.
3633 5467 3874 5554 negat
3908 5478 4012 5531 re·

2492 5604 2675 5659 rum
2731 5583 3292 5680 pluralitatem
3342 5582 3803 5658 immediate
3845 5593 4009 5672 pro·
