4252 6393
634 382 702 444 12
1799 393 1941 453 ΗΒ.
1998 395 2037 454 1.
2087 393 2632 457 METEORORUM

1070 843 1501 901 ARTICULUS
1551 848 1640 903 111.

611 1037 708 1102 De
766 1037 1004 1103 ordine
1060 1039 1569 1127 impressionum
1621 1052 2147 1121 meteoricorum.

406 1267 455 1317 τ.
520 1334 531 1345 .
701 1255 1105 1332 Quantum
1167 1254 1263 1324 ad
1313 1251 1674 1330 tertium,
1744 1252 2151 1324 sciendum

259 1330 583 1466 ἧξῖἷρῖἷῖῗὲἶ
610 1370 759 1446 est,
800 1368 1005 1458 quod
1043 1367 1621 1460 impressiones
1660 1369 2145 1450 meteoricae‚

263 1467 404 1503 ηοω
456 1470 583 1517 pos-

260 1524 386 1563 „m
434 1483 735 1566 00„,.Vel
790 1489 1131 1574 possunt
1191 1489 1662 1577 comparari
1714 1486 1807 1556 ad
1879 1489 2151 1560 omnia

256 1578 577 1700 Ρῖἴῑῖζῖῗσῗῗ
610 1601 772 1671 alia
813 1623 1192 1694 corpora,
1229 1605 1355 1674 vel
1388 1605 1483 1675 ad
1524 1610 1905 1678 naturam
1942 1607 2144 1678 caeli.

259 1701 573 1752 ⁰⁰''⁰¹“³²'⁰¹
698 1721 1143 1791 Secundum
1203 1719 1354 1792 hoc
1437 1723 1805 1813 sequitur
1884 1724 2148 1814 prima

599 1837 1045 1909 conclusio:
1076 1837 1663 1930 impressiones
1687 1841 2147 1912 meteoricae

580 1956 815 2032 -sunt,
854 1956 933 2025 et
964 1952 1165 2026 fiunt
1200 1954 1567 2027 ordinate
1600 1959 2144 2048 comparando

603 2073 821 2163 ipsas
870 2072 964 2142 ad
1025 2071 1297 2143 omnia
1347 2093 1702 2165 corpora
1755 2075 2141 2146 universi.

604 2190 840 2261 Patet
898 2209 1042 2280 per
1093 2190 1523 2261 secundam
1589 2194 1904 2280 partem
1964 2212 2146 2263 con-

488 2282 495 2291 ’
601 2306 1018 2384 clusionis,
1145 2307 1335 2396 quia
1426 2306 1698 2378 omnia
1791 2328 2147 2399 corpora

605 2422 968 2493 universi
1020 2429 1208 2496 sunt
1249 2423 1507 2497 debite
1547 2424 1942 2516 disposita
2016 2426 2145 2497 vel

606 2538 1003 2618 ordinata,
1054 2539 1187 2609 sed
1230 2539 1812 2631 impressiones
1850 2546 2141 2614 meteo-

604 2656 797 2726 ricae
852 2660 1039 2728 sunt
1072 2678 1427 2749 corpora
1469 2659 1866 2738 universi;
1914 2679 2137 2750 ergo,

600 2778 751 2845 etc.
810 2771 1103 2845 Adhoc
1159 2779 1433 2866 posset
1464 2776 1739 2848 deduci
1790 2776 2135 2866 signum,

602 2890 789 2979 quia
837 2889 1013 2962 istae
1067 2891 1647 2981 impressiones
1702 2893 1777 2964 in
1821 2898 2141 2966 tantum

601 3009 787 3076 sunt
832 3006 1249 3087 ordinatae,
1297 3007 1486 3097 quia
1531 3029 1673 3100 per
1704 3009 1908 3080 alias
1956 3010 2143 3084 ista-

602 3142 783 3193 rum
846 3127 1113 3215 potest
1160 3123 1440 3195 haberi
1492 3127 2011 3217 praescientia
2050 3130 2141 3201 (le

600 3241 811 3319 aliis,
870 3241 1080 3313 sicut
1114 3262 1319 3312 unus
1366 3242 1906 3336 Philosophus
1960 3267 2138 3338 pro-

599 3358 1094 3448 gnosticavit
1129 3364 1438 3432 motum
1462 3365 1706 3433 terrae
1736 3383 1878 3454 per
1901 3384 2140 3455 appa-

600 3474 981 3547 ritionem
1004 3476 1423 3567 cujusdam
1448 3479 1846 3550 columnae
1885 3480 2137 3568 igneae

597 3592 1101 3664 ascendentis
1138 3613 1182 3663 a
1216 3597 1476 3673 terra,
1523 3598 1605 3666 et
1638 3595 1840 3666 idem
1878 3598 2138 3687 magis

600 3708 905 3798 patebit
950 3710 1026 3780 in
1072 3711 1615 3802 sequentibus

691 3828 1047 3898 Secunda
1078 3829 1493 3899 conclusio
1526 3834 1674 3910 est,
1714 3833 2137 3924 supposito

601 3944 805 4033 quod
870 3964 1147 4013 omnes
1200 3945 1803 4035 propositiones
1877 3953 2135 4020 astro-

596 4059 880 4149 logicae
921 4060 1013 4130 de
1046 4060 1372 4150 judiciis
1412 4066 1684 4134 essent
1724 4084 1965 4144 verae,
2025 4065 2138 4136 ita

595 4175 801 4267 quod
843 4177 937 4246 ad
966 4176 1211 4247 talem
1257 4178 1964 4251 constellationem
2010 4202 2135 4252 ne·

590 4293 952 4363 cessario
986 4293 1622 4366 etdeterminate
1658 4303 2139 4386 sequeretur

591 4410 782 4481 talis
848 4409 1283 4499 impressio
1344 4410 1583 4488 aeris,
1634 4411 1887 4483 adhuc
1939 4414 2135 4485 disti-

590 4526 825 4598 cilius
905 4531 1122 4598 esset
1188 4547 1686 4616 cognoscere
1772 4531 2133 4603 ordinem

594 4645 942 4715 istarum
991 4644 1647 4735 impressionum,
1716 4666 1955 4736 quam
2010 4668 2134 4717 or-

588 4761 850 4832 dinem
911 4764 1278 4832 motuum
1342 4762 1788 4834 ceelestium
1851 4785 2132 4856 corpo-

591 4898 795 4948 rum.
838 4876 1267 4955 Probatur,
1317 4878 1503 4967 quia
1538 4879 1613 4950 in
1649 4882 2132 4971 corporibus

588 4994 1046 5066 caelestibus
1087 4998 1211 5066 est
1273 5014 1477 5065 unus
1547 4998 1767 5068 solus
1832 5004 2125 5078 motus,

591 5112 907 5185 scilicet
989 5111 1302 5191 localis,
1387 5133 1621 5202 quem
1708 5120 2131 5205 oporteret

588 5248 1121 5317 cognoscere;
1181 5228 1311 5298 sed
1367 5229 1442 5300 in
1498 5230 1677 5301 istis
1727 5231 2126 5304 inferiori-

586 5346 732 5417 bus
776 5348 964 5416 sunt
1000 5345 1237 5416 multi
1274 5350 1568 5424 motus,
1612 5367 1809 5434 ergo
1852 5349 2129 5421 diffiei-

588 5463 743 5536 lius
826 5463 1359 5551 cognoscitur
1446 5465 1639 5534 ordo
1741 5464 2120 5546 istorum,

587 5599 826 5675 quam
889 5598 1332 5674 corporum
1393 5580 1864 5655 caelestium.
1930 5585 2125 5656 Con-

248 3837 527 3886 Oonclusio
539 3837 571 3886 2

2273 553 2691 643 sequentia
2754 556 2995 632 tenet,
3056 552 3245 644 quia
3314 552 3446 623 ubi
3498 557 3822 645 oportet

2273 672 2512 762 plura
2578 689 3101 760 cognoscere,
3167 674 3266 742 ut
3318 669 3595 762 plures
3656 690 3821 741 mu-

2273 788 2653 869 tationes,
2699 808 2797 858 ex
2867 807 3216 878 quarum
3288 784 3819 877 qualitatibus

2271 908 2546 996 posset
2581 904 2777 975 ordo
2810 902 3151 983 variari,
3174 900 3586 975 difficilius
3622 902 3816 973 ordo

2271 1022 2826 1111 cognoscitur,
2918 1039 3160 1111 quam
3267 1018 3397 1089 ubi
3483 1022 3815 1110 oportet

2270 1156 2515 1207 unum
2579 1135 2842 1206 solum
2911 1138 3222 1207 motum
3290 1153 3812 1225 cognoscere.

2267 1253 2764 1326 Antecedens
2816 1254 3184 1344 apparet,
3233 1251 3423 1342 quia
3483 1251 3563 1322 in
3634 1250 3813 1323 istis

2270 1369 2943 1462 impressionibus
2997 1373 3121 1442 est
3179 1372 3449 1440 motus
3517 1366 3812 1440 altera-

2265 1489 2538 1565 tionis,
2587 1486 3167 1578 generationis,
3219 1484 3804 1576 corruptionis

2264 1604 2984 1695 augmentationis

2353 1722 2709 1794 Secundo
2757 1726 2980 1814 patet
3039 1722 3133 1793 ad
3182 1718 3797 1812 experientiam,

2262 1861 2447 1911 nam
2474 1838 2797 1910 facilius
2822 1843 2946 1911 est
2969 1837 3279 1909 homini
3311 1855 3804 1926 cognoscere

2263 1957 2847 2049 oppositiones,
2882 1960 2963 2029 et
2995 1954 3611 2047 conjunctiones
3646 1953 3806 2045 pla-

2261 2080 2494 2153 netae,
2534 2093 2776 2164 quam
2835 2091 3336 2162 cognoscere
3370 2071 3577 2161 quod
3619 2090 3804 2141 cras

2261 2191 2506 2283 pluet,
2562 2189 2689 2260 vel
2723 2193 2908 2281 post
2940 2210 3128 2261 cras
3161 2188 3297 2261 fiet
3341 2187 3675 2277 grando.
3707 2188 3805 2257 Et

2260 2312 2375 2385 sic
2450 2308 2797 2380 mixtam
2868 2307 3113 2379 istam
3196 2303 3805 2377 conclusionem

2259 2430 2572 2519 glossat
2620 2425 3105 2498 Aristoteles
3147 2442 3330 2495 cum
3372 2419 3805 2511 dicit,quod

2260 2544 2844 2637 impressiones
2890 2539 3357 2614 meteoricae
3416 2538 3620 2610 fiunt
3664 2539 3800 2610 mi-

2259 2685 2409 2738 nus
2487 2662 2858 2735 ordinate
2917 2680 3158 2752 quam
3218 2663 3519 2731 natura
3594 2656 3796 2737 caeli,

2256 2786 2336 2854 et
2402 2780 2596 2853 ordo
2673 2778 3307 2871 impressionum
3389 2773 3799 2847 difficilius

2255 2898 2806 2987 cognoscitur,
2856 2914 3095 2986 quam
3158 2893 3354 2965 ordo
3432 2897 3799 2965 motuum

2257 3034 2508 3105 supra
2576 3012 3052 3085 caelestium.

2342 3127 2618 3201 Tertia
2649 3125 3064 3198 conclusio
3082 3128 3231 3205 est,
3260 3123 3462 3217 quod
3497 3121 3798 3215 simpli-

2254 3245 2462 3317 citer
2506 3243 2921 3334 loquendo,
2981 3243 3174 3318 istae.
3213 3241 3795 3333 impressiones

2256 3361 2719 3433 meteoricae
2781 3360 2982 3432 fiunt
3061 3358 3327 3430 minus
3399 3357 3790 3434 ordinate.

2256 3496 2493 3569 quam
2554 3497 2909 3568 corpora
2993 3475 3377 3554 caelestia,
3457 3496 3556 3546 ex
3638 3494 3795 3566 quo

2256 3594 2627 3684 sequitur
2660 3594 2864 3684 quod
2909 3592 3515 3685 propositiones
3556 3593 3648 3663 de
3671 3591 3793 3684 ju·
3860 3593 4162 3668 ‚Impres-

3821 3670 4000 3704 Stsssses
4029 3671 4160 3704 me-

2250 3711 2481 3783 diciis
2551 3709 3041 3798 Astrologiae
3117 3728 3275 3780 non
3354 3713 3542 3781 sunt
3609 3708 4163 3779 sim-reoriroemi-

3819 3795 3926 3828 nus
3999 3781 4156 3829 ordi·

2254 3827 2579 3919 pliciter
2635 3824 3145 3902 necessariae,
3205 3824 3494 3896 saltem
3539 3823 3791 3916 quoad
3819 3849 3949 3891 nare
4001 3845 4158 3907 fiune

2256 3945 2500 4016 istum
2556 3947 2899 4035 partem,
2940 3963 3116 4033 quae
3158 3947 3282 4015 est
3322 3942 3414 4012 de
3458 3919 4158 4040 impres-Zssssssoeff‘e'ss

2254 4060 2615 4132 sionibus
2661 4059 2903 4131 aeris.
2953 4059 3384 4140 Probatur,
3422 4062 3791 4149 quamvis
3821 4037 3921 4077 ‘³⁰'

2251 4197 2395 4248 aer
2454 4177 2892 4248 ascendens
2972 4197 3222 4268 supra
3262 4178 3620 4268 aliquam
3677 4199 3791 4250 re-

2251 4295 2599 4384 gionem,
2648 4294 2772 4365 vel
2825 4294 3268 4372 civitatem,
3322 4293 3573 4366 fuerit
3629 4296 3793 4387 plu-

2249 4412 2553 4490 viosus,
2625 4414 2895 4482 tamen
2957 4410 3342 4502 possibile
3396 4416 3521 4483 est
3591 4411 3793 4502 quod

2249 4549 2408 4599 non
2435 4529 2684 4619 pluat,
2721 4533 3061 4619 propter
3098 4527 3793 4618 indispositionem

2252 4645 2647 4718 materiae.

2341 4762 2725 4841 Secunde,
2789 4761 2976 4833 ‹lato
3059 4763 3266 4852 quod
3323 4760 3572 4836 fuerit
3634 4784 3793 4836 ma-

2251 4878 2461 4950 teria
2500 4877 2920 4968 disposita,
2986 4879 3240 4949 adhuc
3288 4883 3558 4970 potest
3601 4880 3794 4952 arti-

2248 4994 2630 5066 ficialiter
2700 4994 3072 5085 impediri
3159 5015 3398 5067 casus
3469 4996 3785 5086 pluviae,

2247 5112 2456 5183 sicut
2509 5111 2575 5182 si
2611 5131 2755 5202 per
2808 5111 3404 5184 multitudinem
3459 5113 3670 5202 ignis
3714 5114 3791 5185 in

2247 5229 2387 5299 illa
2431 5227 2764 5316 regione
2822 5233 3361 5300 consumatur
3409 5231 3782 5305 materia.

3828 3100 4164 3153 Conclusioss

2242 5365 2336 5414 ex
2367 5363 2522 5434 qua
2551 5343 2820 5436 pluvia
2848 5343 2986 5415 illa
3016 5344 3341 5418 deberet
3375 5349 3779 5435 generari,

2330 5463 2546 5533 Tunc
2618 5461 2711 5532 ad
2771 5460 3182 5533 rationes:
3223 5462 3333 5533 Ad
3399 5464 3776 5554 primam,
3812 5453 4139 5566 Affnesssgff’

2238 5578 2539 5660 dictum
2609 5582 2731 5655 est
2804 5578 2880 5656 in
2958 5579 3502 5665 conclusione,
3577 5581 3782 5676 quod
