4252 6393
240 991 327 1064 ᾼά
356 964 468 1039 fer-

234 1060 392 1102 num.

155 3488 244 3538 Ad
272 3502 447 3551 quar-

244 3558 378 3600 Cum·

524 402 641 467 430

516 565 944 657 disponere
1001 564 1096 636 ad
1154 563 1703 657 receptionem
1770 564 2055 637 formae

519 682 800 756 liberae
830 689 909 757 et
939 683 1421 776 spiritualis,
1478 683 1666 775 quia
1698 682 1944 755 ctiam
2009 705 2057 755 a

521 801 671 876 tali
710 801 977 874 forma
1008 801 1184 893 ipsa
1214 800 1580 873 derivata
1611 804 1758 874 est.

610 918 723 990 Ad
752 917 1134 991 tertium:
1169 916 1448 990 Omnis
1491 915 1864 997 materia,
1900 919 2052 988 etc.

524 1034 874 1106 concedo
959 1034 1384 1128 majorem.
1450 1032 1563 1103 Ad
1625 1032 2051 1112 minorem,

517 1171 699 1223 cum
745 1150 1099 1223 dicitur:
1151 1153 1349 1225 Esse
1404 1148 1745 1220 liberum
1814 1151 1893 1220 et
1946 1148 2054 1219 in-

518 1267 965 1358 telligibile,
1020 1272 1099 1342 et
1139 1288 1316 1341 esse
1368 1265 1862 1346 immortale,
1899 1271 2050 1339 etc.

513 1405 801 1457 verum
860 1389 984 1458 est
1026 1386 1112 1456 ut
1154 1407 1289 1453 esse
1332 1386 1610 1454 liberum
1661 1385 1741 1454 et
1779 1385 2054 1449 immor-

515 1504 647 1570 tale
701 1503 1140 1575 sumuntur
1207 1499 1699 1579 formaliter,
1774 1518 2056 1569 sccun-

511 1618 697 1691 dum
748 1639 985 1710 quem
1028 1618 1350 1690 modum
1392 1620 1579 1688 sunt
1621 1615 1699 1687 in
1751 1614 2048 1687 anima.

511 1734 615 1804 Ut
667 1735 938 1805 autem
1010 1733 1446 1804 sumuntur
1513 1728 2055 1803 communica-

511 1850 676 1925 tive
719 1852 1455 1942 quantumcumque
1504 1846 1667 1921 sint
1717 1866 2054 1938 corrup-

507 1966 799 2050 tibilia,
835 1987 953 2049 ea,
991 1965 1278 2059 quibus
1311 1964 2047 2044 communicantur,

508 2103 669 2155 non
703 2086 893 2158 sunt
927 2081 1619 2175 incorruptibilia,
1676 2079 1840 2152 imo
1883 2098 2053 2154 cor-

510 2203 1029 2294 rumpuntur,
1083 2219 1244 2271 non
1286 2199 1365 2271 in
1401 2219 1510 2279 se,
1549 2197 1683 2268 sed
1715 2200 1800 2268 ut
1834 2216 2054 2268 com-

510 2318 923 2393 municata
999 2317 1095 2390 ad
1170 2314 1786 2407 corruptionem
1869 2313 2051 2385 illo-

510 2452 716 2516 rum,
764 2432 1049 2524 quibus
1092 2429 1825 2504 communicantur.

598 2549 681 2622 Si
723 2549 973 2631 dicas,
1032 2548 1240 2641 quod
1287 2548 1561 2620 anima
1601 2544 2048 2618 communi-

507 2670 640 2739 cat
728 2664 1197 2739 libertatcm
1269 2683 1511 2756 quam
1570 2661 1843 2743 habet,
1916 2682 2048 2732 ve-

510 2803 693 2855 rum
752 2786 903 2865 est,
961 2783 1094 2855 sed
1150 2802 1312 2855 non
1369 2781 1512 2854 illo
1576 2779 1807 2852 modo
1889 2798 2046 2869 quo

505 2898 771 2981 habet,
854 2898 1166 2972 scilicet
1250 2897 1743 2974 formaliter.
1828 2894 2046 2979 Quod

504 3019 757 3091 etiam
822 3043 955 3088 esse
1032 3021 1311 3088 liberum
1394 3021 1470 3090 et
1566 3020 2047 3087 intellectivam

502 3157 665 3212 non
695 3135 1354 3212 communicatur
1387 3135 1753 3209 materiae
1784 3135 2046 3209 homi-

502 3255 656 3336 nis,
701 3259 791 3327 ut
836 3260 1107 3336 sentire,
1153 3255 1285 3328 sed
1333 3253 1597 3326 solum
1652 3255 1808 3327 toti
1858 3274 2045 3325 con-

494 3372 780 3464 juncto
817 3372 1154 3444 ostendi.

603 3489 715 3561 Ad
777 3490 972 3563 illud
1040 3488 1245 3580 quod
1311 3485 1696 3578 arguitur
1762 3489 2046 3579 postea

504 3627 604 3679 ex
646 3609 880 3699 parte
922 3606 1300 3699 aspectus
1359 3603 1878 3676 universalis.
1934 3604 2047 3676 Ad

507 3743 787 3795 omnes
831 3722 1013 3794 illas
1063 3720 1431 3795 rationes
1473 3723 1697 3813 patet
1742 3718 2044 3794 solutio

506 3860 653 3934 per
710 3840 1123 3933 praedicta,
1191 3841 1605 3913 ostensum
1656 3840 1781 3910 est
1830 3835 2045 3907 enim

504 3957 711 4049 quod
815 3956 1043 4038 illud,
1126 3975 1281 4047 quo
1353 3952 1889 4043 intelligimus
1966 3953 2047 4024 et

498 4070 900 4154 volumuS,
945 4075 1069 4145 est
1103 4069 1473 4164 potentia
1514 4069 1627 4141 sic
1664 4070 2048 4160 separata

501 4187 601 4259 ab
656 4189 874 4261 omni
946 4187 1295 4261 materia
1361 4184 1886 4279 corruptibili
1966 4187 2046 4257 et

503 4324 840 4397 organo,
924 4304 1297 4397 quamvis
1374 4304 1481 4377 sit
1550 4303 1630 4375 in
1698 4320 2046 4393 corpore

501 4421 936 4495 secundum
996 4420 1350 4512 aliquem
1405 4419 1724 4491 modum
1775 4436 2047 4488 essen-

499 4536 601 4618 di,
703 4534 891 4628 quia
970 4534 1282 4608 scilicet
1350 4532 1544 4605 illud
1621 4532 1854 4623 cujus
1920 4535 2047 4605 est

500 4650 891 4743 potentia,
928 4649 1166 4724 estin
1207 4668 1554 4741 corpore
1598 4651 1682 4721 ut
1730 4647 2039 4730 forma;

495 4770 964 4840 nontamen
992 4769 1115 4839 est
1150 4765 1518 4860 potentia
1552 4762 2045 4858 principium

500 4885 1028 4978 intelligendi,
1108 4887 1196 4958 ut
1267 4884 1498 4959 unita
1570 4884 1651 4957 in
1724 4882 2044 4957 ratione

499 5002 999 5097 perficientis
1052 5002 1404 5095 alicujus
1458 4998 1826 5074 materiae
1868 5017 2042 5071 cor-

499 5119 941 5215 ruptibilis,
980 5120 1191 5194 sicut
1227 5123 1645 5193 ostensum
1696 5119 1817 5189 est
1862 5136 2043 5189 con-

494 5237 854 5313 trarium
920 5238 1011 5310 de
1079 5235 1495 5310 sensitiva.
1572 5234 1754 5306 Ideo
1826 5231 2037 5323 quia,

495 5360 585 5430 ut
675 5375 927 5447 supra
1014 5353 1313 5447 patuit,
1431 5351 1646 5424 ratio
1746 5347 2042 5443 obJecti

491 5478 574 5548 et
627 5473 1131 5566 operationis
1189 5490 1354 5543 non
1414 5468 2036 5548 determinatur,

491 5608 639 5663 nec
694 5587 1383 5683 proportionatur
1423 5582 1722 5675 agenti,
1780 5585 1864 5655 ut
1917 5587 2041 5656 cst

1673 401 1775 466 DE
1819 402 2086 468 RERUM
2129 401 2518 468 PRIN'CIPIO

2176 584 2450 654 agens,
2494 565 2948 656 quiahomo
2979 572 3105 642 est
3148 589 3420 660 agens,
3466 575 3544 643 et
3586 570 3716 642 ha-

2171 682 2299 754 bet
2362 685 2796 757 materiam
2856 674 3479 779 corruptibilem
3535 710 3711 781 par-

2168 802 2333 871 tem
2379 800 2528 880 sui,
2566 821 2709 874 nec
2741 801 2815 872 ei
2851 823 3004 892 quo
3037 803 3209 894 agit
3272 807 3356 875 ut
3393 809 3709 879 remoto

2172 915 2602 1009 principio,
2649 919 3104 1010 cujusmodi
3165 924 3289 993 est
3349 921 3713 994 substan-

2171 1033 2287 1107 tia
2321 1035 2638 1117 animae,
2700 1056 2873 1127 qum
2915 1042 3039 1109 cst
3090 1037 3359 1110 forma
3427 1043 3505 1111 et
3545 1060 3712 1132 per·

2170 1148 2412 1221 sectio
2465 1153 2831 1224 materiae
2875 1153 3368 1246 corporalis,
3415 1156 3548 1228 sed
3591 1156 3710 1228 de·

2167 1266 2670 1340 terminatur
2746 1274 2826 1342 et
2871 1271 3556 1363 proportionatur
3610 1272 3708 1354 ei,

2170 1405 2324 1474 quo
2372 1384 2831 1458 immediate
2876 1389 3080 1479 agit;
3136 1389 3372 1480 quale
3413 1394 3537 1463 est
3581 1411 3709 1482 po-

2166 1503 2424 1577 tentia
2469 1492 2965 1577 intellectiva
3008 1505 3087 1576 in
3131 1505 3480 1590 homine,
3536 1528 3707 1599 qum

2168 1619 2369 1691 nulli
2420 1621 2838 1714 corporali
2894 1623 3262 1695 materiae
3322 1628 3708 1717 tanquam

2169 1736 2470 1820 forma,
2561 1738 2689 1809 vel
2781 1741 3079 1822 motor,
3142 1743 3265 1812 est
3334 1740 3708 1831 alligata,

2168 1847 2341 1919 ideo
2389 1849 2795 1942 objectum
2842 1851 3017 1944 ejus
3059 1857 3182 1926 est
3223 1875 3364 1926 ens
3414 1855 3712 1948 absque

2168 1965 2385 2036 omni
2444 1966 3152 2052 determinatione,
3215 1974 3296 2045 et
3358 1972 3534 2063 ejus
3592 1993 3712 2045 as·

2167 2086 2448 2173 pectus
2505 2087 2877 2176 respectu
2951 2086 3073 2159 rei
3141 2087 3527 2170 absentis,
3588 2091 3709 2162 est

2164 2198 2463 2291 absque
2499 2200 2744 2292 spatii
2776 2206 3600 2287 commensuratione,
3629 2210 3709 2279 et

2167 2315 2417 2388 libere
2467 2339 2551 2390 se
2604 2338 2936 2391 movens
2978 2319 3280 2412 absque
3323 2320 3489 2392 ulla
3533 2342 3707 2396 arc-

2166 2433 2503 2507 tatione.
2552 2435 2947 2509 Rationes
2994 2441 3265 2511 autem
3319 2438 3478 2511 illae
3526 2460 3705 2532 pro-

2163 2549 2476 2633 cedunt,
2577 2572 2669 2624 ac
2758 2553 2824 2624 si
2912 2554 3278 2646 potentia
3362 2555 3708 2647 alicujus

2157 2667 2642 2742 substantiae
2701 2690 2861 2741 non
2917 2676 3133 2746 essct
3193 2672 3439 2745 aliter
3490 2692 3708 2766 sepa·

2163 2788 2348 2858 rata
2390 2804 2627 2876 quam
2665 2790 2865 2878 ipsa,
2902 2787 3131 2880 cujus
3199 2790 3710 2863 contrarium

2161 2907 2285 2977 cst
2328 2907 2771 2975 ostensum.

2251 3019 2472 3101 Quod
2518 3019 2927 3109 arguitur,
2979 3020 3186 3112 quod
3237 3042 3397 3093 non
3435 3026 3703 3114 posset

2161 3159 2245 3211 se
2319 3136 2814 3228 intelligere,
2887 3141 3035 3213 etc.
3110 3140 3412 3232 Aperte
3482 3127 3845 3234 patetdd

2161 3256 2364 3347 quod
2409 3254 2819 3348 supponit,
2875 3255 3080 3347 quod
3150 3256 3374 3328 nulla
3434 3257 3701 3330 forma

2161 3369 2449 3443 habeat
2528 3371 2924 3445 virtutem
3016 3392 3153 3443 seu
3253 3373 3705 3464 potentiam

2162 3487 2574 3579 operandi,
2612 3509 2786 3580 quae
2821 3489 2901 3560 in
2936 3488 3258 3562 ratione
3294 3489 3713 3582 operantis

2161 3622 2206 3673 a
2278 3603 2629 3676 materia
2697 3604 2805 3677 sit
2872 3609 3256 3697 separata
3317 3605 3524 3696 quod
3584 3609 3709 3678 est

2160 3719 2484 3802 salsum,
2548 3724 2638 3794 ut
2699 3724 2922 3813 patet
2984 3747 2999 3791 ε
3066 3721 3436 3813 quamvis
3494 3722 3712 3794 enim

2163 3836 2653 3919 intellectus,
2709 3841 2793 3910 ut
2852 3841 2976 3911 est
3038 3836 3526 3920 substantia,
3599 3838 3706 3910 sit

2161 3954 2430 4026 forma
2497 3956 2914 4048 corporis,
3000 3957 3368 4049 potentia
3437 3961 3709 4031 tamen

2162 4068 2665 4143 intellectiva
2752 4070 3054 4143 nullius
3134 4071 3511 4164 corporis
3583 4075 3709 4144 cst

2160 4183 2454 4266 forma,
2492 4185 2700 4277 quod
2744 4186 3126 4279 supponit
3163 4185 3405 4260 ratio.

2249 4302 2469 4383 Quod
2528 4302 2937 4392 arguitur,
3014 4304 3220 4395 quod
3268 4323 3430 4375 non
3488 4306 3706 4375 esset

2160 4416 2465 4489 libera:
2514 4422 2714 4501 tum,
2755 4419 2967 4511 quia,
3012 4424 3166 4494 etc.
3223 4421 3523 4512 Aperte
3574 4437 3709 4512 pa-

2159 4536 2301 4615 tet,
2341 4536 2547 4626 quod
2582 4536 2662 4607 in
2697 4536 3069 4608 omnibus
3094 4534 3706 4609 deductionibus

2160 4651 2570 4744 supponit,
2636 4653 2844 4745 quod
2903 4654 2972 4726 si
3037 4653 3535 4727 intellectiva
3595 4652 3706 4725 sit

2159 4767 2454 4850 forma,
2516 4768 2723 4860 quod
2785 4768 3152 4861 potentia
3203 4769 3707 4844 intellectiva

2158 4886 2256 4957 ab
2325 4884 2466 4958 illa
2537 4886 2886 4960 materia
2956 4886 3061 4959 sit
3128 4887 3700 4972 determinata,

2158 5001 2365 5094 quod
2441 5005 2566 5075 est
2644 5001 2988 5084 falsum;
3072 5002 3260 5095 quia
3332 5003 3704 5095 quamvis

2158 5117 2525 5208 potentia
2605 5137 2748 5209 per
2799 5115 3342 5193 substantiam
3406 5120 3488 5192 in
3547 5138 3702 5211 qua

2157 5235 2306 5315 est,
2353 5233 2479 5305 vel
2530 5254 2714 5306 cum
2768 5253 2924 5325 qua
2976 5234 3180 5307 idem
3225 5239 3377 5317 est,
3423 5235 3529 5308 sit
3563 5234 3707 5308 ali-

2158 5369 2314 5441 quo
2359 5351 2593 5423 modo
2647 5350 2728 5422 in
2777 5372 3153 5445 corpore,
3205 5357 3293 5426 ut
3336 5372 3482 5445 per
3521 5350 3699 5437 hoc,

2155 5469 2233 5538 et
2270 5472 2612 5561 propter
2647 5469 2799 5540 hoc
2832 5468 3158 5541 dicatur
3196 5472 3277 5545 et
3339 5468 3702 5542 verifice-

2157 5588 2318 5665 tur,
2393 5584 2600 5675 quod
2653 5588 2879 5658 totus
2948 5583 3192 5659 homo
3283 5585 3698 5678 intelligit,

3878 3063 3990 3143 σι..

3883 3144 4058 3194 qma·

3848 3203 3994 3245 tum.

3786 4329 3891 4379 Aa
3914 4345 4056 4380 sex-

3847 4400 4002 4443 tum.
