4252 6393
1574 479 1937 556 QUAESTlo
1980 482 2117 545 xm

280 657 641 731 nunquam
683 641 956 713 autem
988 639 1080 712 de
1120 660 1283 713 non
1324 644 1532 723 ente,
1571 642 1778 732 quod

278 755 466 828 nullo
507 757 731 829 modo
765 756 919 832 fuit
952 758 1098 830 sub
1132 778 1371 830 sensu
1417 757 1778 851 particu-

274 872 427 953 lari,
468 877 583 946 est
633 873 978 949 scientia
1030 901 1044 946 :
1095 875 1304 968 quod
1358 879 1581 968 patet
1633 893 1779 967 per

274 988 759 1063 Aristotelem
802 990 1229 1074 dicentem,
1286 995 1353 1064 1.
1408 994 1772 1059 Posterior.

270 1117 403 1178 text.
446 1108 588 1180 134.
636 1109 841 1199 quod
882 1110 1230 1195 deficiente
1275 1131 1492 1190 sensu,
1549 1109 1778 1194 deficit

266 1227 533 1306 scientia,
568 1248 712 1315 qnoe
750 1239 842 1293 est
869 1226 1229 1294 secundum
1260 1228 1458 1293 illum
1486 1246 1772 1293 semum.

270 1339 456 1413 Unde
484 1360 743 1414 coecus
776 1361 822 1413 a
854 1341 1289 1416 nativitate
1319 1361 1481 1414 non
1503 1341 1776 1433 potest

268 1454 529 1531 habere
588 1458 1013 1532 scientiam
1082 1459 1174 1531 de
1232 1455 1649 1533 coloribus
1702 1457 1770 1527 2.

268 1575 582 1660 physicon
647 1581 810 1643 text.
873 1598 1103 1644 comm.
1166 1577 1231 1646 6.
1302 1593 1591 1646 verum
1649 1575 1774 1646 est

264 1707 436 1779 ergo
501 1691 706 1782 quod
774 1691 1167 1765 sensitiva
1243 1688 1773 1783 particularis

260 1810 365 1878 est
404 1806 1007 1881 fundamentum
1063 1808 1326 1881 omnis
1382 1807 1769 1879 scientife.

337 1925 552 2006 Item,
609 1924 677 1997 si
721 1925 927 2018 quod
967 1945 1127 1998 non
1184 1929 1309 1999 est
1360 1928 1574 2006 actu,
1628 1945 1773 1998 nec

258 2039 414 2122 fuit,
481 2046 760 2134 posset
822 2040 1178 2114 humana
1247 2039 1776 2135 inquisitione

259 2154 756 2250 investigari,
849 2161 1039 2232 tunc
1128 2157 1401 2231 omnia
1496 2157 1776 2231 futura

257 2281 565 2363 possent
597 2275 1011 2366 cognosci,
1072 2274 1259 2367 quia
1294 2274 1775 2366 inquantum

255 2408 392 2461 non
439 2395 653 2475 sunt,
704 2412 951 2464 unum
995 2411 1157 2463 non
1197 2390 1436 2465 habet
1476 2390 1656 2484 plus
1685 2391 1777 2462 de

258 2506 558 2581 ratione
598 2507 1175 2601 cognoscibilis
1252 2527 1492 2599 quam
1532 2506 1772 2578 aliud.

330 2625 555 2709 Item,
604 2630 1023 2700 ostensum
1067 2629 1193 2700 est
1243 2645 1516 2717 supra,
1572 2625 1779 2716 quod

251 2738 450 2814 inter
478 2741 631 2814 has
666 2742 1174 2834 cognitiones
1216 2745 1342 2816 est
1372 2761 1617 2814 verus
1654 2760 1778 2813 or-

247 2857 332 2928 do
384 2880 400 2921 ε
444 2860 580 2932 sed
642 2861 1006 2952 cognitio
1060 2859 1561 2934 intellectiva
1619 2878 1777 2929 non

250 2976 619 3065 praecedit
653 2976 1132 3051 sensitivam
1168 2999 1182 3041 τ
1223 2974 1355 3048 sed
1388 2973 1782 3048 sensitiva

247 3091 755 3165 communior
794 3097 942 3175 est,
988 3114 1172 3166 eum
1216 3093 1324 3168 sit
1368 3093 1448 3164 in
1485 3090 1776 3172 brutis,

243 3211 313 3282 et
353 3207 523 3281 ideo
596 3210 855 3304 prior,
902 3213 1100 3292 tum,
1138 3210 1325 3303 quia
1357 3208 1784 3283 intellecti-

246 3343 334 3397 va
387 3328 712 3401 certior
767 3331 916 3410 est,
982 3327 1415 3409 actualior,
1480 3324 1782 3419 perfec·

246 3438 421 3516 tior,
500 3443 674 3517 tale
743 3447 1016 3517 autem
1084 3446 1209 3516 est
1287 3441 1785 3515 naturaliter

244 3559 653 3645 posterius
692 3578 706 3621 t
743 3558 877 3631 sed
908 3558 985 3629 in
1020 3558 1320 3633 talibus
1364 3556 1784 3650 imperfec-

246 3674 404 3745 tum
470 3680 602 3751 est
665 3675 921 3758 radix,
990 3676 1223 3767 origo
1308 3678 1388 3748 et
1444 3675 1785 3746 semina-

244 3789 443 3863 rium
484 3796 867 3886 respectu
903 3791 1270 3885 perfecti,
1316 3795 1405 3864 ut
1452 3794 1672 3883 patet
1706 3789 1787 3861 in

243 3909 543 3984 semine
580 3913 958 4003 respectu
1004 3909 1563 3982 membrorum
1611 3927 1789 3979 cor-

247 4026 496 4113 poris;
546 4028 812 4120 igitur
843 4026 957 4099 sic
999 4027 1163 4100 erit
1197 4024 1591 4099 sensitiva
1626 4044 1787 4094 res-

242 4144 467 4229 pectu
516 4143 786 4216 omnis
820 4142 1340 4235 cognitionis⁸

615 4470 860 4528 ARTIC.
937 4469 977 4525 1.
1056 4466 1260 4524 SECT.
1334 4469 1434 4524 lX.

244 4643 312 4711 In
341 4651 534 4717 omni
565 4660 875 4716 creatura
908 4648 1350 4714 intellectuali
1381 4648 1538 4713 clari
1568 4648 1792 4735 liujus-

326 4766 516 4831 modi
568 4766 1039 4854 cognitionem,
1084 4777 1145 4830 el
1186 4766 1319 4830 vim
1358 4766 1798 4832 seminariam

323 4883 635 4950 aliarum
683 4883 1158 4971 coynicionum.

331 5069 696 5153 Nonum,
770 5069 1087 5144 scilieet
1156 5071 1363 5161 quod
1432 5070 1514 5141 in
1582 5070 1801 5143 omni

248 5190 557 5260 natura
600 5188 941 5261 habente
984 5186 1625 5261 intellectualem
1667 5207 1804 5258 co-

248 5304 736 5391 gnitionem,
788 5304 897 5378 sit
945 5302 1409 5397 hujusmodi
1461 5302 1809 5375 semina-

249 5417 469 5489 rium
535 5440 676 5491 seu
736 5420 1008 5494 virtus
1071 5419 1371 5500 infima,
1437 5440 1611 5511 quse
1685 5421 1810 5492 est

246 5535 1025 5626 experimentativa,
1063 5539 1142 5609 et
1176 5534 1443 5627 primo
1477 5554 1813 5625 cognos-

247 5648 511 5725 citiva
566 5677 697 5723 csse
735 5651 1112 5735 actualis,
1174 5651 1301 5723 vel
1358 5650 1632 5743 aliqua
1688 5650 1814 5722 vis

3324 481 3441 546 499

1890 640 1963 713 ei
2018 641 2652 735 proportionata
2715 675 2729 718 :
2794 645 3041 735 patet,
3108 640 3310 733 quia.
3357 645 3445 715 ut

1882 756 2057 849 ‚iam
2108 758 2449 840 dicetur,
2506 758 2972 832 intellectus
3041 756 3444 830 humanus

1890 878 1971 949 et
2008 875 2468 966 Angelieus,
2542 875 2706 949 tale
2773 900 2909 945 esse
2966 877 3438 968 cognoscit;

1892 992 2025 1064 sed
2094 991 2245 1064 hoe
2316 1013 2475 1065 non
2544 992 2744 1068 facit
2811 993 3213 1066 humanus
3282 993 3442 1066 nisi

1891 1107 2157 1200 primo
2219 1129 2456 1180 sensu
2530 1108 3044 1202 particulari,
3093 1129 3238 1183 nec
3291 1111 3441 1184 An-

1888 1224 2199 1315 gelicus
2276 1225 2434 1298 nisi
2478 1228 2786 1320 praevia
2831 1226 3107 1319 aliqua
3137 1227 3218 1299 vi
3251 1226 3439 1300 huic

1889 1341 2550 1435 proportionata.
2599 1346 3035 1418 Ostensum
3102 1347 3226 1417 est
3305 1363 3438 1415 au-

1888 1462 2079 1540 tem,
2129 1459 2334 1551 quod
2376 1460 2799 1553 expressio
2850 1460 3092 1553 hujus
3144 1485 3278 1529 esse
3315 1480 3438 1533 ac-

1887 1576 2135 1650 tualis
2193 1581 2317 1651 est
2378 1577 2613 1668 origo
2670 1582 2751 1651 et
2821 1577 3430 1652 fundamentum

1889 1693 2154 1765 omnis
2188 1692 2573 1775 scientiae,
2615 1695 2820 1787 quod
2861 1694 3110 1768 etiam
3148 1715 3435 1767 verum

1886 1813 2010 1882 est
2073 1811 2152 1881 in
2215 1812 2570 1902 Angelis,
2630 1816 2710 1887 et
2764 1812 3040 1884 eadem
3084 1812 3429 1894 ratione,

1888 1925 2077 2017 quia
2147 1931 2475 2019 possent
2537 1929 2782 2003 aliter
2835 1927 3136 2001 habere
3187 1927 3437 2002 seien-

1887 2040 2088 2114 tiam
2157 2044 2655 2118 naturaliter
2721 2045 2812 2118 de
2878 2044 3097 2117 omni
3154 2044 3438 2119 futuro

1889 2156 2150 2230 scibili
2210 2179 2257 2230 a
2318 2161 2511 2242 Deo,
2585 2160 2796 2233 sicut
2863 2159 3284 2233 dicebatur
3348 2160 3439 2233 de

1889 2271 2241 2356 homine,
2281 2278 2361 2348 et
2402 2276 2652 2349 etiam
2695 2277 2786 2348 de
2822 2275 3038 2348 omni
3074 2275 3439 2368 praeteri-

1891 2395 2012 2464 to:
2052 2413 2214 2466 non
2245 2394 2459 2466 enim
2492 2394 2913 2486 loquimur
2945 2393 3078 2466 hic
3119 2394 3209 2465 de
3256 2412 3439 2485 cog-

1890 2509 2201 2582 nitione
2241 2510 2323 2583 in
2359 2512 2650 2593 Verbo,
2705 2531 2851 2584 nec
2901 2512 2992 2584 dc
3043 2510 3438 2600 cognitio-

1890 2645 1989 2697 ne
2022 2625 2648 2719 Prophetarum,
2694 2628 2825 2699 sed
2856 2625 2949 2700 de
2974 2626 3440 2718 cognitione

1892 2741 2296 2831 acquisita
2331 2743 2565 2814 modo
2609 2742 3000 2816 naturali.

1987 2857 2067 2930 Si
2109 2857 2324 2931 forte
2381 2859 2627 2941 dicaS,
2685 2859 2890 2951 quod
2944 2879 3090 2951 per
3147 2876 3439 2930 causas

1894 2979 2235 3066 possunt
2277 2975 2533 3048 multa
2583 2975 2863 3049 sutura
2913 2994 3436 3066 cognoscere,

1897 3111 2247 3182 quorum
2306 3094 2579 3164 tamen
2638 3092 3044 3165 actualem
3090 3091 3446 3166 existen-

1897 3209 2098 3282 tiam
2130 3228 2289 3281 non
2331 3213 2678 3283 norunt:

3594 2880 3675 2934 10.

3505 2944 3762 3008 objectio.
3833 2983 3844 2994 .

1986 3325 2210 3407 Dico,
2276 3328 2480 3417 quod
2550 3324 2842 3399 habent
2910 3323 3292 3399 notitiam
3352 3325 3445 3397 de
3499 3352 3736 3410 somno,

1899 3442 2203 3515 actuali
2245 3442 2686 3515 existentia
2730 3442 3020 3523 solum,
3069 3445 3155 3515 ut
3196 3445 3320 3515 est
3365 3442 3443 3513 in

1900 3558 2049 3632 hae
2094 3579 2343 3631 causa
2384 3559 2825 3633 actualiter
2875 3558 3306 3639 existente,
3365 3561 3446 3632 et

1901 3676 2017 3750 ita
2087 3675 2226 3747 illa
2293 3676 2656 3766 cognitio
2737 3676 2990 3750 adhuc
3060 3675 3448 3748 fundatur

1903 3813 2151 3885 super
2194 3792 2551 3884 aliquam
2605 3792 3129 3866 existentiam
3174 3796 3447 3865 actua-

1903 3908 2059 3979 lem
2139 3908 2281 3979 rci.
2352 3911 2656 3980 Verum
2725 3913 2873 3991 est,
2952 3908 3157 4000 quod
3225 3908 3450 3980 nulla

1902 4028 2289 4097 creatura
2346 4025 2607 4116 possit
2666 4024 2963 4099 habere
3017 4022 3448 4097 scientiam

1903 4140 2252 4233 alicujus
2333 4142 2486 4223 rei,
2560 4141 2718 4213 nisi
2796 4140 2972 4231 ejus
3051 4139 3451 4214 actualem

1903 4257 2432 4330 existentiam
2537 4256 2811 4347 aliquo
2883 4254 3115 4326 modo
3196 4275 3456 4327 move·

1907 4374 2020 4447 rit
2055 4399 2069 4455 ;
2115 4392 2314 4466 ergo
2351 4374 2560 4446 sicut
2605 4372 2683 4445 in
2716 4373 3043 4446 homine
3075 4372 3165 4443 de
3199 4370 3452 4444 ratio-

1907 4511 2004 4561 ne
2047 4510 2216 4569 sua,
2266 4510 2420 4580 qua
2459 4490 2669 4563 cadit
2722 4509 2768 4559 a
2818 4487 3250 4561 nobilitate
3301 4488 3452 4559 An-

1910 4605 2096 4695 geli,
2150 4605 2417 4678 virtus
2472 4606 2732 4698 primo
2790 4605 3201 4697 attingens
3260 4603 3454 4675 illud

1910 4719 2234 4793 actuale
2292 4716 2424 4787 esse‘
2480 4725 2603 4792 est
2653 4720 2777 4792 vis
2859 4719 3274 4801 sensitiva,
3339 4718 3454 4791 sic

1915 4841 2245 4929 oportet
2286 4836 2490 4927 quod
2538 4836 2614 4908 in
2650 4837 2984 4929 Angelo,
3040 4842 3119 4910 et
3161 4836 3240 4908 in
3294 4836 3458 4908 ani·

1917 4971 2048 5024 ma
2108 4954 2514 5045 separata,
2582 4951 2688 5025 sit
2755 4951 3031 5043 aliqua
3093 4951 3244 5032 vis,
3321 4972 3464 5043 per

1918 5088 2160 5160 quam
2194 5073 2768 5159 cognoscatur,
2806 5073 2887 5142 et
2921 5066 3465 5160 apprehenda-

1918 5189 2058 5258 tur
2104 5184 2372 5277 primo
2419 5185 2769 5259 actualis
2814 5183 3252 5260 existentia
3303 5181 3462 5266 rei;

1920 5308 2379 5376 nontamen
2405 5307 2528 5376 est
2563 5302 2976 5384 sensitiva,
3014 5322 3158 5374 nec
3191 5319 3473 5393 eorpo-

1925 5418 1996 5490 ri
2034 5418 2401 5508 alligata,
2460 5439 2603 5490 nee
2642 5418 2756 5491 sic
2792 5418 3104 5498 obtusa,
3139 5416 3267 5489 vel
3298 5416 3474 5488 bre-

1923 5532 2047 5604 vis
2080 5538 2440 5626 aspectu,
2472 5536 2559 5606 ut
2585 5531 2998 5613 sensitiva,
3045 5531 3178 5604 sed
3205 5534 3330 5605 est
3364 5530 3472 5601 in-

1925 5649 2151 5731 fima,
2196 5654 2276 5722 et
2319 5649 2664 5741 quodam
2727 5648 2959 5721 modo
3009 5647 3171 5720 alia
3212 5647 3312 5720 ab
3355 5647 3473 5725 in-
