4252 6393
99 780 899 871 pri¹²²‘⁸'¹⁰·ascendendo,
946 792 1026 862 et
1076 787 1619 860 descendendo
1665 814 1678 856 ε

97 863 187 896 rum
209 846 353 894 ratio.

181 4652 225 4702 23

1656 388 2018 465 QUAESTIO
2068 389 2201 451 XVI

384 557 663 630 cedens
707 575 753 628 a
795 553 945 629 tali
976 552 1311 634 unitate,
1349 571 1507 624 non
1544 553 1926 645 procedat

385 673 461 745 in
503 671 930 752 infinitum,
969 671 1101 743 sed
1143 670 1432 742 habeat
1488 674 1795 743 statum
1847 668 1924 740 in

1739 807 1925 877 quo-

382 927 563 978 rum
612 910 737 980 est
790 904 1033 986 ratio,
1081 904 1268 997 quia
1314 924 1745 997 processus
1789 903 1925 974 ille

379 1018 817 1092 secundum
885 1018 1226 1110 gradum
1305 1015 1765 1109 specierum
1845 1015 1920 1086 in

376 1136 772 1211 imitando
807 1134 1160 1208 divinam
1212 1131 1798 1228 perfectionem
1845 1133 1923 1205 in

371 1253 801 1335 infinitum,
875 1256 1001 1325 cst
1071 1272 1216 1344 per
1277 1249 1768 1323 additionem
1829 1248 1923 1320 ad

369 1368 750 1450 formam,
800 1368 1182 1460 quoniam
1218 1367 1478 1438 omnis
1527 1364 1922 1459 perfectio

368 1489 488 1557 est
536 1506 582 1557 a
626 1484 925 1566 forma,
1020 1488 1097 1557 et
1160 1484 1276 1556 ita
1333 1483 1633 1574 gradus
1698 1503 1921 1574 supe-

371 1604 548 1676 rior
605 1602 1042 1677 imitandus
1101 1606 1227 1676 est
1303 1602 1572 1675 forma
1626 1600 1921 1694 perfec·

366 1719 567 1792 tiori
603 1747 618 1790 :
658 1739 859 1810 ergo
896 1718 1086 1792 talis
1135 1739 1567 1811 processus
1622 1718 1701 1790 in
1757 1717 1921 1788 infi-

368 1835 632 1909 nitum
666 1837 1187 1917 ascendendo,
1243 1838 1457 1907 esset
1509 1832 1923 1928 possibilis

371 1951 450 2023 in
495 1952 905 2027 infinitum
966 1981 980 2025 :
1054 1972 1254 2045 ergo
1317 1951 1395 2023 in
1456 1953 1726 2026 forma
1778 1971 1923 2043 per

369 2068 861 2143 additionem
913 2075 1244 2144 actuum
1308 2071 1575 2162 potest
1650 2089 1922 2161 proce·

368 2185 444 2258 di
486 2185 570 2256 in
603 2185 1009 2259 infinitum
1053 2215 1068 2259 ε
1128 2186 1336 2259 sicut
1383 2191 1464 2261 et
1507 2186 1798 2260 divisio
1845 2188 1922 2259 in

372 2302 832 2393 quantitate
867 2304 1299 2376 secundum
1330 2303 1761 2376 materiam
1792 2325 1924 2397 po-

369 2421 532 2491 test
597 2421 1035 2511 procedere
1098 2420 1174 2491 in
1228 2420 1655 2502 infinitum,
1717 2422 1923 2513 quod

366 2540 491 2610 est
529 2539 823 2608 contra
871 2535 1404 2611 Aristotelem
1447 2541 1510 2609 3.
1567 2542 1917 2627 Plzysicor.

365 2677 512 2743 cap.
566 2656 629 2724 1.
664 2656 747 2722 de
777 2656 1072 2740 Infinita,
1111 2668 1271 2725 teaet.
1317 2678 1550 2724 comm.
1585 2658 1696 2728 59.
1735 2653 1923 2746 quia

369 2772 563 2843 tunc
594 2772 810 2843 esset
843 2771 1021 2843 dari
1064 2772 1142 2843 in
1189 2770 1557 2865 potentia
1598 2771 1923 2864 aliquod

368 2884 803 2970 infinitum,
859 2892 940 2962 et
983 2892 1198 2971 tunc,
1247 2893 1338 2961 ut
1382 2887 1598 2969 dicit,
1654 2907 1922 2961 neces-

368 3001 598 3074 sario
640 3008 856 3077 esset
907 3009 1090 3079 actu
1164 3032 1178 3075 z
1258 3004 1467 3098 quia,
1545 3008 1632 3078 ut
1698 3003 1917 3084 dicit,

369 3123 761 3211 quantam
825 3121 1201 3195 convenit
1268 3121 1462 3194 dare
1527 3120 1921 3213 magnitu-

363 3236 632 3308 dinem
679 3237 757 3309 in
810 3239 1199 3331 potentia,
1265 3242 1579 3312 tantam
1639 3259 1920 3311 conve·

363 3352 479 3425 nit
513 3354 712 3426 dare
746 3358 960 3428 actu.
997 3355 1145 3427 Ubi
1188 3355 1380 3428 dicit
1415 3360 1921 3430 Commenta-

364 3472 530 3552 tor,
593 3475 904 3540 Essenlia
954 3478 1133 3543 enim
1180 3478 1481 3541 materia?
1528 3486 1588 3540 et
1633 3475 1915 3560 infiniti,

363 3599 455 3654 est
519 3589 598 3654 in
652 3593 998 3676 potentia‚·
1073 3592 1313 3675 formoe
1368 3601 1589 3655 aulem
1646 3601 1706 3654 ec
1760 3591 1924 3673 sinis

361 3717 516 3770 sunt
553 3707 626 3771 in
663 3717 838 3772 actu.
878 3703 1192 3778 Finitas
1235 3724 1435 3795 ergo
1471 3703 1764 3775 similis
1798 3708 1922 3777 est

367 3817 686 3900 formae,
722 3823 802 3894 et
845 3818 1247 3893 infinitum
1285 3818 1673 3892 materiae.
1722 3823 1921 3901 Quo·

366 3933 592 4006 niam
647 3934 713 4006 si
768 3935 1308 4027 posuerimus,
1366 3937 1572 4028 quod
1620 3934 1923 4027 magni-

369 4051 561 4122 tudo
625 4052 886 4142 possit
936 4074 1310 4126 crescerc
1358 4053 1435 4124 in
1489 4052 1917 4134 infinitum,

367 4170 563 4239 tunc
635 4166 1039 4240 infinitum
1109 4169 1360 4242 exibit
1426 4168 1504 4239 in
1562 4171 1776 4251 actu,
1841 4172 1920 4241 et

366 4303 556 4355 cum
618 4284 1160 4376 posuerimus,
1228 4284 1436 4378 quod
1492 4284 1919 4358 diminutio

370 4399 741 4491 procedit
797 4400 875 4471 in
930 4402 1358 4484 infinitum,
1414 4422 1572 4473 non
1630 4400 1916 4475 accidit

369 4514 908 4609 impossibile.

455 4638 603 4706 Est
645 4634 896 4709 etiam
939 4655 1226 4708 corum
1273 4635 1514 4717 ratio,
1562 4635 1768 4727 quod
1801 4657 1916 4707 cs-

367 4748 650 4821 sentiae
684 4748 1046 4821 universi
1090 4748 1382 4825 habent
1425 4750 1639 4823 inter
1673 4771 1755 4821 se
1792 4772 1916 4822 or-

367 4863 631 4937 dinem
681 4866 1227 4949 essentialem,
1273 4888 1456 4939 cum
1517 4866 1675 4938 sint
1740 4886 1914 4958 par-

371 4978 491 5046 tes
528 4975 767 5048 unius
799 4975 1082 5059 totius,
1133 4977 1448 5052 scilicet
1490 4976 1850 5049 universi
1895 5004 1908 5047 :

368 5088 503 5179 qui
559 5090 882 5183 quidem
945 5093 1139 5165 ordo
1210 5093 1570 5166 continet
1639 5112 1910 5171 unum,

367 5223 526 5276 non
570 5207 834 5279 solum
873 5228 1016 5300 per
1048 5209 1742 5302 aggregationem,
1783 5208 1915 5280 sed

370 5341 518 5413 per
588 5330 958 5398 mutuam
1028 5326 1565 5408 influentiam,
1642 5345 1913 5398 secun-

369 5439 556 5512 dum
631 5463 883 5533 genus
963 5466 1229 5518 causae
1309 5447 1735 5525 moventis,
1821 5444 1914 5516 ad

372 5553 1026 5628 constituendum
1084 5557 1478 5630 unitatem
1524 5554 1910 5635 universi,

3508 388 3624 455 573

2042 567 2202 620 non
2237 546 2503 620 solum
2536 569 2681 640 per
2714 550 3383 643 aggregationem
3410 573 3587 647 par-

2039 664 2272 737 tium.
2315 667 2403 737 In
2446 666 2715 739 causis
2757 671 3031 742 autem
3078 671 3588 744 moventibus

2039 782 2602 856 essentialiter
2636 784 3032 859 ordinatis
3065 805 3224 858 non
3258 792 3382 861 est
3409 808 3589 880 pro-

2039 913 2320 968 cessus
2354 895 2433 967 in
2467 897 2895 979 infinitum,
2933 901 3316 973 sumendo
3341 920 3589 974 unum

2041 1014 2228 1102 post
2282 1011 2497 1086 aliud
2545 1014 3111 1098 descendendo,
3171 1016 3297 1088 vel
3343 1037 3588 1089 unum

2039 1131 2228 1199 ante
2276 1127 2492 1200 aliud
2547 1132 3043 1205 ascendendo
3089 1161 3103 1204 ε
3161 1134 3349 1225 quia
3399 1137 3590 1206 tunc

2039 1243 2467 1333 productio
2537 1245 2875 1321 effectus
2943 1249 3422 1341 dependeret
3492 1250 3591 1322 ab

2040 1355 2383 1432 infinitis
2443 1362 2740 1444 causis,
2807 1385 2981 1456 quae
3040 1385 3200 1438 non
3247 1371 3587 1459 possunt

2041 1478 2563 1566 pertransiri,
2651 1485 2737 1555 ut
2807 1482 2873 1553 si
2917 1483 3190 1556 anima
3225 1488 3588 1558 moveret

2040 1611 2395 1677 manum,
2447 1616 2733 1668 manus
2766 1602 3040 1671 autem
3078 1601 3585 1683 martellum;

2039 1709 2108 1781 si
2149 1716 2420 1786 essent
2485 1714 2687 1786 talia
2748 1716 3009 1790 media
3078 1717 3418 1800 infinita,
3491 1739 3589 1791 ex

2038 1825 2326 1917 quibus
2402 1830 2769 1905 deductio
2839 1833 3147 1906 cultelli
3214 1835 3591 1928 dependo-

2039 1947 2190 2025 ret,
2237 1964 2651 2038 nunquam
2688 1950 3068 2022 cultellus
3102 1951 3359 2034 fieret,
3399 1953 3590 2045 quia

2038 2079 2243 2132 unus
2311 2083 2471 2135 non
2536 2066 2856 2142 veniret
2905 2068 3063 2141 nisi
3119 2069 3588 2143 necessario

2036 2176 2135 2247 ab
2177 2178 2365 2251 alio.
2420 2181 2638 2254 Unde
2679 2182 2871 2256 dicit
2916 2185 3408 2260 Aristoteles
3470 2189 3585 2256 lib.

2032 2294 2098 2364 5.
2138 2297 2604 2383 physicorum,
2641 2312 2800 2368 text.
2838 2302 2949 2372 3¹4.
2989 2302 3194 2393 quod
3230 2302 3297 2374 Si
3334 2301 3589 2374 infini-

2037 2414 2140 2483 tae
2205 2413 2763 2487 revolutiones
2825 2419 3440 2509 praecessissent
3482 2420 3590 2494 is-

2035 2532 2230 2610 tam,
2270 2549 2682 2623 nunquam
2714 2534 3138 2609 deventum
3175 2534 3462 2610 fuisset
3496 2540 3592 2612 ad

2036 2641 2309 2717 istam.
2377 2649 2478 2720 Et
2546 2647 2699 2722 hoc
2770 2651 3020 2725 sentit
3100 2654 3591 2730 Aristoteles

2032 2763 2099 2833 2.
2173 2763 2543 2852 Metaphys.
2611 2778 2772 2834 text.
2854 2771 2920 2840 5.
2997 2768 3130 2841 ubi
3195 2770 3429 2855 dicit3
3510 2774 3591 2846 in

2036 2877 2308 2949 causis
2350 2878 2912 2965 efficientibuS,
2974 2886 3181 2976 quod
3222 2886 3373 2961 hoc
3420 2909 3591 2962 mo-

2033 2999 2331 3068 veatur
2372 2996 2470 3068 ab
2513 2997 2678 3081 illo,
2723 3003 2805 3074 et
2847 3000 3040 3075 illud
3075 3004 3172 3075 ab
3203 3005 3392 3087 alio,
3430 3027 3589 3079 non

2035 3113 2159 3182 est
2194 3131 2628 3204 processus
2666 3114 2744 3187 in
2779 3115 3213 3192 infinitum.

2125 3228 2430 3310 TertiO,
2496 3232 2685 3322 quia
2747 3231 2825 3304 in
2882 3234 3161 3316 ordine
3201 3239 3588 3311 essentia-

2037 3362 2221 3414 rum
2292 3349 2595 3436 quanto
2668 3350 3081 3441 superior,
3157 3356 3388 3428 tanto
3461 3359 3586 3431 est

2037 3458 2380 3551 majoris
2418 3463 2969 3553 perfectioniS,
3032 3473 3114 3542 et
3154 3470 3269 3544 sic
3320 3492 3585 3545 neces-

2037 3577 2261 3647 sario
2297 3576 2364 3649 si
2399 3578 2478 3650 in
2522 3580 2820 3654 talibus
2862 3586 2985 3657 est
3033 3605 3469 3677 processus
3507 3589 3587 3661 in

2037 3691 2466 3778 infinitum,
2515 3716 2840 3771 necesse
2883 3705 3006 3775 est
3045 3702 3338 3787 dicere,
3381 3707 3586 3798 quod

2036 3807 2116 3879 in
2161 3814 2459 3883 natura
2494 3812 2602 3886 sit
2634 3813 2910 3906 aliqua
2942 3820 3299 3893 essentia
3336 3824 3587 3913 possi-

2034 3924 2223 3997 bilis
2310 3928 2405 3999 ad
2484 3928 2883 4002 infinitam
2971 3935 3582 4026 perfectionem.

2036 4044 2422 4123 Quamvis
2472 4046 2684 4118 enim
2742 4052 3237 4140 procedendo
3285 4055 3383 4126 ab
3428 4076 3587 4129 una

2033 4160 2396 4232 essentia
2474 4161 2556 4233 in
2631 4162 2981 4237 alteram
3060 4170 3579 4256 ascendendO,

2033 4291 2443 4365 nunquam
2490 4278 2595 4352 sit
2626 4279 3000 4355 devenire
3041 4287 3136 4358 ad
3186 4286 3584 4362 infinitam

2033 4389 2419 4482 aliquam,
2470 4394 2601 4465 sed
2642 4396 2839 4469 talis
2885 4419 3319 4491 processus
3384 4426 3582 4479 scm-

2033 4524 2180 4596 per
2210 4508 2428 4581 vadit
2467 4508 2545 4579 in
2592 4510 2999 4587 infinitum
3044 4542 3057 4585 :
3111 4522 3577 4595 necessario

2030 4622 2305 4694 tamen
2347 4630 2561 4699 esset
2613 4648 2938 4720 ponere,
2996 4635 3201 4723 quod
3242 4638 3581 4728 possibi-

2032 4738 2221 4811 litas
2260 4741 2336 4812 in
2381 4743 2651 4816 forma
2705 4752 2985 4821 creata
3029 4755 3244 4824 esset
3278 4755 3373 4826 ad
3408 4776 3582 4849 per-

2029 4856 2465 4932 fectionem
2541 4861 3004 4949 infinitam;
3097 4874 3176 4943 et
3238 4872 3304 4944 si
3366 4882 3582 4951 esset

2031 4975 2536 5066 possibilitas
2604 4978 2798 5051 talis
2876 4980 3165 5057 formae
3246 4988 3579 5066 infinitae

2030 5092 2587 5183 perfectionis,
2632 5101 2851 5171 essct
2903 5098 2981 5170 in
3033 5108 3248 5185 actu,
3304 5128 3577 5181 secun-

2025 5208 2213 5281 dum
2271 5212 3041 5290 determinationem
3103 5223 3577 5301 Aristotelis

2025 5327 2090 5395 3.
2138 5329 2485 5415 physicon
2537 5343 2697 5398 least.
2745 5355 2975 5403 comm.
3028 5339 3143 5410 59.
3199 5339 3417 5414 Unde
3470 5344 3576 5417 (Ιί-ν

2028 5439 2141 5512 cit
2238 5445 2893 5530 Commentator‚
2987 5454 3578 5534 excellentissi-

2031 5577 2251 5629 mum
2289 5562 2721 5633 secundum
2759 5566 3381 5658 appositionem,
3429 5598 3574 5656 nec

3674 3253 3881 3308 Tertfa.
