4252 6393
1634 435 2002 513 QUAESTio
2047 434 2190 499 XIX
3399 433 3517 497 651

332 594 605 667 eodem
648 599 979 687 aspectu
1026 600 1549 685 generentur,
1608 596 1874 689 major
1987 597 2448 669 naturalem
2529 596 2982 689 potentiam
3042 596 3136 666 ad
3204 614 3536 686 corrup-

333 717 602 785 tamen
689 715 812 783 est
898 713 1224 786 duratio
1320 714 1878 806 periodialiter
1987 712 2295 784 tionem
2370 711 2895 804 periodialem
2966 711 3111 782 sub
3167 714 3538 802 tempore

335 829 594 910 unius,
644 848 885 921 quam
932 832 1278 903 alterius
1326 857 1338 900 ε
1387 832 1573 923 quia
1621 832 1876 904 diver·
1990 850 2137 921 per
2196 828 2934 902 transmutationes
2996 846 3542 919 quascumque

333 965 415 1017 sa
466 951 593 1019 est
640 945 1071 1038 dispositio
1116 948 1509 1029 materiae,
1562 969 1657 1018 ex
1724 968 1879 1039 qua
1992 946 2421 1039 possibiles
2488 944 2662 1017 feri
2720 944 2802 1017 in
2864 948 3230 1037 tempore
3287 969 3300 1012 :
3365 942 3539 1015 ideo

332 1065 832 1153 generantur
885 1063 1207 1135 diversa
1277 1064 1637 1156 ejusdem
1710 1085 1878 1157 spe·
1992 1069 2072 1138 et
2118 1083 2263 1157 per
2303 1063 2670 1135 accidens
2732 1081 2891 1134 non
2961 1063 3543 1133 mensurantur

335 1177 486 1250 ciei
556 1178 959 1251 individua¹
1016 1179 1091 1250 in
1152 1181 1427 1252 eadem
1489 1180 1719 1262 liora,
1801 1188 1882 1257 et
1995 1189 2392 1275 tempore,
2442 1180 2651 1254 sicut
2688 1180 2826 1253 illa
2862 1200 3035 1272 quae
3079 1178 3374 1251 habent
3411 1200 3546 1245 esse

337 1296 684 1369 materia
761 1297 1193 1369 secundum
1261 1296 1879 1390 dispositionem
1998 1321 2234 1371 suum
2277 1298 2545 1379 simul,
2592 1318 2773 1371 cum
2819 1301 3091 1369 tamen
3153 1294 3544 1389 periodia-

335 1416 411 1487 in
474 1435 633 1487 una
702 1418 937 1507 parte
999 1419 1123 1488 est
1207 1414 1733 1496 obedientior,
1805 1420 1887 1490 et
1997 1416 2190 1490 liter
2231 1435 2562 1487 necesse
2611 1413 2904 1485 habent
2954 1412 3320 1484 desinere
3367 1431 3546 1482 esse

337 1530 749 1621 receptior
814 1529 1153 1602 virtutis
1210 1531 1563 1605 coelestis
1614 1532 1689 1604 ei
1745 1531 1887 1604 im·
1998 1534 2393 1623 tempore,
2533 1528 2663 1600 sed
2733 1548 3018 1599 eorum
3092 1523 3547 1598 substantia

340 1645 774 1739 primendae
816 1671 829 1713 :
869 1644 1041 1718 ideo
1088 1646 1489 1720 individua
1531 1648 1885 1740 ejusdem

339 1760 669 1854 speciei,
754 1782 926 1853 quae
1023 1764 1526 1853 generantur
1613 1764 1888 1836 eadem

343 1876 582 1959 liora,
672 1876 1031 1970 ejusdem
1128 1878 1634 1953 fortitudinis
1732 1901 1890 1952 non

348 1998 560 2073 sunt,
606 2013 861 2084 neque
910 1994 1247 2086 aequalis
1295 1994 1627 2087 periodi.
1674 1995 1896 2068 Nihi-

347 2109 700 2183 lominus
755 2130 1015 2193 omne,
1065 2113 1268 2204 quod
1321 2111 1436 2183 sic
1487 2113 1699 2186 cadit
1749 2114 1894 2185 sub

121 2008 158 2042 es
172 2006 265 2041 eoa*-

122 2057 276 2105 uibiles

124 2118 286 2167 'oinodo

123 2195 269 2293 '153⁸ssss
345 2227 990 2318 generationem,
1056 2248 1383 2302 necesse
1450 2227 1684 2301 habet
1754 2231 1894 2304 ali·

345 2366 584 2438 quam
643 2365 874 2417 suam
941 2344 1361 2437 periodum
1420 2346 1890 2429 terminare,

344 2467 423 2534 et
467 2461 627 2533 isto
664 2460 898 2531 modo
937 2465 1308 2552 tempore
1341 2466 1891 2543 mensuratur,

343 2578 556 2650 sicut
595 2577 760 2658 illa,
801 2596 975 2666 quae
1012 2597 1172 2649 non
1211 2581 1667 2658 moventur,
1706 2581 1897 2669 apta

348 2698 621 2766 tamen
740 2697 933 2765 nata
1020 2696 1205 2764 sunt
1288 2694 1624 2773 moveri,
1725 2714 1897 2784 quae

350 2810 685 2902 proprie
769 2809 1149 2881 dicuntur
1217 2810 1738 2901 quiescentia,
1815 2815 1900 2883 ut

128 2898 292 3009 5¹25&
348 2928 573 3017 patet
610 2927 671 2996 4.
710 2923 1247 3015 physicorum
1274 2930 1318 2993 ⁶.

127 3020 285 3134 ἓξὲξ,
438 3041 635 3112 Post
737 3039 1171 3131 praedictas
1259 3039 1722 3132 qualitates,
1822 3043 1899 3111 et

140 3229 189 3279 ὅ
345 3156 880 3250 quantitateS,
956 3177 1132 3248 quae
1206 3155 1546 3230 subsunt
1645 3156 1900 3229 motui

129 3269 298 3342 maan-
346 3273 906 3354 alterationis,
1002 3277 1083 3345 et
1175 3271 1896 3364 augmentationis,

132 3364 312 3468 iiii-Y
349 3389 880 3463 inveniuntur
969 3389 1471 3471 substantiae,
1558 3392 1635 3461 et
1704 3390 1903 3461 acci-

131 3481 226 3530 m·
346 3505 646 3584 dentia,
714 3505 794 3578 in
852 3505 1138 3597 quibus
1199 3526 1357 3577 non
1417 3510 1541 3580 est
1605 3512 1899 3587 motus,

356 3624 491 3695 sed
554 3626 742 3694 sunt
804 3621 996 3695 talis
1065 3626 1408 3703 naturae,
1486 3624 1689 3714 quod
1763 3645 1907 3716 per

352 3739 854 3814 mutationes
918 3739 995 3810 in
1048 3737 1203 3810 fine
1255 3741 1623 3810 motuum
1678 3760 1905 3829 gene-

353 3862 687 3938 rantur,
770 3861 850 3928 et
925 3860 1576 3947 corrumpuntur
1646 3882 1659 3925 :
1735 3878 1907 3947 qua¹

351 3975 842 4067 inquantum
905 3972 1198 4045 liabent
1267 3997 1422 4053 csse,
1495 3977 1574 4044 et
1648 3996 1912 4045 essen-

350 4093 555 4165 tiam
622 4111 851 4161 suam
924 4088 1164 4161 simul
1231 4089 1308 4159 in
1390 4089 1648 4161 medio
1722 4095 1910 4161 tem-

347 4231 577 4303 pore,
646 4228 807 4279 non
870 4211 1456 4279 mensurantur
1515 4211 1907 4299 tempore,

346 4328 503 4399 nisi
542 4327 705 4399 sint
739 4322 1273 4418 quiescentia;
1311 4329 1390 4397 et
1434 4321 1909 4415 inquantum

350 4442 919 4537 periodialiter
986 4461 1310 4513 necesse
1371 4439 1663 4513 liabent
1734 4462 1911 4513 cor-

357 4560 635 4652 rumpi
740 4558 885 4629 sub
974 4561 1343 4650 tempore
1449 4558 1580 4628 sed
1649 4578 1912 4628 neces-

355 4676 581 4747 sario
656 4678 1244 4747 mensurantur
1312 4673 1584 4764 aliquo
1682 4675 1914 4744 modo

351 4794 535 4864 aevi.

140 4940 293 5036 {3⁷23}ss
462 4913 666 4982 Post
698 4907 844 4979 has
889 4906 1198 4979 formas
1261 4908 1789 4998 generabiles,
1839 4914 1918 4980 et

370 5026 960 5120 corruptibiles
1022 5028 1210 5097 sunt
1252 5046 1601 5118 corpora
1654 5026 1919 5098 eoeles-

366 5144 511 5224 tia,
563 5161 909 5234 quorum
949 5145 1221 5215 motus
1270 5162 1411 5234 per
1472 5163 1553 5212 sc
1610 5163 1921 5213 mensu-

369 5260 662 5328 rantur
701 5258 1109 5347 tempore:
1158 5256 1609 5328 substantia
1649 5261 1921 5329 autem

370 5393 663 5446 eorum
739 5392 1275 5464 nequaquam,
1357 5372 1510 5443 nisi
1596 5373 1923 5465 inquan-

367 5496 545 5564 tum
582 5495 772 5565 sunt
805 5489 1227 5584 possibilia
1273 5492 1724 5583 corrumpi,
1756 5493 1923 5565 Deo

366 5612 814 5690 deserente,
898 5629 991 5681 eo
1073 5609 1275 5699 quod
1383 5628 1542 5680 non
1629 5607 1921 5680 habent

2002 1650 2531 1719 mensuratur
2578 1664 2751 1715 aevo
2806 1641 3366 1717 terminativo.

2092 1766 2284 1836 Post
2335 1762 2701 1836 coelestia
2740 1780 3090 1853 corpora
3139 1765 3325 1833 sunt
3374 1757 3548 1830 sub·
3684 1774 3766 1824 26.

2004 1878 2329 1950 stantiae
2442 1876 2916 1969 spirituales
3014 1875 3546 1967 incorporeae,
3578 1838 3865 1963 ιέἷὲῗὲὅῖζ

2005 2016 2180 2087 quae
2250 2015 2408 2067 non
2480 1999 2912 2067 moventur
2959 1993 3312 2067 motibus
3367 2010 3547 2063 con·
3641 1963 3834 2015 '‘mk''

2008 2111 2410 2186 similibus
2521 2112 2875 2184 motibus
2991 2108 3551 2203 corporalium

2008 2249 2355 2321 semper,
2441 2229 2571 2302 sed
2632 2228 2901 2299 aliter.
2942 2229 3291 2320 Propter
3348 2221 3554 2317 quod

2007 2349 2163 2420 etsi
2181 2351 2609 2419 moventur
2633 2344 2983 2418 motibus
3008 2339 3554 2421 affectionum,

2008 2463 2135 2534 vel
2174 2461 2843 2541 intellectionum,
2886 2464 3075 2535 tunc
3121 2458 3552 2532 secundum
3643 2450 3648 2453 ’

2012 2581 2372 2673 aliquos*
2417 2579 2620 2651 tales
2665 2579 2936 2648 motus
2977 2580 3557 2649 mensurantur
3610 2591 3787 2705 Tin.
3833 2651 3856 2699 ¹

2013 2703 2286 2795 aliquo
2352 2710 2751 2797 tempore,
2809 2700 3014 2794 quod
3068 2697 3171 2769 sit
3244 2699 3562 2788 tempus
3616 2667 3880 2783 p.‘{1¹¹.³‘1ol

2011 2843 2324 2905 verum,
2374 2825 2578 2915 quod
2617 2822 2910 2894 vocant
2955 2815 3204 2909 aliqui
3242 2821 3562 2906 tempus
3607 2776 3891 2890 ”1352ssss

2012 2941 2480 3021 discretum,
2597 2941 2687 3012 de
2778 2958 2932 3030 quo
3017 2934 3330 3006 dicetur
3417 2900 3875 3032 suo{?⁰3‘¹‚¹·¹²·

2016 3058 2196 3129 loco
2240 3070 2310 3137 †.
2386 3054 2857 3129 Substantia
2928 3056 3200 3124 autem
3249 3068 3791 3199 earum,35,2sra
3822 3097 3877 3146 q,

2017 3173 2198 3265 quia
2245 3193 2404 3246 non
2453 3170 2739 3266 recipit
2786 3167 3366 3263 impressiones
3424 3164 3563 3237 ali·
3623 3147 3667 3199 ¹·

2018 3313 2244 3385 quas,
2319 3312 2464 3382 per
2532 3310 2732 3379 quas
2830 3287 2935 3360 sit
3009 3305 3336 3356 necesse
3421 3302 3558 3354 eas

2016 3407 2483 3498 corrumpi,
2568 3424 2726 3475 non
2804 3402 2959 3475 nisi
3038 3426 3174 3469 cvvo
3250 3419 3559 3472 mensu-

2021 3529 2283 3598 ratur.

2600 3665 2999 3722 SCHOLIUM.

2094 3848 2509 3905 Substantiam
2547 3845 2933 3915 Angelorum
2960 3842 3139 3913 juxta
3171 3854 3567 3897 communem

2021 3949 2403 4020 opinionem,
2435 3946 2523 4000 ait
2556 3958 2689 3999 aevo
2747 3941 3124 4007 mensurari,
3181 3940 3575 4010 operationes

2022 4061 2196 4112 vero,
2260 4058 2365 4099 seu
2429 4041 2885 4098 intellectiones
2944 4052 3157 4094 eorum
3219 4036 3572 4092 mensurari

2027 4150 2328 4214 tempore,
2364 4142 2721 4212 aliquorum
2755 4139 2950 4194 refert
2996 4150 3130 4192 esse
3179 4135 3574 4200 sententiam,

2025 4256 2212 4315 quam
2249 4242 2393 4298 licet
2448 4244 2659 4310 aperte
2719 4252 2839 4294 non
2897 4233 3134 4306 probet,
3186 4246 3306 4289 non
3363 4237 3575 4289 tamen

2028 4344 2375 4412 impugnat.
2411 4340 2495 4394 Ea
2525 4342 2618 4393 est
2647 4336 2841 4392 sancti
2875 4334 3145 4400 Thomas,
3208 4331 3483 4398 Henrici,
3518 4336 3578 4387 et

2027 4441 2318 4506 aliorum,
2379 4450 2644 4507 quorum
2706 4433 3132 4498 fundamenta,
3193 4436 3252 4488 et
3307 4431 3576 4488 rationes

2030 4542 2151 4597 late
2185 4539 2380 4594 refert
2413 4536 2477 4591 in
2507 4537 2561 4590 2.
2597 4534 2866 4590 distinct.
2899 4535 2953 4588 2.
2986 4535 3203 4604 quaest.
3237 4533 3289 4587 Ιι.
3325 4533 3573 4586 num.2.

2028 4640 2090 4692 et
2141 4634 2445 4691 latissime
2495 4631 2730 4687 refellit
2786 4629 3054 4701 probans
3113 4629 3328 4685 multis
3385 4642 3578 4697 argu-

2032 4733 2259 4790 mentis
2293 4729 2744 4786 intellectiones
2784 4727 3168 4795 Angelorum
3211 4740 3345 4783 aevo
3401 4739 3580 4781 men-

2034 4831 2239 4886 surari
2276 4829 2618 4883 dumtaxat.
2651 4823 2818 4890 Quod
2849 4830 3054 4881 autem
3090 4822 3215 4891 hic,
3248 4828 3308 4879 et
3338 4822 3453 4880 sub
3471 4837 3582 4877 nu-

2033 4943 2279 4986 merum
2311 4927 2400 4981 23.
2435 4925 2661 4981 asserit
2689 4939 2794 4977 esso
2829 4936 3040 4978 rerum
3094 4919 3579 4990 generabilium,

2035 5033 2094 5086 et
2152 5024 2688 5096 corruptibilium,
2747 5023 2881 5077 sive
2941 5020 3379 5076 substantiales
3437 5021 3583 5088 sint,

2032 5129 2169 5185 sive
2203 5125 2639 5192 accidentales,
2700 5127 2884 5193 prout
2932 5120 3115 5177 habet
3170 5134 3384 5176 omnes
3444 5131 3589 5175 suas

2034 5231 2242 5299 partes
2273 5225 2484 5291 simul,
2520 5224 2666 5281 licet
2693 5238 2798 5279 eas
2830 5220 3176 5278 successive
3210 5233 3321 5290 per
3353 5222 3583 5274 motum

2035 5326 2422 5398 acquisierit,
2456 5329 2516 5381 et
2547 5323 2900 5379 necessario
2921 5322 3046 5377 sint
3090 5317 3588 5390 corrumpendae,

2037 5442 2170 5484 aevo
2203 5425 2578 5482 mensurari.
2617 5421 2730 5476 Sed
2765 5421 2896 5477 loco
2926 5420 3108 5476 citato
3139 5419 3205 5474 in
3236 5417 3580 5473 secundum

2038 5541 2214 5581 num.
2247 5526 2299 5580 9.
2335 5531 2393 5582 et
2425 5520 2829 5592 sequentibus
2859 5519 3116 5575 videtur
3147 5518 3347 5586 magis
3392 5517 3582 5573 incli-

2038 5636 2188 5680 nare
2219 5624 2278 5678 iu
2318 5621 2490 5679 illam
2523 5620 2916 5689 sententiam,
2950 5633 3087 5692 qua·
3135 5619 3356 5673 asserit
3414 5615 3576 5674 istud
