4252 6393
112 1545 445 1609 abjectiones
460 1579 469 1584 -

114 3462 290 3537 Motu}
324 3488 449 3531 wi-

110 3551 254 3613 pecs.

1807 419 2170 499 QUAEs'no
2213 418 2400 482 xvm
2449 409 2458 413 ’
3563 405 3672 478 Ὓ9ι

448 591 859 666 extremo,
926 575 1148 656 vadit
1234 582 1619 657 continue
1707 581 2010 652 inflam-

457 712 776 793 mandO,
844 711 1098 783 donec
1158 713 1336 784 tota
1415 707 1556 780 illa
1623 706 1837 779 linea
1906 705 2013 778 sit

453 841 977 944 consumpta,
1044 840 1237 909 tunc
1290 836 1561 907 cessat
1610 850 2013 923 apparere

298 966 305 970 ’
380 1010 389 1013 ·
454 964 809 1036 cometa.
858 963 962 1034 Et
1021 960 1137 1032 sic
1208 961 1435 1053 patet
1487 953 1703 1049 'quod
1772 955 2015 1029 stella

455 1075 790 1160 comata
835 1086 1219 1174 continue
1271 1086 1672 1188 movetur,
1737 1101 2013 1180 quam·

456 1214 582 1286 vis
638 1213 1025 1286 videatur
1105 1211 1600 1306 oppositum,
1673 1211 2017 1302 propter

462 1338 939 1414 continuam
994 1334 1717 1422 inflammationem
1787 1354 2016 1408 novae

475 1463 874 1538 materiae.
1230 1527 1237 1538 ,

450 1691 457 1702 ,
567 1590 717 1663 Sed
746 1592 1043 1663 contra
1103 1586 1317 1661 istud
1368 1584 1791 1678 objicitur,
1858 1583 2015 1676 pri'-

470 1735 630 1796 mo,
717 1714 909 1806 quia
988 1732 1150 1785 non
1216 1711 1539 1784 videtur
1617 1709 2016 1803 quomodo

470 1839 827 1914 materia
877 1842 1149 1932 potest
1190 1837 1305 1909 sic
1346 1834 1665 1928 disponi
1726 1834 1805 1906 in
1864 1832 2018 1905 cir·

462 1966 722 2054 cuitu.

556 2092 948 2172 Secundo,
997 2090 1185 2182 quia
1240 2108 1403 2161 non
1461 2089 1807 2180 apparet
1844 2104 2020 2176 pos-

460 2215 697 2287 sibile
730 2215 939 2307 quod
971 2216 1200 2288 tanta
1235 2210 1582 2286 materia
1615 2207 1878 2302 possit
1907 2229 2024 2279 es·

466 2353 552 2402 sc
578 2331 976 2405 ‘continue
1007 2327 1471 2408 uniformis,
1508 2345 1697 2399 cum
1762 2324 2008 2398 stella

464 2451 798 2521 comata
852 2449 1249 2538 appareat
1289 2443 1648 2535 ejusdem
1719 2438 2024 2531 magni-

469 2561 776 2635 tudinis
817 2562 1067 2634 donec
1109 2558 1447 2651 incipiat
1485 2557 1931 2649 disparere.

561 2673 873 2755 Tertio,
921 2672 992 2746 si
1025 2672 1165 2753 sic,
1203 2676 1393 2745 tunc
1435 2670 1682 2758 longa
1750 2666 2024 2760 portio

474 2792 716 2863 unius
758 2790 993 2862 lineae
1027 2787 1619 2866 incenderetur,
1660 2782 1868 2876 quod
1899 2786 2025 2855 est

473 2912 775 2983 contra
816 2903 1441 2999 experientiam.

564 3028 908 3106 Quarto,
946 3021 1136 3114 quia
1167 3017 1533 3113 perfecta
1580 3034 1739 3087 una
1769 3013 2027 3085 circu-

474 3141 812 3221 latione,
860 3157 1007 3234 per
1056 3129 1785 3210 inflammationem
1853 3132 2029 3202 tota

478 3262 839 3343 materia
886 3257 1115 3330 debet
1156 3262 1347 3326 esse·
1374 3252 1884 3341 consumpta.

573 3384 763 3454 Jam
820 3378 913 3450 de
974 3376 1196 3446 motu
1260 3368 1542 3462 ipsius,
1616 3364 2030 3439 sciendum

479 3504 611 3573 est
641 3496 944 3591 primo,
983 3489 1191 3583 quod
1231 3485 1535 3579 triplex
1575 3486 1699 3556 est
1735 3484 2029 3561 motuS,

480 3615 813 3708 quidam
848 3604 1283 3685 naturalis,
1324 3601 1460 3694 qui
1490 3600 1581 3673 fit
1625 3619 1769 3690 per
1813 3595 2032 3669 incli-

478 3730 906 3804 nationem
949 3720 1299 3802 mobilis,
1335 3722 1417 3792 et
1451 3720 1722 3790 motus
1756 3711 2035 3804 gravis

475 3851 895 3924 deorsum,
959 3836 1173 3911 alter
1210 3832 1647 3907 violentus.
1686 3829 1832 3903 Sed
1875 3832 2035 3902 ter-

476 3965 654 4039 tius
685 3963 811 4033 est
852 3958 1156 4051 praeter
1184 3954 1597 4028 naturam,
1644 3949 1732 4019 ut
1767 3948 2036 4018 motus

114 4128 125 4154 2
216 4110 232 4154 ·.
342 4131 386 4165 ψ,
482 4079 708 4167 ignis
769 4076 849 4149 in
889 4088 1246 4147 concavo
1292 4064 1515 4138 orbis
1556 4064 1830 4143 Lunae,
1888 4060 2035 4134 sci·

470 4191 910 4285 licet,qqui
976 4202 1123 4262 nec
1164 4189 1291 4259 est
1358 4201 1504 4275 per
1582 4177 2035 4254 inclinatio·

478 4333 678 4389 nem
736 4305 1294 4387 mobilis,.¹nec
1345 4302 1641 4372 contra
1689 4296 1867 4387 ejus
1924 4293 2035 4367 in·

472 4428 1047 4508 clinationem,

581 4553 945 4632 Secundo
1042 4550 1167 4620 est
1277 4540 1721 4621 sciendum,
1832 4537 2038 4629 quod

470 4671 969 4769 quandoque
1045 4659 1399 4736 motibus
1458 4654 1803 4730 diversis
1861 4652 2038 4724 visa

482 4796 622 4866 est
698 4785 935 4861 stella
1012 4780 1340 4854 comata
1417 4771 1732 4847 moveri
1813 4773 2035 4841 motu

483 4909 813 4986 diurno,
860 4902 959 4975 ab
989 4898 1322 4974 Oriente
1366 4893 1447 4965 in
1488 4889 2034 4967 Occidentem,

483 5032 577 5100 et
646 5022 782 5096 ille
837 5020 1111 5091 motus
1180 5014 1305 5086 est
1364 5008 1461 5081 ad
1523 5009 1834 5078 motum
1912 5004 2038 5077 sui

484 5124 1022 5215 continentis,
1056 5128 1371 5203 scilicet
1413 5124 1508 5196 ad
1552 5125 1862 5194 motum
1917 5138 2039 5189 su-

494 5253 855 5353 perioris
899 5245 1263 5340 regionis
1295 5240 1539 5332 acris,
1577 5258 1751 5329 quae
1786 5233 2038 5309 trahi-

489 5382 638 5449 tur
681 5372 904 5442 motu
954 5364 1244 5436 diurno
1304 5357 1528 5431 circa
1570 5358 1885 5426 terram
1944 5347 2043 5418 ab

491 5494 677 5584 ipso
708 5484 952 5564 coelo;
992 5464 1224 5553 modo
1278 5477 1597 5547 certum
1656 5470 1781 5539 est
1839 5463 2043 5555 quod

388 5670 395 5691 2
492 5611 655 5682 iste
689 5590 964 5677 motus
992 5594 1255 5671 stellae
1296 5591 1667 5666 comatae,
1724 5603 1870 5664 nec
1896 5583 2043 5655 ‚est

2126 577 2566 660 naturalis,

2701 597 2845 648 nec
2919 563 3405 654 violentus,
3537 575 3672 648 sed

2129 698 2434 786 praeter
2482 697 2893 767 naturam.

2221 812 2997 901 Secund0,apparet
3043 805 3281 880 stella
3347 810 3673 880 comata

2119 919 2444 1002 moveri
2479 924 3000 1004 ascendendo,
3066 926 3145 994 et
3204 921 3355 994 hoc
3405 925 3674 1014 potest

2131 1043 2567 1136 provenire
2647 1042 2913 1116 altero
2995 1042 3351 1132 quatuor
3411 1037 3675 1110 modo-

2133 1182 2342 1239 rum.
2393 1161 2571 1233 Uno
2617 1160 2875 1240 modo,
2913 1155 3102 1249 quia
3144 1156 3382 1229 stella
3412 1175 3678 1228 coma-

2132 1281 2218 1351 ta
2250 1275 2641 1356 trahitur,
2686 1278 2767 1348 et
2799 1278 2991 1348 tunc
3036 1274 3379 1364 apparet
3420 1269 3676 1342 eleva-

2135 1394 2208 1466 ri
2250 1413 2296 1465 a
2337 1391 2596 1465 nobis.
2642 1390 2824 1464 Alio
2871 1389 3130 1470 modo,
3187 1386 3377 1480 quia
3432 1390 3676 1460 mate·

2131 1508 2263 1582 *ria
2303 1509 2562 1586 stellae
2603 1499 2947 1580 comatae'
2997 1502 3263 1576 levefit
3306 1521 3450 1594 per
3490 1500 3679 1573 cali·

2128 1624 2497 1706 ditatem,
2531 1623 2660 1694 vel
2706 1622 2785 1695 in
2829 1620 2948 1693 rei
2990 1618 3342 1691 veritate
3403 1607 3678 1690 secun-

2133 1743 2320 1815 dum
2411 1737 3024 1812 inclinationem
3102 1733 3226 1807 sui
3320 1732 3680 1806 ascendit

2136 1876 2493 1936 sursum,
2529 1859 2611 1929 et
2675 1854 2831 1928 isto
2876 1851 3111 1925 modo
3175 1855 3445 1923 motus
3504 1848 3680 1942 ejus

2136 1976 2260 2046 est
2291 1971 2721 2046 naturalis,
3487 1959 3490 1962 ’
3607 1993 3608 1998 ’

2225 2087 2529 2169 Tertio,
2569 2087 2759 2179 quia
2821 2084 3087 2165 stella,
3141 2102 3189 2154 a
3229 2101 3385 2174 qua
3435 2084 3681 2155 mate-

2144 2203 2267 2276 ria
2335 2205 2662 2276 comata
2718 2199 3115 2278 elevatur,
3179 2195 3686 2271 fortificatur

2142 2342 2286 2415 per
2325 2320 2685 2412 aliquam
2725 2316 3464 2397 constellationem,
3511 2314 3683 2388 ideo

2141 2438 2446 2512 sufficit
2509 2436 2864 2511 materia
2899 2435 3154 2508 altius
3195 2432 3679 2506 ascendere.

2141 2559 2478 2637 QuartO,
2527 2552 2716 2645 quia
2765 2551 2923 2624 ista
2956 2550 3197 2632 stella
3235 2568 3382 2641 per
3442 2567 3687 2640 quam

2141 2671 2513 2744 elevatur
2596 2668 2948 2742 materia
3030 2669 3371 2740 cometae
3438 2662 3687 2737 altius

2143 2770 2619 2861 ascendit‘in
2662 2789 2808 2859 suo
2861 2765 3276 2876 Epicyclo,
3331 2781 3503 2854 ideo
3553 2759 3684 2851 di·
3721 2846 3746 2878 ἡ.
3852 2783 3894 2829 ·‘
3931 2869 3968 2878 ἡ

2134 2905 2449 2980 rectius
2483 2901 3000 2997 aspicitatem
3027 2898 3238 2972 riam
3258 2898 3685 2975 elevatam,
3791 2945 3801 2954 .

2144 3028 2224 3096 et
2256 3020 2556 3094 fortius
2590 3023 2860 3114 potest
2893 3018 3156 3110 ipsam
3197 3003 3674 3120 attraheres

2237 3138 2535 3222 Quinto
2580 3139 2926 3231 apparet
2968 3131 3282 3206 moveri
3324 3126 3690 3223 praecipi-

2137 3256 2388 3330 tando
2424 3259 2737 3329 motum
2767 3249 3172 3330 diurnum,
3221 3248 3535 3322 scilicet
3567 3232 3692 3318 ve'-

2150 3373 2408 3445 locius
2470 3370 2884 3451 mOVendO,
2959 3387 3202 3460 quam
3265 3367 3695 3439 moveatur

2152 3487 2390 3561 stella
2447 3490 2669 3559 motu
2731 3483 3048 3565 diurn0,
3121 3485 3202 3553 et
3259 3476 3691 3572 aliquando

2151 3604 2631 3679 tardi11S.Et
2699 3599 2851 3673 hoc
2915 3595 3692 3691 potest'provenire

2152 3723 2494 3814 propter
2525 3714 3125 3789 fluxibilitatem
3158 3712 3375 3784 aeris
3443 3709 3733 3815 conti-2

2140 3835 2443 3915 nentis,
2479 3834 2616 3926 qui
2645 3830 3107 3927 praecipitat
3142 3832 3450 3902 motum
3482 3826 3694 3898 diur-

2151 3973 2370 4024 num.
2443 3950 2626 4025 Alio
2680 3948 2914 4022 modo
2947 3948 3215 4040 potest
3265 3965 3467 4024 esse,
3506 3941 3695 4035 quia

2147 4072 2367 4144 forte
2400 4067 2672 4160 aliqua
2704 4065 2943 4141 stella
2986 4063 3345 4136 existens
3407 4060 3488 4131 in
3538 4081 3694 4133 me-

2151 4188 2279 4261 dio
2310 4183 2516 4267 coeli,
2544 4176 2806 4256 trahit
2841 4180 3085 4254 istam
3112 4162 3578 4261 materiam,
3615 4179 3695 4251 et

2154 4304 2442 4398 postea
2474 4298 2688 4371 forte
2719 4316 3010 4369 versus
3062 4297 3462 4369 Occasum
3514 4312 3695 4386 pro-

2149 4417 2373 4491 venit
2405 4415 2571 4487 alia
2602 4411 3152 4493 constellatio,
3191 4430 3366 4502 quae
3399 4407 3697 4484 fortius
3760 4459 3767 4467 -
3867 4419 3875 4427 ·

2155 4533 2456 4608 sufficit
2486 4529 2932 4610 attrahere,
2986 4534 3067 4602 et
3143 4532 3333 4603 tunc
3378 4530 3700 4600 cometa

2150 4649 2512 4724 velocius
2549 4649 2925 4719 movetur
2965 4644 3061 4715 ad
3111 4646 3533 4717 Occasum.

2244 4769 2490 4840 Sexto
2522 4765 2863 4857 apparet
2899 4758 3209 4832 moveri
3240 4756 3329 4831 de
3373 4761 3697 4849 Septen-

2154 4882 2424 4956 trione
2492 4879 2575 4951 in
2649 4879 3071 4956 Austrum,
3143 4877 3223 4947 et
3289 4894 3332 4944 e
3405 4875 3698 4945 contra

2157 4996 2654 5092 quandoque,
2713 4997 2794 5066 et
2853 4992 3004 5064 hoc
3062 4991 3155 5064 fit
3221 5010 3368 5082 per
3445 4988 3696 5061 istum

2157 5113 2507 5193 modum,
2556 5109 2743 5202 quia
2788 5107 3137 5181 materia
3182 5109 3522 5179 cometae
3584 5109 3698 5179 at·

2156 5228 2429 5304 tracta
2496 5230 2622 5299 est
2700 5245 2845 5317 per
2918 5223 3277 5314 aliquam
3375 5221 3699 5295 stellam
3765 5290 3773 5298 .

2156 5346 2643 5419 existentem
2733 5342 2812 5413 in
2916 5339 3511 5433 Septentrione,
3618 5342 3700 5410 et

2160 5466 2446 5555 postea
2482 5460 2562 5530 in
2594 5460 2900 5531 Austro
2946 5454 3417 5547 supervenit
3468 5475 3698 5527 cons-

2160 5576 2480 5651 tellatio
2549 5574 2878 5655 fortior,
2951 5576 3032 5646 et
3106 5575 3294 5643 tunc
3379 5575 3700 5651 cometa
