4252 6393
1678 447 2040 525 QUAES'I'IO
2085 447 2165 510 XI

351 633 516 684 nem
572 612 667 683 ad
709 632 1012 704 corpus
1067 611 1273 702 quod
1329 608 1670 701 perficit,
1742 607 1871 678 cui

151 754 294 800 ment.
347 730 466 802 dat
497 750 671 801 esse
705 728 1294 802 substantiale:
1342 726 1699 799 sortitur
1748 748 1873 797 ve-

152 811 299 876 ³“¹'³'
348 868 428 919 ro
473 867 761 918 nomen
802 851 881 918 et
926 845 1329 917 rationem
1370 849 1701 934 potemioe,
1749 865 1869 915 so·

346 960 412 1031 lo
483 963 853 1052 respectu
924 963 1002 1031 et
1081 958 1700 1051 comparatione
1776 960 1869 1031 ad

340 1076 555 1148 varia
619 1076 936 1169 objecta
994 1079 1073 1148 et
1138 1075 1686 1168 operationes,
1755 1075 1869 1147 ita

341 1195 525 1284 quod
558 1193 833 1264 anima
865 1194 943 1264 et
978 1196 1252 1265 actum
1287 1213 1522 1264 suum
1564 1190 1862 1272 eliciat,

338 1316 409 1385 et
446 1314 713 1383 actum
774 1307 1218 1400 subjective
1295 1308 1715 1401 suscipiat,
1782 1311 1868 1380 ut

338 1429 540 1523 patet
642 1424 723 1496 in
815 1427 999 1496 actu
1086 1424 1633 1514 intelligendi:
1724 1444 1869 1516 per

335 1563 546 1618 suam
603 1540 1144 1613 substantiam
1195 1545 1319 1614 est
1375 1540 1866 1634 principium

331 1662 648 1736 eliciens
719 1660 992 1729 actum
1079 1663 1159 1732 et
1241 1659 1714 1740 efficienter,
1787 1664 1866 1732 ct

332 1781 564 1852 ctiam
600 1783 1070 1875 subjective,
1120 1799 1280 1851 non
1324 1797 1469 1870 per
1508 1776 1865 1867 aliquam

334 1900 769 1990 potentiam
817 1922 903 1973 re
947 1898 1320 1971 absoluta
1360 1892 1865 1965 differentem

332 2015 419 2086 ab
447 2037 565 2087 ea.

424 2133 649 2205 Hunc
725 2133 1044 2203 modum
1102 2129 1409 2202 dicendi
1477 2127 1861 2199 existimo

327 2267 492 2319 esse
532 2268 847 2327 verum,
914 2250 995 2319 ct
1053 2247 1401 2337 procedo
1464 2243 1579 2314 sie
1643 2243 1863 2314 circa

336 2361 551 2434 illum
594 2389 607 2432 ε
646 2363 951 2442 Primo,
990 2361 1312 2433 intendo
1353 2382 1535 2432 eum
1571 2358 1863 2431 confir-

332 2501 574 2552 mare.
637 2480 1022 2559 Secundo,
1106 2479 1505 2570 quomodo
1576 2481 1655 2549 ct
1719 2497 1864 2568 per

328 2596 500 2688 quid
572 2596 961 2690 potentiae
1028 2594 1705 2674 determinantur,
1782 2593 1863 2664 et

325 2713 934 2803 distinguuntur
1009 2713 1086 2784 in
1152 2712 1427 2784 eadem
1508 2709 1863 2802 simplici

323 2831 702 2912 essentia,
742 2830 1185 2902 declarare.
1225 2827 1529 2909 Tertio,
1557 2847 1651 2896 ea
1686 2845 1860 2917 quae

325 2944 694 3018 videntur
735 2943 943 3017 hunc
989 2945 1306 3016 modum
1354 2943 1681 3014 reddere
1714 2942 1862 3012 im-

329 3062 791 3153 possibilem
869 3062 1226 3142 solvere,
1299 3066 1380 3135 ct
1448 3062 1543 3132 ad
1611 3061 1858 3133 istum

325 3180 640 3252 modum
700 3179 1139 3273 applicare.
1204 3184 1539 3262 Quarto,
1614 3178 1863 3252 ratio-

321 3296 543 3369 nibus
592 3297 1001 3389 praedictae
1050 3295 1483 3388 positionis
1529 3314 1862 3386 respon-

319 3413 518 3486 dere.

677 3735 923 3791 ARTIC.
1000 3735 1097 3790 111.
1176 3734 1375 3789 SECT.
1453 3736 1492 3789 1.

321 3914 651 3980 Probatur
682 3913 1147 3998 nuellipliciter
1164 3914 1493 3977 sententia
1526 3912 1858 3998 neqatiea.

151 4122 190 4170 113
405 4100 645 4172 Circa
716 4096 1071 4188 primum
1150 4095 1586 4175 sciendum,
1663 4095 1865 4187 quod

151 4250 285 4298 mm,
325 4213 567 4286 istum
621 4213 941 4284 modum
982 4211 1359 4284 videntur
1409 4212 1865 4303 approbare

328 4334 487 4401 tam
535 4329 814 4403 Sancti
863 4348 1102 4420 quam
1157 4328 1652 4420 Philosophi.
1708 4329 1866 4399 Au-

151 4460 248 4511 ta
324 4449 695 4534 gustinus
768 4466 1142 4517 sermone
1219 4445 1309 4517 de
1385 4444 1745 4535 Imagine
1790 4448 1808 4468 ⁶
1848 4467 1860 4510 :

152 4567 284 4651 nimaJ
327 4567 504 4631 Sicut
547 4568 722 4631 Deus
752 4566 975 4644 Pater,
1015 4566 1185 4629 Dens
1225 4565 1466 4642 Filius,
1509 4566 1676 4629 Dens
1707 4564 1864 4649 Spi-

325 4683 488 4747 ritus
524 4693 812 4760 sanctus,
872 4702 1005 4746 non
1035 4692 1187 4745 sim!
1231 4692 1360 4745 tres
1390 4679 1517 4756 dii,
1551 4680 1665 4745 secl
1699 4700 1866 4744 nnus

326 4798 491 4863 Deus
553 4809 613 4862 et
664 4809 796 4864 tres
849 4819 1172 4883 perseam,
1256 4799 1350 4863 ita
1400 4800 1631 4862 anima
1671 4796 1865 4861 intel-

323 4911 542 4991 lectus,
579 4914 811 4979 anima
854 4913 1180 4990 voluntas,
1227 4914 1456 4978 anima
1500 4912 1818 4977 memoria
1838 4937 1862 4991 ,-

324 5048 453 5093 ηοη
513 5039 734 5094 tamen
792 5039 922 5093 tres
978 5030 1223 5094 anima²
1271 5029 1344 5093 in
1381 5050 1513 5094 uno
1563 5050 1859 5115 corpore,

320 5146 430 5210 sed
459 5149 858 5211 animantia
906 5156 966 5211 et
1006 5157 1137 5211 tres
1190 5147 1385 5223 vires,
1420 5157 1614 5232 atque
1654 5148 1725 5211 in
1765 5146 1867 5210 his

324 5262 533 5328 tribus
574 5265 937 5350 iniaqinem
976 5264 1281 5329 diuinam
1319 5265 1491 5349 (serit
1536 5263 1868 5328 mirabili-

324 5386 421 5442 ter
470 5382 544 5445 in
580 5403 701 5446 sna
742 5390 988 5446 natura
1039 5392 1263 5446 noster
1314 5381 1507 5445 homo
1558 5381 1865 5445 interior.

328 5495 439 5563 Ex
514 5515 666 5584 quo
737 5499 1022 5586 aperte
1098 5497 1343 5585 patet,
1420 5495 1623 5584 quod
1700 5493 1873 5563 sola.

328 5609 721 5681 relatione
753 5610 1393 5698 distinguuntur.
1455 5612 1681 5692 Item,
1732 5613 1875 5681 Au-

3402 432 3522 498 469

1988 605 2367 696 gustinus
2425 606 2506 672 de
2544 606 2811 692 Spiritu
2840 614 2899 668 et
2931 603 3198 680 Anima,
3234 619 3380 686 cap.
3414 597 3526 668 34.

1984 727 2252 804 Anima,
2303 720 2586 813 inquit,
2624 734 2717 789 est
2753 720 3157 809 spiritualis,
3201 718 3530 804 intelliqi-

1983 844 2165 923 bilis,
2220 864 2386 930 quse,
2421 840 2778 907 seemidum
2809 839 3113 923 officium
3141 837 3248 904 sui
3276 835 3523 921 operis,

1981 961 2194 1025 variis
2257 969 2686 1045 nuncupatur
2749 954 3128 1022 nominibus
3190 975 3204 1019 ε
3277 951 3531 1022 dicitnr

1980 1097 2264 1162 namque
2330 1071 2603 1144 anima
2670 1073 2829 1138 dum
2885 1071 3184 1153 vivificat
3248 1089 3524 1155 corpus,-

1978 1193 2138 1258 dum
2171 1192 2309 1257 vult
2371 1188 2688 1260 animus
2741 1199 2873 1268 est,·
2919 1187 3075 1252 dum
3113 1186 3238 1251 scit
3299 1201 3523 1253 mens

1979 1320 2109 1388 est‚·
2177 1308 2336 1374 dum
2400 1309 2633 1392 recolit
2709 1301 3107 1375 memoria
3175 1312 3307 1383 est,·
3366 1300 3524 1365 dum

1971 1424 2240 1512 judicat
2304 1421 2519 1494 ratio
2568 1433 2661 1489 est
2682 1446 2706 1501 ,·
2741 1421 2902 1487 dum
2939 1420 3156 1505 spi-rat
3210 1417 3311 1482 vel
3361 1436 3521 1482 con-

1980 1542 2338 1627 templatur
2379 1535 2721 1628 spiritus
2762 1549 2891 1617 est‚·
2938 1535 3096 1600 dnm
3123 1533 3320 1599 sentit
3353 1548 3521 1601 sen-

1982 1676 2117 1725 sus
2177 1669 2307 1737 est‚·
2363 1658 2442 1726 et
2492 1653 2729 1733 addit,
2785 1651 3139 1720 Naturales
3193 1647 3522 1736 siquidem

1977 1783 2131 1838 sunt
2168 1774 2253 1851 ei,
2291 1776 2363 1836 ut
2392 1782 2568 1851 sunt,
2605 1769 2781 1856 quod
2811 1770 2957 1854 ipsa
2991 1777 3123 1832 tota
3156 1765 3358 1843 videt,
3387 1773 3520 1828 tota

1978 1889 2270 1953 visorum
2301 1888 2625 1966 meminit,
2683 1896 2816 1950 tota
2858 1882 3051 1948 audit
3099 1886 3161 1946 et
3211 1900 3522 1946 sonorum

1976 2005 2457 2082 reminiscitur,
2525 2013 2660 2067 toea
2715 2001 2976 2079 odorat,
3053 2010 3186 2064 tota
3250 2016 3523 2083 sapores

1974 2123 2197 2199 sentit,
2245 2131 2380 2186 tota
2422 2121 2663 2206 tartyit,
2723 2130 2858 2184 tota
2905 2116 3227 2203 approbat
3286 2125 3345 2179 et
3397 2115 3525 2178 im-

1971 2238 2233 2324 probae,
2300 2248 2435 2303 tota
2492 2248 2583 2302 est
2633 2236 2958 2304 voluntas
3011 2233 3240 2311 Item,
3282 2233 3389 2302 10.
3439 2229 3522 2295 de

1985 2354 2338 2435 Trinieale,
2391 2376 2538 2441 cap.
2585 2355 2688 2423 11.
2750 2351 3091 2431 Memoria,
3141 2350 3520 2434 intelliqen-

1976 2473 2095 2552 tia,
2136 2472 2463 2549 uoluntas,
2502 2493 2634 2537 una
2665 2480 2818 2535 sunt
2849 2470 3006 2547 vita,
3042 2489 3178 2533 mia
3209 2466 3513 2532 essentia.

1976 2589 2077 2660 Et
2135 2586 2312 2659 ibid.
2367 2590 2465 2653 Eo
2519 2584 2840 2676 (inquit)
2898 2596 3050 2678 sunt
3102 2606 3333 2664 unum,
3393 2603 3519 2669 quo

1976 2729 2108 2773 una
2169 2728 2370 2784 mens,
2432 2728 2564 2772 una
2620 2707 2779 2785 vita,
2842 2726 2978 2769 una
3035 2702 3342 2768 essentia.
3406 2697 3518 2769 Ad

1974 2820 2125 2894 hoc
2165 2822 2486 2895 videtur
2538 2821 2864 2893 tendere
2922 2817 3258 2889 verbum
3301 2814 3522 2887 Aris-

1974 2938 2252 3009 totelis
2282 2941 2349 3009 2.
2394 2940 2476 3006 de
2515 2941 2783 3017 Anima,
2830 2949 2988 3004 teoet.
3035 2937 3101 3006 9.
3151 2936 3228 3001 Si
3266 2935 3514 3011 oculus,

1976 3052 2263 3145 inquit,
2339 3067 2499 3122 esset
2555 3055 2836 3132 animal,
2909 3055 3089 3120 visu-s
3151 3061 3312 3117 esset
3378 3054 3520 3136 ejus

1971 3175 2202 3239 eninm
2240 3200 2259 3239 .·
2291 3169 2441 3243 hoc
2484 3173 2759 3243 autem
2813 3187 2973 3241 non
3028 3167 3300 3258 posset
3339 3183 3518 3235 esse

1975 3289 2042 3359 si
2078 3286 2445 3379 potentia
2477 3286 2738 3358 visiva
2770 3289 2987 3358 esset
3029 3281 3423 3355 accidens.

2538 3485 2947 3541 SCHOLIUM.

2047 3666 2345 3723 Adductis
2375 3663 2847 3721 auctoritatibus
2868 3677 2944 3718 ex
2977 3663 3348 3731 Augustino,
3372 3677 3518 3734 pro-

1971 3765 2263 3836 sequitur
2294 3764 2627 3829 intentum,
2663 3766 2728 3819 ut
2761 3761 2979 3832 probet
3009 3762 3199 3818 etiam
3253 3761 3517 3816 rationi-

1976 3864 2089 3920 bus
2139 3864 2445 3935 potentias
2491 3862 2720 3917 animae
2768 3863 3128 3919 nullatenus
3176 3861 3251 3917 ab
3299 3860 3516 3919 eadem

1976 3964 2234 4023 realiter
2263 3961 2591 4030 distingui,
2627 3960 2817 4032 idque
2849 3960 3295 4032 facitquinque
3326 3963 3520 4031 potis-

1976 4064 2175 4128 simis,
2208 4060 2554 4130 desumptis
2605 4075 2680 4115 ex
2715 4061 2953 4115 ratione
2997 4060 3197 4131 ipsius
3248 4062 3515 4129 agentis,

1980 4178 2052 4216 ex
2085 4162 2546 4230 comparatione
2580 4160 2942 4216 substantiae
2965 4161 3028 4214 in
3064 4160 3303 4216 ratione
3324 4173 3521 4228 agen-

1976 4261 2057 4316 tis
2089 4258 2165 4313 ad
2199 4272 2379 4314 suum
2415 4260 2741 4329 proprium
2773 4257 3092 4328 accidens;
3144 4274 3218 4313 ex
3270 4273 3521 4328 compa-

1978 4357 2216 4412 ratione
2250 4355 2607 4412 substantiae
2634 4361 2697 4412 ut
2728 4358 2816 4412 sic
2847 4356 2922 4411 ad
2945 4356 3238 4413 accidens
3268 4372 3342 4412 ex
3375 4371 3522 4426 par·

1978 4459 2033 4512 te
2068 4456 2267 4525 ipsius
2320 4456 2642 4512 rationalis
2703 4457 2952 4522 animae,
3012 4472 3086 4511 ex
3147 4461 3319 4527 parte
3379 4456 3522 4512 fluis

1975 4560 2035 4611 et
2066 4554 2419 4620 efficienti&
2455 4559 2514 4610 et
2543 4554 2795 4610 demum
2831 4556 3027 4611 variis
3085 4558 3519 4628 experientiis

1979 4655 2336 4708 Doctrinam
2373 4653 2529 4708 hanc
2581 4654 2888 4709 latissime
2938 4656 3340 4726 prosequitur
3372 4655 3435 4709 in
3467 4660 3519 4711 2.

1980 4748 2123 4805 dist.
2165 4752 2250 4806 115.
2312 4756 2529 4820 quaest.
2593 4754 2806 4823 unica3
2873 4757 2934 4808 et
2992 4754 3056 4808 in
3109 4755 3163 4808 4.
3223 4732 3366 4810 dist.
3430 4754 3520 4809 44.

1977 4854 2194 4918 quaest.
2230 4852 2283 4903 2.
2317 4854 2372 4913 g.
2412 4850 2510 4902 Nec
2541 4854 2727 4903 tamen
2760 4866 2892 4917 neyo
2925 4853 2987 4904 in
3017 4853 3237 4907 anima.

2067 5026 2346 5096 Potest
2381 5025 2628 5097 etiam
2673 5026 2822 5099 hoc
2857 5029 3314 5101 rationibus
3350 5050 3525 5101 sua-

1978 5141 2196 5221 deri;
2247 5146 2326 5215 et
2369 5142 2634 5234 primo
2680 5145 3136 5217 rationibus
3170 5166 3522 5219 commu-

1982 5257 2215 5329 nibus
2262 5259 2610 5351 sumptis
2681 5282 2726 5331 a
2799 5262 3119 5335 ratione
3175 5262 3518 5352 agentis

1984 5379 2263 5449 Primo
2320 5377 2472 5457 sic;
2531 5378 2792 5450 omnis
2846 5380 3303 5453 substantia
3340 5381 3528 5454 acti-

1984 5515 2081 5564 va
2123 5493 2347 5585 prius
2383 5494 2619 5567 habet
2663 5499 3082 5587 aspectum
3127 5497 3219 5568 ad
3257 5502 3527 5569 actum

1986 5612 2490 5694 eliciendum,
2557 5632 2796 5704 quam
2846 5614 2936 5683 ad
3002 5617 3274 5685 actum
3331 5615 3535 5687 recie

3669 5034 3756 5090 173
