4252 6393
1524 1028 1645 1149 F.
1776 1030 2594 1154 JOANNIS

602 1318 1807 1577 DUNS
2145 1329 3479 1586 SCOTI

450 1744 1276 1860 DOCTORIS
1353 1753 2847 1893 SUBTILIS,ORD1NIS
2917 1764 3664 1875 MINORUM

703 2036 2172 2176 METEOROLOGICORUM
2277 2047 2662 2177 LIBRI
2758 2050 3423 2197 QUATUOR

1006 2436 1107 2511 R.
1162 2437 1256 2511 P.
1316 2437 1402 2512 F.
1458 2437 1802 2515 LUCAE
1853 2439 2497 2519 WADDINGI
2551 2441 3127 2521 GENSURA.

548 2701 901 2777 Scripsisse
940 2708 1205 2765 Scotum
1236 2705 1301 2763 in
1345 2705 1629 2765 Meteora
1672 2707 2050 2781 Aristotelis,
2085 2709 2257 2769 testis
2287 2715 2375 2769 est
2429 2708 2706 2770 loannes
2747 2712 3016 2783 Pitseus,
3067 2712 3182 2789 qui
3238 2660 3405 2789 Opas
3457 2712 3665 2787 ipsum

470 2808 539 2866 M
565 2810 639 2867 S.
674 2813 906 2870 extare
932 2816 1142 2871 monet
1176 2812 1415 2874 oxonii
1455 2814 1522 2872 in
1555 2813 1863 2889 Colleqiis
1891 2820 1962 2876 S.
2010 2816 2243 2878 Mariae
2286 2814 2716 2891 Maqdalenae,
2765 2817 3167 2891 Balliolensi‚
3216 2825 3271 2879 et
3318 2819 3662 2881 Orialensi.

470 2914 604 2989 qu
671 2912 793 2974 lioc
859 2916 1112 2976 iteratis
1131 2917 1435 2994 precibus
1479 2917 1558 2978 ab
1605 2920 1858 2980 erudito
1902 2923 2065 2993 viro,
2114 2929 2172 2982 et
2204 2939 2357 2984 caro
2408 2926 2620 2985 amico
2671 2924 2890 3000 recepi
2952 2940 3036 2985 ea:
3073 2925 3325 3004 Anqlia,
3384 2940 3533 2988 cum
3559 2942 3662 2986 re·

469 3025 656 3105 liqua
699 3026 919 3088 omnia
948 3025 1146 3103 liujus
1175 3025 1471 3085 editionis
1501 3041 1699 3101 opera
1718 3029 1869 3103 jam
1895 3028 2110 3102 ferme
2137 3048 2171 3090 e
2223 3030 2432 3107 praelo
2470 3031 2846 3106 prodibant.
2892 3032 3042 3093 Misi
3090 3048 3219 3108 qua
3260 3033 3451 3109 potui
3503 3031 3664 3094 cele-

470 3145 691 3216 ritate,
723 3146 793 3203 ut
819 3137 1010 3201 simul
1041 3137 1236 3199 etiam
1267 3137 1479 3199 lucem
1496 3143 1641 3214 post
1673 3137 1903 3216 lonqas
1930 3139 2226 3203 tenebras
2268 3144 2532 3205 videret.
2570 3143 2983 3220 Exscriptum
3029 3149 3116 3205 est
3149 3159 3233 3204 ex
3260 3148 3497 3205 vetusto
3560 3160 3668 3204 co-

467 3254 614 3312 dice
655 3253 725 3312 M
747 3254 819 3311 S.
855 3249 971 3325 qui
999 3248 1181 3311 Scofi
1207 3261 1437 3306 nomen
1473 3246 1892 3322 praeferebat,
1938 3248 2132 3325 idque
2161 3251 2398 3309 iterum
2470 3251 2769 3328 affigitur
2810 3253 2933 3327 fini
2974 3252 3132 3315 libri
3184 3257 3466 3316 secundi.
3542 3255 3669 3315 Ad-

465 3360 600 3434 fuit
629 3360 826 3419 etiam
861 3354 1034 3417 alius
1052 3352 1279 3426 codem,
1326 3351 1582 3413 calamo
1613 3359 1951 3429 exaratus,
1986 3354 2361 3418 charactere
2390 3360 2677 3435 antiquO,
2707 3376 2792 3420 ex
2820 3376 2946 3436 quo
2979 3360 3137 3421 libri
3171 3364 3419 3437 prioris
3459 3361 3670 3422 multa

472 3470 762 3528 correcta
790 3467 952 3535 sunt,
1002 3459 1150 3522 aliae
1190 3461 1391 3521 variae
1433 3458 1733 3522 lectiones
1776 3463 1863 3524 ad
1891 3466 2258 3538 marainem
2291 3467 2618 3541 appositae.

555 3571 713 3644 qu.
742 3572 1054 3644 quantum
1072 3579 1198 3640 per
1242 3562 1427 3624 breve
1470 3567 1717 3639 tempus
1760 3562 1966 3637 licuit,
2014 3571 2220 3625 totum
2270 3571 2600 3641 percurri,
2665 3576 2721 3629 et
2766 3571 2910 3630 licet
2958 3572 3137 3632 Scoti
3162 3588 3290 3633 esse
3320 3588 3442 3632 non
3488 3572 3664 3646 difli-

470 3677 649 3743 dam,
685 3679 815 3734 tres
840 3670 1005 3732 milii
1055 3673 1402 3730 occurrunt
1446 3667 1764 3745 scrupuli.
1828 3670 2105 3744 Primus,
2144 3673 2318 3746 quod
2359 3674 2607 3733 Pitseus
2652 3676 2898 3749 referat
2953 3680 3216 3737 Scotum
3276 3678 3342 3736 in
3386 3677 3668 3736 Meteora

468 3783 802 3858 scripsisse
845 3780 1089 3839 librum
1122 3793 1355 3847 unum,·-
1382 3777 1447 3836 in
1480 3777 1598 3835 hoc
1624 3782 1839 3837 tamen
1887 3782 2089 3853 Opere
2135 3785 2561 3840 numerant-ur
2592 3781 2751 3841 libri
2778 3788 3081 3858 quatuor.
3113 3781 3464 3856 Secundus,
3500 3785 3673 3860 quod

471 3889 586 3950 lib.
628 3890 688 3949 1.
739 3893 976 3966 quaest.
1032 3886 1138 3948 10.
1186 3884 1289 3945 liic
1332 3888 1559 3943 auctor
1596 3883 1904 3944 Thomam
1935 3887 2337 3962 Aquinatem,
2392 3889 2678 3949 nond-um
2710 3907 2750 3950 a
2792 3892 3038 3951 Ioanne
3079 3891 3280 3951 XXII.
3332 3892 3669 3951 canoniza-

472 4003 632 4070 tum,
681 3993 868 4056 titulo
900 3994 1147 4071 afslciat
1180 3992 1381 4053 Beati.
1448 3993 1716 4062 Tertius,
1764 3994 1937 4068 quod
1986 3993 2231 4056 ibidem
2273 3999 2511 4071 quaest.
2553 3997 2659 4057 14.
2695 3998 2836 4057 citet
2888 3997 3198 4059 Tliomam
3260 3998 3671 4059 Bradwardi-

473 4115 628 4160 num
659 4104 943 4160 tractatu
973 4102 1051 4161 de
1070 4097 1608 4175 proportionibus
1619 4119 1638 4169 ‚·
1658 4097 1772 4159 ille
1788 4104 2006 4160 autem
2036 4102 2101 4161 in
2131 4101 2496 4161 l’raesulatu
2522 4104 2984 4164 cantuariensi
3010 4102 3238 4163 obierit
3270 4118 3437 4162 anno
3467 4103 3667 4164 1350.

474 4221 647 4265 anno
676 4203 965 4266 videlicet
998 4204 1078 4265 ab
1112 4221 1377 4267 excessu
1409 4206 1592 4264 Scoti
1614 4206 2116 4282 quadraqesirno
2147 4209 2443 4268 secundo.

563 4311 732 4373 Tolli
769 4329 920 4374 vero
940 4329 1131 4391 posse
1196 4312 1311 4376 lios
1339 4316 1676 4393 scrupulos
1706 4331 1832 4375 non
1862 4314 2145 4375 inaniter
2191 4314 2488 4389 conjicio,
2523 4317 2582 4374 si
2606 4315 2828 4392 primo
2873 4316 3169 4392 sa'isfiat,
3230 4317 3497 4377 dicendo
3543 4318 3671 4376 Pit-

472 4425 658 4472 seum
678 4425 800 4486 per
829 4409 1075 4473 librum
1104 4428 1306 4473 unum
1336 4413 1729 4475 intelleatisse
1770 4411 2093 4482 volumen,
2141 4410 2518 4472 velTomum
2563 4429 2783 4486 unum,
2840 4419 2951 4473 aut
3011 4411 3402 4489 opusculum
3445 4428 3671 4484 unum,

485 4526 783 4582 attamen
816 4522 883 4581 in
934 4521 1138 4583 libros
1184 4529 1469 4599 quatuor
1498 4524 1898 4597 distinctum;
1927 4523 2019 4581 ita
2062 4522 2232 4581 enim
2260 4521 2472 4598 ipsum
2516 4528 2995 4597 aryumentum,
3043 4531 3285 4598 etopus
3324 4522 3677 4584 Aristotelis

474 4625 741 4687 totidem
771 4624 959 4689 libris
984 4629 1416 4705 dispartitum,
1452 4631 1622 4707 quod
1649 4627 1761 4689 ille
1792 4626 2175 4698 elucidabat,
2209 4625 2683 4701 expostulabat.
2721 4628 3017 4687 Secundo
3042 4625 3248 4701 facile
3277 4626 3668 4697 occurritur,

476 4737 823 4798 asserendo
851 4739 1041 4815 lonqe
1097 4745 1243 4800 ante
1284 4741 1789 4801 canonizationis
1816 4737 2290 4800 solemnitatem
2324 4741 2394 4796 S.
2427 4734 2473 4795 T
2474 4735 2734 4796 hornam
2753 4750 2877 4811 per
2914 4734 3147 4795 crebra
3178 4734 3532 4810 miracula,
3567 4753 3675 4795 no-

474 4847 891 4924 tissimasque
919 4850 1205 4922 virtutes,
1242 4848 1458 4911 Sancti
1535 4854 1602 4913 et
1646 4850 1827 4912 Beati
1876 4847 2093 4908 titulos
2123 4846 2466 4907 obtinuisse
2510 4866 2529 4905 .·
2588 4846 2696 4906 eui
2723 4850 3107 4920 aryumento
3179 4850 3287 4917 est,
3332 4845 3506 4920 quod
3553 4850 3674 4906 Su·

474 4958 624 5018 rius
650 4958 719 5018 in
748 4960 888 5035 eJ‘us
915 4961 1048 5020 vita
1068 4961 1336 5036 referat,
1371 4962 1675 5023 divinitus
1697 4962 1977 5038 plexum
2007 4960 2378 5036 quemdam,
2415 4959 2533 5033 qui
2558 4958 2744 5033 lonqe
2770 4962 2915 5018 ante
2943 4956 3341 5033 Apotheosim
3371 4961 3433 5018 ei
3460 4955 3673 5019 Sancti

474 5067 817 5142 honorem,
853 5075 963 5130 aut
994 5086 1221 5132 nomen
1251 5073 1698 5149 denegaverat.
1725 5076 1940 5143 Quare
1972 5071 2277 5133 credibile
2306 5077 2414 5142 est,
2452 5070 2680 5131 saltem
2711 5074 2877 5132 inter
2923 5086 3069 5132 suos
3106 5068 3492 5139 consodales,
3530 5072 3678 5131 Sco-

475 5185 546 5238 to
587 5179 984 5254 familiares,
1021 5183 1274 5259 passim
1316 5183 1416 5246 liis
1456 5185 1661 5246 titulis
1688 5184 1905 5245 Sancti
1967 5188 2034 5245 et
2064 5183 2244 5244 Beati
2278 5184 2621 5244 audivisse.
2659 5185 2829 5243 Inter
2857 5182 3108 5244 Thomae
3140 5185 3356 5241 autem
3401 5185 3455 5240 et
3502 5183 3689 5242 Scoti

476 5295 724 5351 mortes
753 5292 911 5353 anni
945 5291 1154 5369 elapsi
1210 5299 1355 5355 sunt
1383 5297 1653 5372 triqinta
1685 5300 1993 5373 quatuor,
2043 5298 2192 5352 ante
2246 5309 2407 5368 quos
2457 5293 2744 5368 expletos
2784 5293 2932 5368 jam
2963 5292 3282 5353 constanti
3312 5292 3503 5365 fama
3555 5292 3691 5350 viri

477 5401 696 5472 Beati,
730 5404 1012 5477 Aquinas
1053 5404 1338 5478 feliciter
1363 5406 1656 5468 tendebat
1686 5407 1776 5467 ad
1804 5404 2380 5466 canonizationem.
2423 5406 2634 5465 Tertio
2666 5404 2846 5465 haud
2870 5400 3142 5476 difficile
3171 5401 3552 5477 responderi
3572 5419 3684 5476 po—

474 5511 661 5583 terit,
693 5513 1040 5574 asserendo
1071 5514 1622 5575 Bradwardinum
1714 5513 2018 5592 yraviori
2091 5516 2275 5573 aetate
2337 5513 2694 5584 decessisse,
2733 5516 2788 5571 et
2831 5515 2979 5570 ante
3025 5507 3176 5569 illos
3224 5524 3424 5568 annos
3474 5508 3583 5568 42.
3631 5512 3686 5565 et

478 5624 674 5684 Scoti
698 5629 993 5696 mortem,
1029 5623 1453 5686 tractatulum
1484 5624 1671 5686 illum
1718 5626 2043 5702 scripsisse

740 5743 885 5793 Tom.
919 5742 1005 5796 lv.
3413 5743 3437 5790 1

1525 6106 1664 6169 uss
1706 6106 1919 6166 misor
1962 6063 2109 6171 21
2147 6059 2320 6163 Ἦῗ
2353 6055 2502 6158 1ιῖ
