4252 6393
676 378 790 441 112
1809 370 1953 430 LlB.
2003 369 2050 430 1.
2095 364 2639 430 METEORORUM

660 534 935 608 Primo
976 532 1192 605 enim
1253 530 1727 623 quandoque
1759 532 2205 620 generatur
2315 527 2535 601 facta
2602 526 2926 599 facilius
2975 527 3714 618 praecongelantur,
3770 533 3862 602 ut

660 651 741 723 in
805 649 1063 722 media
1123 647 1455 739 regione
1524 646 1767 726 aeris,
1824 644 2204 738 superius
2317 651 2540 742 patet
2570 647 2661 719 de
2686 667 2896 739 aqua
2935 646 3361 727 calefacta,
3402 666 3576 737 quae
3616 644 3862 719 citius

662 787 904 857 quam
950 765 1060 840 sit
1103 762 1528 857 generatio
1572 761 1890 856 pluviae.
1938 765 2205 836 Causa
2318 765 2806 856 congelatur
2897 783 3140 856 quam
3234 783 3446 855 aqua
3534 760 3857 853 frigida.

658 887 809 965 est,
857 883 1048 976 quia
1088 902 1373 975 vapor,
1420 901 1518 953 ex
1562 881 1733 972 quo'
1761 882 2207 971 genera-tur
2319 884 2467 958 Sed
2499 882 2581 955 in
2626 881 3003 955 inferiori
3032 879 3362 971 regione
3381 880 3598 952 aeris
3640 897 3870 970 gene·

661 1001 998 1092 grando,
1043 999 1416 1072 elevatur
1482 1018 1582 1070 ex
1650 996 1850 1070 forti
1899 996 2202 1081 calore,
2323 1005 2560 1075 ratur
2618 1022 2764 1096 per
2821 1000 3067 1073 istum
3122 998 3467 1079 modum,
3533 995 3722 1089 quia
3771 1015 3871 1067 ex

662 1117 835 1190 ideo
878 1117 1044 1190 alte
1078 1119 1346 1208 potest
1379 1115 1813 1188 ascendere
1847 1134 2202 1186 sursum.
2318 1119 2762 1214 vaporibus
2786 1117 3129 1192 elevatis
3166 1114 3544 1209 superius
3579 1134 3868 1205 conge-

663 1235 764 1306 Et
841 1232 1049 1324 quod
1134 1231 1244 1304 ibi
1341 1235 1786 1322 generetur
1863 1232 2203 1322 grando,
2319 1235 2546 1310 latur
2576 1235 2824 1307 nubes
2859 1233 2940 1305 in
2965 1229 3340 1305 inferiori
3377 1228 3712 1320 regione
3745 1249 3870 1301 ae-

666 1347 931 1422 innuit
1023 1348 1433 1429 Albertus,
1516 1352 1597 1422 et
1667 1351 1940 1440 potest
2022 1337 2210 1420 elici
2326 1349 2468 1430 ris,
2516 1368 2691 1441 quae
2732 1345 2972 1420 habet
3017 1343 3555 1436 frigiditatem
3598 1361 3871 1433 quam-

663 1486 764 1537 ex
814 1462 1153 1557 antiqua
1194 1464 1769 1538 translatione.
1811 1464 2045 1537 Alter
2086 1467 2212 1537 est
2323 1470 2505 1541 dam
2588 1465 3211 1541 connaturalem
3308 1460 3461 1533 sibi
3549 1459 3873 1534 ratione

667 1582 898 1656 locus
932 1580 1491 1673 generationis
1526 1579 2213 1672 grandinis,scili-
2326 1605 2578 1678 aquae,
2625 1604 2672 1657 a
2722 1604 2880 1676 qua
2928 1580 3432 1660 elevabatur,
3498 1599 3674 1669 quae
3733 1575 3873 1648 fri·

667 1704 797 1774 cet
831 1698 1178 1771 inferior
1222 1697 1448 1788 regio
1491 1696 1734 1778 aeris,
1794 1697 1926 1769 sed
1970 1717 2214 1788 quan·
2328 1703 2623 1795 giditas
2649 1702 2970 1775 ratione
3003 1697 3310 1772 caloris
3347 1696 3689 1788 undique
3717 1694 3874 1766 cir·

667 1818 764 1891 do
825 1836 1087 1909 vapor
1126 1835 1492 1907 grossus,
1532 1814 1667 1906 qui
1707 1818 1831 1888 est
1866 1813 2216 1888 materia
2329 1819 2821 1894 eumstantis
2872 1817 3324 1892 intenditur
3378 1837 3526 1910 per
3565 1814 3874 1906 antipe-

671 1933 1092 2025 grandinis
1128 1932 1624 2026 propellitur
1665 1953 1712 2004 a
1761 1931 2216 2022 frigiditate
2332 1938 2698 2020 ristasin,
2786 1938 2903 2012 ita
2981 1936 3189 2028 quod
3273 1938 3554 2028 partes
3640 1931 3877 2004 nubis

674 2049 952 2123 mediae
998 2049 1361 2141 regionis
1396 2069 1648 2140 usque
1688 2049 2099 2129 deorsum,
2136 2053 2218 2123 et
2332 2056 2707 2148 fugiendo
2755 2052 3283 2150 'contrarium
3332 2051 3882 2141 corrumpunt

675 2166 966 2240 ibidem
994 2171 1335 2260 propter
1355 2165 2067 2240 circumstantiam
2092 2186 2218 2237 ca·
2335 2153 2695 2253 inter'se,
2733 2174 2814 2245 et
2857 2190 3001 2264 per
3041 2170 3291 2243 talem
3334 2165 3881 2241 intensionem

675 2284 909 2365 loris,
945 2286 1026 2355 et
1073 2302 1218 2375 per
1252 2281 1880 2374 antiperistasin
1930 2301 2220 2373 conge·
2335 2289 2818 2381 frigiditatis
2885 2292 3168 2380 partes
3245 2283 3483 2357 nubis
3547 2301 3884 2356 conver·

680 2401 937 2479 latum
976 2398 1111 2470 Sed
1147 2398 1325 2470 dico
1388 2398 1595 2490 quod
1647 2398 1944 2490 saepius
1991 2418 2221 2489 gene·
2337 2411 2627 2485 tuntur
2659 2406 2740 2478 in
2772 2423 3093 2496 aquam,
3140 2406 3221 2477 et
3265 2405 3549 2495 postea
3596 2417 3885 2489 conge-

682 2519 921 2587 ratur
954 2514 1261 2604 grando
1288 2513 1366 2584 in
1401 2513 1578 2585 loco
1610 2515 1986 2595 secundo,
2026 2517 2223 2607 puta
2338 2525 2619 2598 lantur
2643 2522 3119 2615 priusquam
3143 2519 3721 2613 pertranseant
3749 2535 3885 2587 nu-

683 2630 763 2702 in
824 2629 1203 2703 inferiori
1266 2630 1598 2722 regione
1650 2631 1928 2703 aeris:
1986 2630 2223 2722 cujus
2337 2641 2542 2712 bem,

684 2748 1008 2839 signum
1049 2751 1175 2821 est
1219 2747 1512 2840 primo,
1552 2748 1761 2839 quod
1803 2747 1884 2820 in
1936 2746 2228 2819 monti·
2431 2755 2651 2839 Quod
2711 2759 2985 2829 autem
3044 2772 3304 2844 vapor
3352 2751 3892 2822 convertatur

680 2866 828 2938 bus
892 2863 1084 2940 altis
1142 2884 1303 2936 non
1360 2863 1576 2940 cadit
1637 2865 1971 2954 grando,
2020 2865 2229 2956 quod
2346 2874 2422 2946 in
2492 2891 2789 2965 aquam
2840 2870 3321 2966 priusquam
3380 2865 3884 2957 congeletur,

682 3001 846 3053 non
885 2985 1129 3061 esset,
1168 2982 1237 3053 si
1271 2981 1578 3073 grando
1610 2981 1846 3055 fieret
1881 2981 2229 3055 multum
2345 2988 2668 3077 signum
2725 2989 2874 3066 est,
2940 2983 3129 3075 quia
3199 2983 3509 3074 grando
3569 2978 3891 3052 facilius

684 3097 847 3171 alte
889 3117 936 3168 a
969 3097 1227 3170 nobis.
1273 3098 1657 3180 Secundo,
1698 3098 1886 3190 quia
1920 3098 1999 3170 in
2032 3116 2229 3170 casu
2344 3108 2469 3179 est
2535 3099 3094 3176 convertibilis
3158 3099 3234 3171 in
3303 3116 3598 3189 aquam
3649 3113 3892 3188 quam

686 3213 1105 3303 grandinis
1148 3212 1519 3286 audimus
1573 3234 1862 3286 sonum
1923 3212 2231 3287 factum
2346 3222 2512 3303 nix,
2560 3220 2774 3293 sicut
2811 3216 3008 3291 dicit
3059 3216 3469 3289 Albertus.

687 3329 1036 3412 innube,
1073 3350 1173 3402 ex
1214 3351 1371 3421 qua
1404 3332 1712 3420 grando
1758 3335 2228 3421 generatur,
2440 3337 2893 3412 Secundum
2964 3333 3288 3424 signum
3328 3334 3480 3411 est,
3543 3327 3732 3419 quia
3779 3325 3893 3398 vi·

684 3452 766 3522 et
797 3468 956 3520 non
978 3452 1221 3529 esset,
1252 3447 1322 3520 si
1353 3449 1604 3521 nubes
1630 3449 1770 3521 illa
1787 3454 2004 3522 esset
2037 3448 2235 3521 mul·
2348 3455 2626 3527 demus
2647 3454 2833 3523 ante
2854 3469 3135 3522 casum
3159 3443 3578 3539 grandinis
3609 3442 3895 3516 cadere

686 3567 860 3636 tum
897 3568 1240 3639 remota.
2353 3569 2737 3660 quasdam
2809 3569 3088 3657 guttas
3152 3562 3447 3658 pluviae
3527 3578 3891 3652 grossas.

777 3679 1081 3764 Tertio,
1130 3680 1318 3773 quia
1375 3680 1453 3753 in
1515 3682 1888 3775 pluribus
1941 3684 2238 3760 cadunt
2352 3690 2616 3761 Causa
2681 3687 2830 3765 est,
2895 3683 3083 3775 quia
3143 3685 3420 3775 partes
3462 3675 3899 3751 inferiores

690 3795 1125 3887 grandines
1157 3800 1549 3877 cornutae,
1588 3799 2240 3889 angulares‚non
2352 3802 2584 3875 nubis
2634 3820 3054 3875 conversae
3090 3800 3169 3870 in
3227 3816 3521 3889 aquam
3580 3794 3899 3866 descen·

693 3911 1053 4004 perfecte
1096 3913 1546 4006 sphaericae,
1584 3918 1666 3988 et
1709 3915 1860 3989 hoc
1906 3936 2068 3988 non
2118 3938 2237 3988 es·
2352 3919 2572 3999 dunt,
2635 3921 2715 3991 et
2786 3916 3016 4009 prius
3081 3914 3416 3988 veniunt
3474 3911 3570 3983 ad
3628 3909 3900 3983 locum

694 4032 841 4110 set,
894 4029 963 4102 si
1005 4030 1443 4121 grandines
1505 4031 1685 4131 istae
1725 4033 2107 4107 caderent
2148 4032 2242 4105 de
2355 4033 2701 4106 calidum
2735 4031 3306 4112 descendendo,
3342 4048 3583 4121 quam
3612 4045 3900 4117 conge-

695 4152 876 4222 loco
912 4147 1260 4219 multum
1302 4148 1498 4222 alto.
2358 4149 2631 4223 lentur
2663 4169 2708 4220 a
2741 4147 3066 4239 frigido.
4199 4228 4200 4231 Ν

473 4307 528 4360 3,
791 4263 1178 4345 Secundo,
1228 4264 1641 4339 sciendum
1682 4266 1774 4337 de
1828 4266 2061 4337 modo
2116 4284 2242 4356 ge·
2455 4268 2672 4338 Tunc
2737 4264 2830 4337 de
2908 4270 3277 4357 tempore
3345 4255 3903 4353 generationis
4063 4287 4104 4337 9,

368 4370 652 4429 ⁰“0m0‘10-
701 4378 1183 4453 nerationis.
1228 4381 1428 4455 Dico
1474 4383 1679 4474 quod
1750 4382 2063 4474 quando
2116 4402 2244 4472 ge·
2360 4380 2805 4474 grandinis,
2875 4379 3052 4451 dico
3113 4376 3319 4470 quod
3387 4373 3697 4467 grando
3741 4389 3904 4443 non
3960 4348 4170 4408 ⁰“⁰”‘¹⁰·

700 4500 1046 4570 neratur
1106 4497 1188 4570 in
1256 4499 1518 4572 media
1595 4499 1931 4592 regione
1995 4498 2241 4581 aeris,
2361 4497 2600 4573 habet
2630 4497 2810 4570 fieri
2843 4496 2924 4569 in
2954 4494 3266 4587 hyeme,
3297 4492 3590 4586 primo,
3629 4510 3790 4562 non
3824 4488 3906 4562 in

698 4632 859 4684 non
922 4618 1369 4705 generatur
1415 4616 1879 4691 immediate
1923 4636 2068 4709 per
2114 4637 2248 4687 an·
2362 4613 2741 4688 inferiori
2802 4611 3136 4703 regione
3191 4609 3434 4692 aeris,
3482 4607 3671 4700 quia
3712 4610 3907 4681 tunc

698 4728 1239 4823 tiperistasin,
1295 4731 1428 4804 sed
1497 4733 1687 4824 quia
1747 4732 1955 4824 quod
2019 4733 2248 4804 locus
2362 4731 2589 4804 nulla
2621 4750 2869 4803 causa
2908 4733 3033 4802 est
3067 4747 3212 4820 per
3252 4722 3903 4818 antiperistasin,

700 4847 836 4921 ille
889 4847 1236 4920 multum
1295 4852 1419 4923 est
1489 4847 1835 4939 frigidus
1906 4852 2251 4941 propter
2366 4867 2512 4941 per
2545 4840 3908 4938 quamfortificeturfrigiditasper

646 4986 649 4990 ·
700 4960 1348 5054 antiperistasin,
1414 4961 1586 5035 ideo
1643 4983 2039 5056 vaporem
2099 4963 2255 5035 ele·
2364 4962 2727 5036 calorem
2751 4962 3430 5035 circumstantem
3465 4983 3480 5026 ε
3522 4954 3754 5027 modo
3787 4953 3910 5025 de·

700 5081 983 5150 vatum
1059 5077 1145 5149 in
1214 5077 1390 5169 ipso
1460 5077 1823 5151 faciliter
1872 5079 2253 5170 congelat
2365 5078 2690 5152 ficiente
2741 5095 2992 5149 causa
3046 5072 3363 5146 deficiet
3405 5075 3485 5144 et
3529 5069 3904 5151 effectus;

703 5192 1091 5284 frigidum
1126 5194 1344 5267 illius
1380 5193 1564 5276 loci,
1602 5195 1831 5288 prius
1863 5200 2036 5269 tum
2068 5216 2255 5269 con·
2368 5217 2513 5269 nec
2552 5196 2804 5269 etiam
2850 5194 2931 5265 in
2981 5191 3240 5263 media.
3301 5189 3658 5279 regione,
3723 5186 3914 5278 quia

701 5309 955 5383 vertit
1013 5330 1405 5402 vaporem
1477 5311 1558 5381 in
1627 5332 1945 5402 aquam,
2013 5331 2254 5401 quam
2372 5312 2481 5384 ibi
2534 5332 2730 5383 raro
2761 5311 2988 5381 fiunt.
3054 5306 3454 5379 Similiter
3501 5305 3580 5376 in
3624 5303 3915 5394 hyeme

703 5427 1223 5519 congeletur;
1261 5430 1456 5502 etad
1489 5428 1639 5501 hoc
1680 5429 2023 5501 multum
2059 5428 2257 5502 facit
2371 5450 2533 5500 non
2620 5431 2744 5501 est
2802 5446 3065 5519 vapor
3153 5423 3501 5496 multum
3572 5419 3915 5492 calefac·

710 5544 1318 5635 praecalefactio
1371 5544 1732 5637 vaporis»,
1805 5563 1993 5615 nam
2053 5543 2258 5616 cale·
2374 5549 2530 5627 tus,
2589 5540 3255 5636 quemadmodum
3297 5537 3377 5611 in
3422 5540 3735 5610 aestate.
3790 5537 3919 5609 Se-
