4252 6393
1833 424 2198 501 QUAES'l’lO
2248 425 2433 488 XXVI
2547 429 2554 434 ’

477 586 730 659 citate
812 589 1096 665 terrae,
1167 588 1248 658 et
1319 602 1510 676 pars
1582 582 2027 657 resolvitur

3617 425 3725 487 123

2230 583 2551 665 Quinto,
2607 585 2796 674 quia
2825 583 3013 658 (lato
3045 582 3251 674 quod
3282 602 3426 656 aer
3463 585 3682 656 esset
3728 609 4014 667 Quemnam.

476 723 523 774 a
566 702 779 783 Sole,
868 706 952 775 et
1000 701 1412 774 residuum
1489 719 1678 774 eum
1754 698 2027 772 fluviis
2145 700 2278 782 ibi,
2329 721 2488 774 non
2530 702 2791 797 possit
2850 701 3138 774 ibidem
3198 720 3679 795 evaporare,

482 822 743 896 intrat
805 839 1064 891 mare.

180 957 282 1008 Aa
308 955 377 1010 6.
571 935 688 1010 Ad
740 941 1090 1010 sextam.
1145 934 1508 1010 Concedo
1552 933 1760 1027 quod
1805 954 2036 1026 gene-

488 1058 729 1127 ratur
770 1051 991 1126 infra
1033 1057 1374 1131 terram,
1430 1051 1564 1123 sed
1604 1070 1766 1122 non
1821 1069 1868 1122 a
1907 1070 2035 1123 ca-

484 1171 661 1244 lore
710 1172 1242 1264 evaporante,
1287 1167 1423 1240 sed
1489 1187 1538 1241 a
1587 1165 2038 1258 frigiditate

483 1287 1060 1361 condensante.

176 1414 276 1466 Ad
305 1414 371 1466 ⁷-
574 1404 691 1476 Ad
723 1402 1187 1496 septimam,
1226 1400 1582 1495 qualiter
1610 1402 1735 1475 est
1769 1404 2041 1475 motus

481 1519 923 1600 naturalis,
995 1520 1080 1593 et
1145 1517 1505 1609 qualiter
1569 1521 1696 1591 est
1773 1521 2042 1592 motus

473 1636 921 1716 violentus,
958 1633 1413 1709 dictumest
1444 1634 1526 1706 in
1560 1634 2031 1725 quaestione.

842 1905 1301 1991 QUAESTIO
1359 1908 1653 1983 XXVI.

487 2146 738 2212 Utrum
780 2146 857 2211 in
896 2144 1419 2211 concavitatibus
1458 2156 1654 2211 terroe
1695 2155 2049 2232 qeneremr

584 2283 766 2349 aqua
831 2261 1126 2347 sontium
1181 2281 1265 2326 ea·
1322 2281 1478 2326 aere
1540 2259 1944 2347 evaporato?

246 2499 296 2548 ί,
581 2455 993 2546 Arguitur
1024 2452 1233 2545 quod
1262 2472 1446 2534 non,
1485 2452 1674 2544 quia
1707 2452 1787 2525 in
1820 2457 2050 2527 terra

159 2566 298 2625 ΑΨ·
331 2563 382 2611 ¹·
483 2593 655 2644 non
700 2576 890 2646 sunt
924 2570 1217 2661 aliquae
1248 2569 1849 2649 concavitates;
1904 2568 2048 2658 igi-

483 2693 656 2768 tur,
737 2691 891 2760 etc.
968 2688 1214 2758 Tenet
1277 2684 1883 2777 consequentia.
1948 2686 2049 2756 Et

477 2803 973 2877 antecedens
1035 2802 1459 2895 probatur,
1543 2801 1733 2894 quia
1817 2806 2051 2877 terra

478 2927 616 2997 est
649 2921 1044 3014 quoddam
1087 2940 1389 3013 corpus
1424 2918 2044 3011 homogeneum,

474 3038 693 3132 quod
732 3057 892 3111 non
913 3041 1155 3117 esset,
1190 3037 1260 3110 si
1298 3035 1634 3113 haberet
1681 3037 2054 3113 concavi-

481 3160 734 3237 tates,
773 3174 963 3228 nam
1009 3154 1189 3228 istae
1228 3154 1653 3247 replentur
1683 3155 2048 3249 corpori-

489 3274 646 3345 bus
688 3271 1037 3346 alterius
1092 3270 1465 3347 rationis.

590 3392 982 3471 Secundo,
1057 3395 1288 3462 terra
1356 3395 1481 3463 est
1570 3390 2050 3465 notabiliter

496 3507 827 3599 frigida,
871 3506 1132 3598 igitur
1174 3526 1336 3578 non
1393 3505 1635 3580 habet
1682 3509 2048 3581 concavi-

494 3630 739 3701 tates.
776 3622 1376 3716 Consequentia
1407 3628 1651 3704 tenet,
1700 3625 1887 3716 quia
1911 3624 2048 3697 fri·

490 3740 795 3831 giditas
828 3739 1328 3834 comprimit,
1365 3745 1445 3814 et
1468 3740 1931 3821 condensat,
1967 3745 2048 3816 et

490 3858 978 3931 antecedens
1029 3860 1374 3949 apparet
1423 3878 1524 3928 ex
1555 3857 2046 3949 complexio-

490 3975 736 4050 nibus
792 3975 1414 4047 elementorum.

589 4091 894 4167 Tertio,
946 4095 1181 4165 terra
1231 4094 1359 4162 est
1410 4088 1800 4164 similiter
1864 4108 2046 4179 gra·

491 4209 651 4289 vis,
704 4228 904 4299 ergo
962 4226 1122 4280 non
1173 4206 1415 4279 habet
1454 4206 2040 4282 concavitates,

489 4331 747 4402 Tenet
839 4324 1441 4416 consequentia,
1535 4323 1723 4415 quia
1819 4328 2047 4397 terra

489 4446 824 4520 caderet
886 4441 1229 4515 inferius
1279 4440 1497 4513 infra
1544 4441 1729 4513 illas
1761 4459 2046 4513 conca·

490 4563 824 4641 vitates,
861 4558 1049 4651 quia
1068 4577 1319 4649 grave
1350 4557 1851 4632 naturaliter
1883 4561 2046 4629 ten-

489 4677 613 4752 dit
650 4675 1059 4748 deorsum.

588 4797 927 4877 QuartO,
971 4812 1163 4864 nam
1219 4790 1435 4864 infra
1503 4796 1815 4865 terram
1884 4810 2046 4862 non

497 4910 945 4986 includitur
1018 4930 1199 4990 aem
1264 4908 1521 4999 igitur
1584 4927 1814 5000 aquae
1879 4906 2049 4980 fon·

490 5029 706 5104 tium
763 5046 927 5098 non
968 5029 1470 5116 generantur
1532 5045 1629 5095 ex
1689 5044 1878 5095 aere
1939 5024 2049 5097 in-

488 5146 726 5220 cluso
800 5141 1019 5216 infra
1097 5148 1438 5215 terram.
1544 5142 1791 5214 Tenet
1863 5161 2047 5214 con-

491 5261 925 5355 sequentia
1008 5259 1099 5331 de
1172 5280 1293 5339 se;
1392 5262 1475 5331 et
1562 5257 2045 5330 antecedens

490 5380 924 5475 probatur,
980 5374 1168 5467 quia
1208 5394 1352 5446 aer
1419 5393 1606 5445 cum
1662 5373 1768 5446 sit
1819 5376 2047 5446 natu-

490 5497 794 5570 raliter
852 5492 1080 5573 levis,
1133 5495 1374 5565 natus
1447 5494 1572 5562 est
1614 5489 2047 5561 ascendere

486 5630 753 5707 supra
802 5615 1146 5682 terram.

108 3432 434 3483 Secundum
444 3468 460 3480 .

148 4138 425 4189 Tertium.

132 4842 456 4895 Quartam.

2147 817 2337 908 quia
2412 838 2572 890 non
2665 821 2789 891 est
2881 817 2987 890 ibi
3073 816 3424 890 calidum
3507 837 3686 889 eva-

2149 954 2481 1027 perans.

2241 1056 2511 1134 Sexto,
2559 1053 2745 1145 quia
2782 1053 2909 1125 vel
2953 1070 3163 1146 aqua
3213 1051 3321 1125 ibi
3364 1070 3693 1144 genera·
3761 1061 4009 1111 Sextum·

2153 1175 2294 1245 tur
2351 1189 2398 1242 a
2439 1170 2725 1253 calido,
2780 1171 2909 1243 vel
2960 1189 3006 1241 a
3061 1169 3399 1261 frigidm
3446 1189 3607 1242 non
3649 1191 3696 1242 a

2154 1287 2439 1368 calido,
2497 1287 2684 1380 quia
2734 1286 2881 1359 sub
2918 1292 3147 1363 terra
3199 1307 3359 1359 non
3416 1292 3542 1361 est
3572 1307 3698 1360 ca-

2158 1403 2428 1479 liditas
2489 1430 2505 1474 :
2578 1424 2722 1477 nec
2784 1424 2831 1476 a
2900 1404 3224 1496 frigido,
3274 1403 3461 1496 quia
3506 1408 3696 1477 tunc

2155 1541 2341 1596 cum
2406 1524 2585 1595 tota
2676 1525 2904 1593 terra
2971 1520 3081 1595 sit
3159 1519 3460 1610 frigida¹
3528 1524 3703 1594 tota

2156 1638 2481 1711 deberet
2532 1637 2902 1711 converti
2943 1637 3022 1709 in
3066 1655 3385 1728 aquam.

2249 1754 2364 1827 Ad
2397 1753 2864 1847 oppositum
2912 1757 3038 1828 est
3084 1752 3575 1827 Aristoteles
3619 1751 3700 1825 in
3737 1764 4042 1831 Oppositum

2161 1872 2321 1946 isto
2354 1872 2647 1966 primo.

2249 1988 2709 2061 Notandum
2768 1991 2894 2061 est
2935 1986 3065 2060 hic
3125 1987 3419 2080 primo,
3494 1986 3701 2079 quod
3770 1982 4026 2095 ᾖξ’-ΜΝ

2164 2104 2485 2196 quidam
2529 2108 2717 2176 sunt
2749 2103 3037 2186 fontes,
3085 2103 3215 2196 qui
3258 2103 3516 2177 fluunt
3554 2122 3704 2195 per
3735 2107 4047 2157 dicens-'⁰⁸-

2164 2226 2428 2298 totum
2469 2241 2813 2302 annum;
2875 2221 3017 2293 alii
3069 2221 3206 2313 qui
3247 2241 3405 2292 non
3447 2220 3704 2296 fluunt

2166 2341 2594 2430 pertotum
2619 2358 2945 2418 annum,
2985 2338 3116 2409 sed
3147 2337 3705 2414 desiccantur:

2163 2459 2243 2528 et
2269 2454 2625 2537 illorum,
2656 2454 2789 2546 qui
2820 2452 3358 2535 desiccantur,
3389 2453 3708 2546 quidam

2164 2571 2367 2644 fiunt
2397 2591 2494 2643 ex
2530 2591 2739 2662 aqua
2776 2569 3135 2663 pluviali,
3172 2570 3299 2642 vel
3340 2591 3438 2642 ex
3472 2589 3704 2661 aqua,

2167 2708 2342 2779 quae
2379 2686 2744 2762 resoluta
2783 2693 2907 2762 est
2947 2708 3044 2758 ex
3087 2687 3295 2770 nive,
3357 2688 3485 2760 vel
3545 2686 3711 2779 gla-

2166 2803 2313 2883 cie,
2358 2808 2439 2878 et
2486 2803 2624 2877 isti
2690 2823 2851 2875 non
2904 2807 3093 2877 sunt
3148 2803 3327 2876 veri
3392 2801 3703 2881 sontes;
3813 2793 3820 2798 ’

2166 2919 2310 2992 alii
2386 2919 2758 3011 generati
2850 2924 3037 2994 sunt
3102 2941 3200 2991 ex
3279 2939 3492 2999 aere,
3582 2919 3709 2991 vel

2165 3055 2471 3129 vapore
2552 3034 2865 3108 incluso
2929 3035 3147 3109 intra
3218 3041 3555 3115 terram,
3620 3039 3708 3108 ut

2165 3157 2352 3251 post
2391 3152 2819 3233 videbitur,
2866 3156 2946 3227 et
2986 3153 3077 3224 de
3122 3152 3411 3246 primis
3469 3151 3706 3226 fonti-

2166 3273 2312 3345 bus
2379 3291 2537 3343 non
2580 3269 3072 3359 intelligitur
3113 3269 3481 3361 quaestio.

2255 3385 2640 3467 Secunde,
2689 3387 2896 3478 quod
2938 3385 3258 3478 quidam
3304 3390 3492 3460 sunt
3546 3385 3711 3457 fon-

2165 3511 2286 3581 tes
2364 3503 2734 3596 generati
2794 3504 3251 3583 subterra,
3336 3502 3471 3595 qui
3548 3523 3709 3575 non

2164 3622 2462 3695 habent
2538 3620 2807 3692 locum
2880 3618 3404 3691 decliviorem
3465 3640 3712 3711 super

2163 3743 2504 3819 terram,
2559 3756 2705 3831 per
2751 3756 2988 3828 quem
3048 3735 3366 3828 possint
3430 3735 3708 3808 decur-

2165 3876 2373 3937 rere,
2443 3858 2526 3928 et
2578 3854 2786 3929 tales
2842 3844 3348 3944 generantur
3415 3852 3496 3925 in
3552 3858 3710 3927 sta-

2163 3973 2343 4064 gnis
2387 3971 2532 4044 sub
2572 3976 2826 4051 terra,
2862 3976 2942 4044 et
2985 3970 3454 4064 quandoque
3489 3975 3711 4045 stant

2164 4091 2336 4163 sine
2375 4090 2756 4168 decursu,
2786 4088 2920 4160 sed
2946 4089 3418 4180 quandoque
3451 4089 3712 4163 fluunt

2165 4227 2310 4300 per
2367 4207 2543 4279 vias
2596 4205 3200 4287 subterraneas,
3254 4211 3334 4279 et
3397 4207 3713 4280 intra-nt

2162 4342 2389 4394 mare
2432 4322 2509 4394 in
2559 4319 2953 4413 profundo
3035 4320 3235 4412 ejus,
3280 4326 3362 4396 et
3404 4321 3484 4393 in
3534 4321 3710 4395 tali·

2163 4439 2309 4510 bus
2377 4437 2609 4529 aquis
2679 4437 3017 4510 inclusis
3080 4438 3227 4508 sub
3292 4442 3523 4511 terra
3585 4458 3710 4528 ge-

2164 4558 2562 4628 nerantur
2639 4553 2928 4647 pisces,
2990 4557 3072 4626 et
3128 4554 3490 4644 quaedam
3549 4556 3712 4628 alia

2163 4670 2577 4751 animalia,
2651 4691 2826 4762 quae
2905 4674 3244 4762 propter
3309 4670 3709 4744 defectum

2163 4790 2370 4863 lucis
2431 4793 2618 4862 sunt
2693 4808 2932 4868 eaeca,
3007 4786 3309 4879 turpia,
3382 4792 3464 4861 et
3523 4809 3712 4880 quo-

2161 4905 2584 4980 dammodo
2614 4924 3046 4983 venenosa,
3121 4906 3210 4976 ut
3248 4910 3550 4978 narrat·
3585 4909 3713 4978 Se-

2165 5041 2362 5094 neca
2402 5021 2494 5092 de
2538 5019 2882 5112 quadam
2933 5018 3083 5093 tali
3124 5038 3336 5111 aqua
3381 5018 3710 5094 inventa

2167 5136 2313 5208 sub
2354 5141 2608 5215 terra,
2644 5136 2736 5206 de
2779 5135 3010 5228 cujus
3047 5134 3404 5228 piscibus
3448 5156 3707 5208 eome-

2164 5254 2441 5325 dentes
2474 5251 2846 5323 homines
2892 5251 3481 5325 moriebantur.

2252 5368 2415 5443 Alii
2451 5371 2638 5441 sunt
2690 5367 2982 5448 fontes,
3050 5368 3220 5443 sive
3260 5389 3514 5461 aquae,
3566 5369 3711 5440 sub

2165 5492 2419 5567 terra,
2475 5484 2610 5576 qui
2659 5484 2953 5558 habent
2999 5487 3283 5557 locum
3338 5485 3711 5558 declivio-

2169 5623 2366 5684 rem,
2430 5602 2524 5674 ad
2585 5622 2819 5693 quem
2865 5608 3195 5694 possent
3243 5602 3702 5683 decurrere,
