4252 6393
393 1427 412 1448 ⁶
440 1441 581 1476 num.
609 1426 658 1476 8.

732 435 849 499 370

717 599 840 690 gis
863 599 942 668 ct
968 593 1233 667 minus
1256 589 1603 662 :nullum
1627 588 1900 659 autem
1921 584 2086 658 tale
2108 585 2257 664 est,

718 736 864 788 nec
904 708 1361 801 excogitari
1399 709 1664 800 potest
1701 703 2011 796 quidem
2045 700 2262 773 aliud

716 852 764 904 a
808 828 1180 908 materia,
1221 825 1425 917 quod
1479 823 1584 896 sit
1628 821 1912 914 primae
1976 815 2263 890 formae

716 943 1153 1037 susceptio,
1200 959 1382 1014 cum
1440 939 1615 1031 ipsa
1674 936 1778 1008 sit
1848 933 2262 1027 capacitas

716 1061 1079 1155 quaedam
1123 1058 1580 1129 formarum
1615 1051 2046 1125 secundum
2103 1050 2264 1122 Au·

716 1176 1134 1268 gustinum
1179 1172 1547 1246 citatum.

808 1293 1039 1371 Item,
1119 1290 1539 1360 ostensum
1600 1283 1751 1356 fuit
1821 1283 1901 1354 in
1963 1300 2263 1374 praece—

715 1408 929 1479 denti
967 1402 1471 1498 quaestione‘,
1539 1401 1745 1493 quod
1808 1398 2073 1470 forma
2117 1414 2263 1488 per

715 1523 1155 1597 essentiam
1193 1539 1425 1593 suam
1467 1523 1634 1600 est3
1673 1538 1856 1590 cum
1889 1516 2106 1587 enim
2143 1535 2263 1586 ac-

712 1641 1059 1714 tualitas
1126 1640 1412 1711 formae
1479 1656 1639 1708 non
1684 1635 1787 1707 sit
1824 1633 2260 1706 actualitas

714 1757 1013 1838 infima,
1059 1755 1276 1844 (talis
1310 1753 1526 1826 enim
1579 1754 1703 1823 est
1751 1770 1999 1843 prope
2032 1747 2263 1836 nihil)

710 1893 907 1964 ergo
996 1871 1431 1945 actualitas
1521 1867 1809 1941 formae
1896 1863 2260 1937 naturali

714 1988 989 2059 ordine
1042 1984 1598 2078 praesupponit
1643 1983 2068 2061 minorem,
2116 1979 2264 2053 sci-

709 2102 898 2176 licet
937 2101 1330 2180 materiae,
1378 2119 1550 2191 quae
1575 2101 1698 2170 est
1727 2118 1979 2191 prope
2014 2095 2255 2176 nihil;

711 2220 872 2293 imo
909 2217 1199 2299 forma,
1253 2214 1439 2307 quia
1482 2213 1718 2287 habet
1751 2218 1936 2286 ante
1991 2234 2074 2285 se
2135 2235 2263 2284 cu-

702 2333 836 2425 jus
890 2332 994 2404 sit
1055 2336 1310 2410 actus,
1394 2327 1960 2401 essentialiter
2030 2329 2260 2397 actus

710 2447 1033 2520 dicitur.
1095 2447 1250 2516 Per
1322 2443 1785 2536 oppositam
1828 2441 2257 2520 rationem,

712 2584 893 2638 cum
958 2562 1305 2634 materia
1356 2560 1464 2633 sit
1523 2581 1775 2653 prope
1816 2557 2044 2641 nihil,
2102 2578 2262 2629 non

711 2680 947 2752 habet
975 2683 1160 2751 ante
1186 2700 1268 2750 se
1310 2677 1542 2769 cujus
1569 2678 1675 2749 sit
1714 2672 2158 2768 perfectiva
2183 2678 2264 2747 et

706 2796 1383 2874 determinativa3
1439 2794 1640 2867 nihil
1684 2792 1899 2865 enIm
1944 2811 1991 2863 a
2039 2790 2263 2862 nullo

714 2916 1158 3008 perficitur,
1203 2917 1330 2989 vel
1399 2912 2019 2990 determinatur,
2088 2908 2263 2981 ideo

712 3032 1061 3103 materia
1104 3035 1333 3104 actus
1401 3050 1565 3102 non
1607 3030 1877 3121 potest
1915 3024 2095 3097 dici.
2153 3023 2267 3098 Si-

707 3151 843 3221 cut
905 3167 1103 3240 ergo
1165 3145 1436 3221 forma
1491 3165 1637 3240 per
1696 3162 1927 3216 suam
1997 3159 2268 3214 essen-

705 3264 909 3336 tiam
948 3285 1107 3337 non
1170 3286 1317 3359 per
1368 3262 1584 3336 aliud
1622 3283 1707 3333 rc
1752 3259 1849 3332 ab
1899 3278 1995 3330 ca
2052 3257 2269 3329 diffe-

709 3401 927 3463 renS,
1002 3386 1126 3454 est
1199 3384 1432 3454 actus
1511 3377 1939 3471 perficiens
2012 3380 2266 3448 mate-

709 3497 948 3578 riam,
993 3497 1108 3568 sic
1137 3496 1485 3569 materia
1512 3515 1677 3566 sem
1693 3513 1834 3586 per
1859 3512 2002 3586 per
2034 3509 2266 3563 suam

700 3617 1143 3690 essentiam
1221 3618 1343 3687 est
1407 3612 1770 3706 potentia
1857 3610 2269 3703 receptiva

700 3732 1012 3805 formae.

794 3852 1024 3933 Item,
1076 3849 1423 3923 materia
1477 3850 1555 3920 et
1600 3844 1868 3917 forma
1930 3843 2269 3916 realiter

701 3967 800 4040 ab
833 3965 1179 4038 invicem
1211 3963 1618 4041 differunt,
1659 3959 1867 4032 sicut
1914 3963 2143 4032 actus
2185 3960 2263 4030 et

701 4082 1067 4176 potentia
1111 4107 1125 4150 ε
1172 4080 1305 4153 sed
1350 4077 1783 4152 relativum
1843 4076 1937 4148 ad
1988 4094 2266 4148 corre-

701 4198 1045 4272 lativum
1101 4194 1490 4276 refertur,
1541 4194 2018 4286 inquantum
2066 4192 2258 4277 tale,

703 4317 787 4385 ut
831 4313 1101 4385 album
1134 4312 1440 4385 dicitur
1483 4310 1747 4383 simile
1782 4309 2260 4400 inquantum

701 4431 1034 4513 album;
1096 4450 1293 4521 ergo
1366 4428 1715 4503 materia
1784 4428 2260 4519 inquantum

702 4546 1050 4619 materia
1099 4545 1460 4619 refertur
1526 4546 1622 4618 ad
1673 4544 2051 4625 formam,
2128 4541 2261 4614 sed

698 4685 859 4738 non
912 4663 1277 4738 refertur
1320 4665 1415 4737 ad
1456 4664 1847 4742 eamdem,
1921 4661 2078 4734 nisi
2140 4661 2260 4733 in·-

698 4786 1088 4875 quantum
1163 4803 1259 4854 ea
1321 4784 1593 4874 potest
1682 4776 2115 4851 informari
2176 4780 2256 4850 et

689 4917 872 4968 eam
973 4896 1381 4989 recipere;
1490 4915 1689 4987 ergo
1769 4894 2255 4987 inquantum

697 5009 1049 5083 materia
1093 5007 1447 5082 formam
1486 5012 1754 5102 potest
1819 5008 2187 5101 recipere
2237 5031 2250 5075 :

690 5128 760 5200 si
800 5130 1074 5200 autem
1112 5128 1478 5221 potentia
1514 5127 1655 5198 illa
1700 5129 1914 5199 esset
1954 5126 2118 5197 alia
2166 5145 2254 5196 re

689 5242 1145 5323 amateria,
1210 5262 1370 5314 non
1436 5242 1841 5333 reciperet
1915 5240 2254 5333 inquan-

688 5361 863 5431 tum
938 5358 1309 5440 materia,
1372 5357 1558 5449 quia
1623 5357 1987 5431 reductio
2057 5358 2251 5433 dicit

690 5494 1020 5547 causam
1088 5474 1608 5547 essentialem
1669 5473 2087 5567 praedicati
2172 5475 2252 5547 in

692 5592 1085 5684 subjecto,

1880 423 1985 488 DE
2029 420 2296 489 RERUM
2340 409 2733 484 PRINCIPIO

2468 582 2698 662 Item,
2747 580 2813 652 si
2857 571 3048 654 talis
3093 578 3460 672 potentia
3503 598 3590 650 rc
3650 577 3904 652 differ-

2376 704 2580 772 reta
2633 699 3005 779 materia,
3052 719 3232 770 culn
3302 698 3494 771 talis
3557 697 3906 790 potentia

2377 819 2664 891 formae
2709 817 3145 909 receptiva,
3194 815 3302 888 sit
3345 814 3712 908 potentia
3755 813 3907 906 pri-

2379 955 2533 1017 ma,
2602 954 2843 1027 quam
2897 935 3164 1026 potest
3209 932 3385 1024 quis
3432 931 3508 1002 in
3575 929 3910 1004 materia

2377 1052 2824 1146 percipere,
2880 1070 3037 1123 non
3076 1052 3344 1143 potest
3381 1048 3751 1126 alterari,
3797 1047 3911 1118 vel

2376 1169 2621 1241 aliter
2683 1168 3012 1248 mutari,
3077 1166 3235 1239 nisi
3296 1167 3382 1238 ut
3419 1165 3772 1237 formam
3809 1184 3914 1236 re-

2376 1283 2598 1377 cipit,
2672 1283 2822 1355 hoc
2864 1287 2988 1356 est
3022 1283 3177 1354 nisi
3218 1286 3302 1356 ut
3362 1285 3511 1361 est,
3553 1279 3699 1352 sub
3761 1280 3915 1351 for-

2377 1422 2508 1473 ma
2555 1425 2570 1480 ;
2617 1401 2874 1491 igitur
2914 1403 3192 1472 amota
3237 1420 3381 1491 per
3422 1398 3914 1471 intellectum

2377 1517 2519 1590 illa
2561 1517 3016 1589 substantia
3043 1536 3089 1587 a
3126 1517 3490 1609 potentia
3527 1514 3910 1593 materiae,

2378 1655 2654 1727 quaero
2690 1634 2873 1726 quid
2909 1637 3031 1706 cst
3069 1632 3470 1706 materia?
3513 1651 3674 1703 non
3716 1630 3916 1703 acci-

2375 1751 2592 1832 dens,
2641 1770 2824 1823 cum
2870 1751 2974 1822 sit
3011 1769 3203 1842 pars
3242 1746 3767 1829 substantiae;
3802 1767 3917 1820 er-

2375 1886 2477 1959 go
2546 1869 2667 1939 est
2748 1867 3202 1941 substantia
3241 1890 3256 1933 :
3331 1866 3752 1939 ostensum
3799 1864 3913 1937 est

2375 1985 2590 2058 enim
2671 1983 2750 2055 in
2840 1982 3321 2076 praecedenti
3398 1982 3842 2076 quaestione
3865 1983 3907 2060 ⁶,
3964 2023 4113 2071 Qum·

2379 2101 2583 2193 quod
2616 2120 2775 2171 non
2807 2105 2931 2174 est
2964 2100 3192 2180 nihil,
3220 2100 3382 2172 imo
3418 2099 3718 2173 dicitur·
3749 2118 3909 2177 ens,
3973 2091 4018 2134 ‘⁸
4041 2098 4127 2148 ’Ἢ

2375 2222 2455 2290 et
2497 2238 2658 2290 non
2691 2221 2811 2292 est
2845 2216 3230 2312 potentia,
3260 2216 3379 2290 uti
3403 2221 3490 2290 tu
3515 2215 3740 2295 dicis,
3778 2234 3915 2286 nec

2379 2329 2456 2401 in
2503 2330 2868 2422 potentia
2936 2330 3030 2402 ad
3099 2329 3340 2411 aliud,
3387 2328 3546 2400 nisi
3590 2347 3738 2421 per
3790 2345 3918 2419 po-

2377 2447 2745 2530 tentiam,
2793 2467 3032 2541 quam
3067 2447 3149 2520 in
3192 2468 3276 2518 se
3312 2446 3573 2528 habet,
3614 2465 3920 2538 respec-

2378 2565 2462 2635 tu
2498 2561 2719 2634 illius
2749 2588 2762 2642 ;
2791 2583 2992 2654 ergo
3035 2562 3500 2635 necessario
3533 2564 3657 2634 est
3693 2565 3917 2636 actus

2381 2698 2630 2771 purus
2667 2681 2746 2752 in
2780 2701 2925 2753 sua
2956 2680 3340 2754 essentia.

2469 2796 2697 2878 Item,
2748 2797 3153 2889 quodlibet
3204 2796 3504 2870 dicitur
3551 2797 3717 2870 tale
3781 2815 3922 2890 per

2376 2914 2761 2986 naturam
2824 2914 3095 3007 primi,
3160 2917 3246 2986 ut
3324 2934 3504 2986 esse
3572 2913 3919 2986 calidum

2379 3046 2521 3117 per
2553 3034 2933 3104 naturam
2971 3031 3220 3124 primi
3252 3029 3492 3103 calidi
3523 3031 3589 3102 2.
3629 3032 3917 3119 Meeaplz.

2376 3160 2531 3218 text.
2577 3151 2640 3222 4.
2686 3163 2745 3217 ee
2787 3152 2966 3233 inde,
3022 3167 3220 3240 ergo
3259 3147 3522 3223 omnis
3563 3146 3922 3240 particu-

2379 3266 2578 3339 laris
2619 3269 2696 3336 et
2758 3268 3183 3337 contracta
3227 3264 3574 3337 materia
3624 3263 3925 3337 dicitur

2375 3383 2568 3458 talis
2647 3402 2791 3474 per
2850 3385 3232 3453 naturam
3306 3381 3591 3473 primae
3673 3384 3926 3453 mate-

2378 3500 2556 3579 ricc3
2588 3498 2825 3571 sedin
2857 3496 3227 3569 omnibus
3262 3497 3724 3588 generibus,
3758 3498 3926 3571 sive

2375 3617 2453 3689 in
2483 3619 2686 3693 arte,
2730 3613 2896 3686 sive
2927 3613 3005 3685 in
3032 3617 3357 3696 natura,
3398 3613 3592 3687 illud
3624 3615 3926 3688 dicitur

2379 3732 2751 3813 materia,
2792 3733 2992 3824 quod
3026 3732 3116 3803 de
3162 3752 3245 3803 sc
3287 3736 3409 3803 est
3457 3729 3927 3804 indetermi-

2375 3854 2685 3931 natum,
2714 3853 2798 3923 ut
2834 3849 3144 3940 lignum
3181 3852 3551 3941 respectu
3581 3847 3922 3922 scamni.

2374 3969 2455 4039 et
2479 3985 2850 4056 granum,
2888 3971 2970 4039 et
3003 3985 3274 4038 semen
3302 3970 3677 4058 respectu
3714 3966 3928 4039 fruc·

2375 4084 2633 4163 tuum,
2702 4082 2831 4154 vel
2893 4080 3499 4155 membrorum:
3573 4082 3692 4155 ita
3741 4081 3928 4155 dici·

2376 4202 2515 4271 tur
2569 4201 2632 4270 1.
2695 4201 3155 4286 Physicorum,
3226 4211 3386 4266 text.
3431 4199 3541 4271 69.
3614 4200 3929 4289 Subjecta

2372 4325 2619 4381 natura
2648 4314 2901 4382 scibilis
2939 4326 3031 4381 est
3070 4336 3192 4403 per
3228 4315 3616 4402 analoyiam
3647 4316 3743 4382 ad
3791 4316 3931 4400 for-

2372 4451 2566 4509 mam,
2642 4442 2703 4497 ee
2742 4430 2932 4498 habel
2987 4432 3271 4497 materia
3321 4432 3645 4517 informis
3701 4434 3929 4520 prius·

2373 4566 2569 4634 quam
2607 4550 2901 4632 sormam
2937 4548 3286 4635 suscipiat,
3349 4559 3423 4614 ut
3487 4569 3575 4614 oes
3632 4549 3727 4617 ad
3795 4560 3930 4615 sea-

2370 4676 2576 4743 euam,
2615 4663 2870 4751 liynum
2900 4664 2991 4731 ad
3021 4667 3282 4750 lectum3
3330 4683 3531 4755 ergo
3569 4662 3928 4739 materia

2371 4778 2642 4871 prima
2671 4778 2762 4850 de
2793 4779 3113 4852 ratione
3140 4798 3309 4859 sua,
3339 4800 3497 4852 non
3532 4800 3680 4873 per
3707 4768 3927 4853 aliud

2367 4894 2842 4969 distinctum
2899 4915 3010 4976 re,
3072 4899 3198 4969 est
3243 4896 3923 4971 indeterminata:

2370 5012 2503 5083 sed
2525 5010 2676 5083 hoc
2702 5016 3024 5084 estesse
3059 5012 3137 5084 in
3160 5012 3526 5105 potentia
3559 5013 3922 5106 passiva,

2369 5126 2581 5200 sicut
2613 5148 2789 5199 esse
2811 5127 3445 5203 determinatum
3467 5150 3648 5202 esse
3681 5134 3872 5203 actu
3905 5154 3920 5209 ;

2365 5262 2566 5334 ergo
2631 5244 2981 5316 materia
3030 5245 3121 5316 de
3184 5266 3267 5317 se
3326 5250 3451 5320 est
3519 5245 3921 5339 potentia,

2364 5366 2446 5434 et
2489 5361 2568 5433 in
2605 5362 2995 5453 potentia.

2457 5481 2573 5550 Ex
2616 5476 2743 5551 his
2817 5482 3065 5571 patet,
3124 5479 3330 5572 quod
3391 5500 3575 5552 cum
3645 5478 3917 5551 omnis

2365 5594 2528 5667 alia
2575 5594 2850 5688 passio
2895 5595 3003 5669 sit
3037 5595 3116 5666 in
3155 5594 3620 5688 recipiendo
3659 5596 3923 5672 actio-

4019 605 4083 660 ¹0.

4059 5502 4104 5554 ss
