4252 6393
591 389 711 453 684

580 548 1017 624 existentia
1074 572 1257 625 curn
1319 552 1590 645 aliqua
1646 556 1877 647 parte
1928 557 2129 629 tem-

585 668 806 760 poris
856 670 1121 742 nostri
1180 671 1525 765 maJ'ore,
1572 671 1698 744 vel
1748 671 2060 745 minore
2107 701 2120 744 :

582 786 713 857 sed
772 786 1190 871 instantia,
1245 812 1344 862 ex
1386 790 1669 883 quibus
1711 790 2129 884 componi-

582 907 719 977 tur
750 907 1071 997 tempus
1112 906 1579 989 discretum,
1621 930 1774 1000 quo
1815 929 2124 979 mensu-

583 1023 877 1093 rantur
912 1024 1433 1115 operationes
1459 1026 1938 1108 exteriores,
1966 1047 2125 1099 non

584 1141 768 1210 sunt
842 1140 1030 1213 talis
1090 1142 1578 1216 conditionis
1644 1169 1656 1211 :
1723 1144 1863 1215 illa
1911 1143 2123 1215 enim

587 1256 981 1331 instantia
1051 1264 1234 1332 sunt
1317 1261 1870 1344 indivisibilia,
1954 1266 2128 1337 tota.

585 1375 827 1446 simul
869 1375 1328 1459 existentia,
1371 1378 1583 1451 inter
1617 1402 1698 1451 se
1734 1379 2111 1462 discreta,

586 1491 793 1563 sicut
841 1492 1230 1565 instantia
1273 1495 1635 1587 praedicti
1685 1498 2120 1590 temporis3

585 1609 717 1680 sed
750 1630 905 1681 non
942 1616 1127 1683 sunt
1166 1615 1747 1704 permanentia,
1785 1636 1927 1688 nee
1968 1637 2125 1688 mo-

586 1745 761 1796 ram
804 1724 1160 1817 aliquam
1223 1728 1626 1811 habentia,
1684 1732 1813 1802 sed
1859 1733 2123 1804 subito

579 1843 1119 1924 transeuntia,
1195 1843 1404 1918 sicut
1468 1846 1660 1937 ipsse
1723 1848 2124 1940 applican-

582 1962 718 2031 tur
759 1960 851 2030 a‹l
898 1961 1187 2042 locum,
1244 1967 1320 2033 et
1367 1963 1632 2034 subito
1679 1964 1754 2035 in
1810 1966 2125 2038 ratione

578 2076 1153 2169 applicationis
1177 2083 1629 2154 transeunt.
1660 2083 1876 2164 Quod
1910 2082 2124 2155 enim

578 2196 2124 2291 Angelus‚postapplicationemfactam

582 2310 661 2383 in
697 2309 1033 2386 instanti
1070 2315 1164 2386 ad
1197 2315 1489 2396 locum,
1533 2316 1608 2387 in
1642 2317 1918 2389 eodem
1954 2339 2124 2410 per-

583 2432 925 2511 severet,
1009 2431 1199 2503 talis
1274 2433 1910 2525 perseverantia,
2000 2438 2122 2508 vel

579 2546 771 2619 talis
828 2547 1051 2639 quies
1103 2549 1481 2621 coexistit
1538 2553 1751 2642 parti
1816 2558 2124 2645 tempo-

584 2663 698 2735 ris
733 2665 1023 2746 nostri,
1065 2670 1334 2739 tamen
1368 2689 1526 2739 non
1565 2675 2117 2753 mensuratur,

576 2780 824 2853 etiam
884 2802 1025 2874 per
1075 2783 1443 2855 accidens
1490 2806 1631 2877 per
1674 2785 1894 2857 illam
1943 2808 2121 2879 par-

578 2902 739 2970 tem
775 2901 1173 2992 temporis
1214 2903 1505 2985 nostri,
1544 2903 1669 2976 cui
1706 2905 2115 2979 coexistit.

577 3015 825 3107 Cujus
898 3017 1110 3090 ratio
1178 3024 1336 3099 est,
1412 3019 1597 3111 quia
1669 3020 1807 3092 illa
1890 3027 2119 3114 parte

579 3133 971 3226 temporis
1033 3156 1188 3208 non
1248 3135 1398 3211 fuit
1466 3139 1819 3228 Angelus
1880 3144 2116 3233 aptus

577 3255 815 3324 natus
870 3252 1178 3324 moveri
1224 3256 1444 3324 motu
1493 3255 1877 3328 continuo
1923 3285 1936 3327 :
1988 3259 2120 3330 sed

581 3362 718 3434 illa
782 3366 1006 3456 quies
1059 3367 1392 3460 proprie
1450 3371 1567 3458 (ut
1626 3370 1901 3443 ‹licunt
1958 3372 2121 3459 isti)

582 3489 1105 3555 mensuratur
1159 3507 1299 3577 per
1349 3488 1717 3560 accidens
1763 3511 1904 3582 per
1967 3491 2119 3562 ins·

579 3605 759 3672 tans
805 3620 1312 3691 permanenS,
1379 3625 1533 3696 quo
1574 3613 2122 3680 ·1nensuratur

578 3716 1023 3791 intellectio
1070 3720 1378 3810 Angeli.
1432 3723 1659 3793 Mora
1705 3723 1916 3794 enim
1966 3727 2121 3796 ,xn-

576 3833 734 3934 geli
772 3835 850 3907 in
883 3857 1038 3908 uno
1073 3837 1250 3909 loco
1287 3839 1655 3930 sequitur
1686 3840 1859 3932 ejus
1899 3842 2122 3916 intel·

577 3950 1033 4035 lectionem,
1092 3975 1225 4026 seu
1278 3956 1889 4044 cogitationem,
1948 3980 2121 4049 quae.

585 4089 960 4141 mensura
995 4076 1141 4151 est,
1180 4092 1337 4143 non
1369 4093 1592 4144 mora
1634 4074 2117 4157 successiva,

582 4188 715 4259 scd
776 4189 1358 4280 permanentia,
1416 4192 1500 4261 ut
1560 4189 1749 4261 dixi.
1814 4192 2126 4264 Instan-

585 4305 695 4378 tia
766 4327 998 4396 ergo,
1074 4329 1169 4377 ex
1240 4307 1525 4397 quibus
1586 4309 2124 4382 constituitur

581 4423 900 4511 tempus
985 4421 1465 4503 discretum,
1558 4445 1713 4514 quo
1807 4446 2124 4496 mensu-

583 4542 872 4610 rantur
917 4539 1429 4630 operationes
1475 4542 1930 4615 exteriores
1976 4546 2124 4614 ,ln—

578 4653 762 4745 geli,
813 4658 1000 4727 sunt
1044 4653 1586 4740 indivisibilia,
1638 4662 1806 4732 tota
1853 4659 2118 4740 simul,

575 4791 733 4843 non
781 4773 1366 4863 permanentia,
1410 4774 1540 4844 sed
1586 4774 1852 4847 subito
1907 4781 2123 4849 tran-

576 4887 895 4961 seuntia
931 4914 943 4956 :
984 4887 1063 4960 in
1100 4909 1255 4979 quo
1303 4893 1617 4982 tempus
1651 4891 2118 4976 discretum,

577 5026 734 5097 quo
782 5009 1388 5087 mensurantur,
1462 5005 1730 5079 ‹list‘ert
1801 5008 1898 5079 al)
1969 5010 2124 5080 ins-

575 5122 959 5204 tantibuS,
1008 5145 1105 5194 ex
1163 5122 1446 5214 quibus
1508 5124 2124 5199 constituuntur

579 5241 1097 5332 operationes
1134 5241 1573 5314 interiores
1610 5243 1917 5330 Angeli,
1949 5266 2120 5335 qua}

580 5360 765 5428 sunt
800 5357 1186 5430 instantia
1228 5360 1812 5450 permanentia,
1852 5365 1930 5432 et
1969 5383 2126 5433 mo·

581 5493 759 5545 ram
813 5474 1225 5556 habentia,
1290 5480 1366 5548 et
1434 5476 1605 5548 ideo
1660 5478 2121 5551 coexistunt

586 5589 798 5681 parti
858 5592 1122 5664 nostri
1174 5593 1596 5686 temporis,
1667 5592 1803 5665 illa
1848 5599 2121 5666 autem

1827 396 1873 458 E
1904 396 2168 460 RERUM
2214 394 2600 459 PRINClPlO

2243 556 2708 631 coexistunt
2759 557 3023 629 solum
3071 553 3559 628 instantibus
3603 574 3788 627 nos-

2246 673 2353 745 tri
2397 674 2822 766 temporis.

2331 792 2491 862 Nec
2567 790 2724 864 ista
2795 788 3188 864 instantia
3257 809 3417 861 non
3480 809 3789 882 perma-

2240 907 2515 981 nentia
2574 906 2869 980 habent
2929 905 3625 980 continuationem
3683 907 3789 978 in-

2237 1025 2366 1093 ter
2412 1044 2520 1103 se,
2569 1023 2756 1115 quia
2799 1023 3014 1095 inter
3053 1023 3205 1093 ‹luo
3251 1021 3643 1096 instantia
3678 1026 3788 1095 ta-

2237 1138 2352 1209 les
2401 1138 2899 1213 mutationes
2960 1138 3420 1213 exteriores
3477 1159 3787 1212 mensu-

2244 1257 2536 1338 rantia,
2586 1279 2912 1330 necesse
2962 1262 3087 1331 est
3136 1278 3434 1351 ponere
3470 1278 3782 1330 moram

2240 1373 2596 1466 aliquam
2668 1374 2954 1466 Angeli
3019 1376 3096 1448 in
3158 1375 3295 1448 illo
3369 1376 3575 1459 loce,
3658 1375 3784 1448 eui

2242 1512 2325 1561 se
2392 1491 2869 1584 applicavit,
2954 1513 3096 1584 per
3173 1512 3416 1584 quam
3464 1512 3784 1564 moram

2239 1610 2897 1683 ‹liscontinuatur
2961 1633 3116 1683 una
3176 1612 3618 1706 applicatio
3691 1613 3786 1683 ab

2241 1728 2427 1810 alia,
2503 1730 2712 1802 sicut
2786 1734 3052 1804 motus
3129 1730 3787 1803 ‹liscontinuatur

2247 1866 2387 1938 per
2455 1845 2806 1936 quietem
2880 1847 3248 1919 mediam.

2332 1962 2408 2032 Si
2478 1962 2694 2035 dicas
2758 1965 2961 2054 quod
3034 1965 3465 2036 secundum
3542 1963 3781 2036 istam

2243 2079 2756 2171 positionem,
2806 2080 3014 2154 sicut
3050 2081 3493 2155 intellectio
3531 2081 3782 2170 Ange·

2239 2196 2396 2269 lica
2457 2197 2544 2269 lit
2614 2196 2888 2280 simul,
2951 2202 3031 2271 et
3096 2198 3172 2269 in
3238 2194 3604 2277 instanti,
3669 2194 3783 2266 sie

2240 2314 2682 2407 applicatio
2751 2316 2926 2407 ejus
2997 2316 3090 2387 ad
3149 2313 3780 2387 determinatum

2238 2431 2504 2503 locum
2551 2436 2719 2505 tota
2760 2436 2843 2505 lit
2890 2433 3130 2505 simul
3164 2437 3243 2507 et
3290 2433 3368 2505 in
3411 2432 3778 2505 insta-nti.

2241 2553 2340 2623 Et
2400 2551 2608 2625 sicut
2669 2556 2853 2644 post
2914 2551 3554 2626 intellectionem
3625 2551 3784 2624 fac·

2239 2672 2401 2741 tam
2462 2670 2540 2740 in
2587 2670 2951 2752 instanti,
3013 2670 3368 2759 Angelus
3415 2690 3785 2762 perseve-

2238 2790 2369 2858 rat
2432 2787 2509 2857 in
2574 2807 2728 2857 una
2800 2786 3382 2867 intellectione,
3448 2785 3784 2878 proprie

2235 2901 2369 2973 illa
2407 2923 2560 2973 una
2598 2902 3040 2976 intellectio
3078 2906 3604 2976 mensuratur
3631 2903 3784 2974 ins-

2238 3019 2441 3092 tanti
2483 3024 3029 3112 permanente,
3059 3039 3375 3093 moram
3409 3019 3778 3102 habente,

2236 3136 2604 3229 quamvis
2667 3138 3071 3211 successio
3137 3137 3780 3212 intellectionum

2234 3259 2603 3347 tempore
2636 3255 2988 3327 discreto
3022 3255 3480 3347 composita
3510 3276 3606 3326 ex
3638 3255 3785 3326 ins-

2238 3371 2595 3445 tantibus
2657 3372 3319 3465 permanentibus
3378 3392 3783 3443 mensure·

2237 3491 2373 3558 tur
2417 3516 2427 3557 :
2479 3489 2594 3561 sic
2633 3491 2811 3580 post
2854 3488 3489 3581 applicationem
3533 3490 3784 3579 Ange-

2237 3605 2289 3675 li
2352 3604 2652 3677 factam
2719 3606 2794 3678 in
2860 3627 3014 3677 uno
3072 3607 3253 3678 loco
3313 3607 3387 3677 in
3445 3606 3780 3679 instanti

2239 3723 2591 3812 Angelus
2629 3726 3125 3816 perseverat,
3162 3722 3285 3794 vel
3333 3723 3622 3815 magiS,
3655 3722 3780 3794 vel

2239 3839 2530 3921 minus,
2579 3840 3010 3911 secundum
3057 3839 3261 3932 quod
3309 3840 3480 3912 vult
3525 3839 3607 3912 in
3656 3860 3780 3911 eo·

2236 3957 2411 4028 (lem
2458 3957 2658 4029 loco.
2709 3959 2807 4031 Et
2851 3957 3023 4029 ideo
3067 3957 3390 4030 videtur
3436 3957 3640 4049 qnod
3684 3955 3784 4027 si-

2237 4077 2371 4146 cut
2433 4071 2844 4147 inchoatio
2899 4074 3499 4157 intellectioniS,
3542 4077 3622 4148 et
3667 4077 3782 4147 to-

2237 4193 2312 4257 ta
2366 4209 2596 4260 mora
2635 4189 3214 4261 intellectionis
3256 4192 3785 4261 mensuratur

2237 4326 2394 4376 uno
2441 4305 2774 4378 instanti
2843 4306 3375 4398 permanenti,
3477 4306 3591 4377 sic
3653 4325 3784 4397 ap-

2240 4421 2570 4514 plicatio
2623 4422 2716 4492 ad
2767 4443 3010 4494 unum
3064 4423 3356 4501 locum,
3420 4426 3501 4495 et
3553 4442 3780 4493 mora

2239 4538 2406 4609 sive
2469 4539 3082 4629 perseverantia
3148 4539 3224 4609 in
3284 4538 3559 4610 eodem
3602 4538 3783 4608 loco

2241 4660 2763 4728 mensuretur
2825 4675 2980 4727 uno
3057 4655 3393 4728 instanti
3469 4674 3783 4747 perma-

2237 4775 2499 4843 nente.

2331 4888 2549 4971 Dico,
2605 4890 2809 4980 quod
2861 4910 3016 4961 non
3069 4892 3193 4961 est
3245 4889 3543 4970 simile;
3592 4890 3782 4982 quia

2239 5006 2592 5098 inceptio
2630 5005 3204 5079 intellectionis
3247 5011 3326 5080 et
3367 5004 3784 5079 continua-

2237 5123 2377 5203 tio,
2428 5122 2594 5193 sive
2632 5143 2862 5194 mora
2893 5121 3276 5214 ejusdem,
3314 5121 3439 5194 vel
3470 5143 3783 5214 perma-

2238 5241 2504 5315 nentia
2602 5240 3202 5323 intellectionis,
3286 5246 3551 5316 totum
3630 5240 3781 5314 hoc

2235 5365 2356 5431 est
2402 5358 2617 5432 actio
2665 5359 3026 5450 quaeuam
3073 5360 3571 5440 continuata,
3611 5357 3782 5430 ideo

2239 5483 2764 5552 mensuratur
2804 5479 3078 5551 eadem
3143 5498 3549 5560 mensura,
3607 5498 3784 5570 quae

2237 5603 2359 5669 est
2410 5598 2724 5670 instans
2773 5616 3293 5688 permanens;
3350 5597 3482 5669 sed
3532 5595 3785 5689 appli-

3926 1976 3998 2024 31.

3812 2039 4032 2100 objectio
4062 2038 4101 2086 l.

3862 4914 4081 4964 Solane.
