4252 6393
643 405 763 472 348
994 461 999 466 .
1814 408 1920 472 Dn
1961 406 2225 473 RERUM
2268 405 2658 473 PRINCIPIO

633 574 804 646 tate
835 570 1120 644 formae
1153 570 1620 653 fundantur,
1653 573 1735 644 et
1767 567 2183 644 stabiliun-

634 693 796 763 tur.
873 687 1101 763 Sicut
1165 708 1365 780 ergo
1435 689 1504 760 si
1570 689 1788 762 Deus
1855 690 2182 764 crearet

632 805 993 899 aliquam
1070 824 1349 880 ceram
1427 805 1831 899 impressa
1906 803 2183 896 aliqua

632 922 1019 1013 imagine,
1090 923 1277 1000 dato
1349 921 1600 996 etiam
1672 921 1878 1013 quod
1955 921 2182 994 circa

630 1059 792 1112 non
850 1042 1128 1132 posset
1183 1039 1544 1112 existere
1603 1038 1776 1111 sine
1842 1039 2179 1133 impres-

631 1155 882 1239 sione,
936 1176 1082 1228 nec
1150 1178 1193 1231 6
1260 1155 1711 1237 contrario,
1796 1154 1935 1226 illa
1986 1174 2179 1227 cera

627 1293 788 1345 non
857 1269 1193 1347 haberet
1252 1274 1351 1345 ab
1410 1273 1552 1345 illa
1607 1271 2172 1364 impressione,

631 1390 837 1481 quod
908 1395 1125 1464 esset
1197 1409 1414 1470 cera,
1492 1390 1627 1462 sed
1694 1387 2060 1460 effective
2128 1406 2175 1459 a

625 1507 818 1589 Deo,
864 1510 944 1582 et
985 1508 1452 1582 formaliter
1512 1505 1609 1578 ab
1658 1510 1843 1579 actu
1896 1503 2174 1600 impri-

626 1623 888 1697 mendi
930 1624 1263 1704 haberet
1296 1626 1458 1698 tale
1504 1645 1706 1705 esse,
1751 1627 1945 1717 puta
1979 1623 2173 1696 ima-

626 1740 839 1832 ginis
892 1741 1148 1813 Pauli.
1208 1744 1333 1817 Ita
1394 1741 1741 1815 materia
1802 1739 2171 1832 quamvis

625 1855 867 1929 simul
940 1862 1220 1931 creata
1290 1857 1396 1930 sit
1465 1857 1608 1930 sub
1669 1856 1961 1937 forma,
2024 1875 2169 1928 nec

622 1993 976 2065 unquam
1042 1975 1491 2047 denudatur
1556 1993 1676 2051 ea,
1752 1972 1961 2065 quod
2035 1970 2169 2043 ha-

620 2089 803 2164 beat
862 2089 1027 2163 tale
1084 2111 1286 2171 esse,
1360 2093 1450 2163 ut
1516 2089 1694 2161 coeli
1748 2092 1827 2161 et
1888 2091 2162 2170 terrae,

619 2203 858 2279 habet
891 2226 939 2278 a
971 2205 1240 2279 forma
1273 2209 1739 2287 concreata,
1773 2205 1902 2277 vel
1935 2224 2165 2295 gene·

619 2326 841 2402 rata;
909 2322 1042 2395 sed
1110 2322 1314 2414 quod
1385 2321 1491 2395 sit
1560 2342 1702 2393 ens
1772 2319 2163 2412 quoddam

616 2443 806 2510 actu
849 2437 1321 2512 distinctum
1354 2443 1647 2513 contra
1681 2458 1842 2511 non
1874 2438 2162 2513 entita-

617 2558 780 2627 tem
822 2553 1082 2636 nihili,
1127 2560 1207 2628 et
1240 2554 1541 2627 habens
1591 2561 1865 2630 actum
1896 2576 2160 2628 essen-

614 2670 691 2742 di
751 2671 972 2744 ultra
1027 2670 1458 2746 entitatem
1518 2672 1918 2753 essentiae,
1984 2691 2159 2765 quae

617 2786 881 2858 solum
937 2787 1273 2881 respicit
1328 2789 1585 2861 Deum
1650 2793 1736 2862 ut
1794 2809 2154 2871 causam,

287 2929 341 3000 s.
383 2930 573 2982 Tuom.
613 2922 775 2976 non
833 2904 1073 2981 habet
1132 2927 1179 2979 a
1237 2907 1531 2988 forma,
1604 2908 1762 2980 nisi
1818 2907 2034 2982 forte
2078 2909 2159 2981 in

258 2992 577 3119 ῗξζὲῖξὲωῗᾶ
610 3025 1259 3108 conservatione,
1297 3027 1731 3099 secundum
1774 3026 1983 3110 illos,
2022 3027 2157 3119 qui

277 3117 333 3169 ²·
369 3117 428 3170 ‘¹‘
465 3117 548 3170 ¹²·
606 3138 909 3223 dicunt,
966 3141 1173 3233 quod
1215 3161 1377 3214 non
1434 3146 1706 3236 potest
1764 3163 1965 3228 esse,
2030 3145 2157 3218 vel

600 3254 781 3328 fieri
847 3255 1019 3328 sine
1058 3254 1350 3330 forma.

378 3388 426 3437 ⁴.
695 3373 886 3445 Haec
918 3376 1043 3446 est
1087 3373 1493 3447 sententia
1534 3373 1970 3464 Augustini
2014 3374 2149 3447 lib.

256 3475 275 3496 ⁶
298 3475 422 3543 ⁶⁸¹²·
454 3474 538 3529 ¹⁸·
601 3492 692 3565 de
726 3496 1026 3565 natura
1057 3490 1243 3564 boni
1267 3493 1315 3561 ¹.
1352 3494 1589 3579 Hylam
1619 3493 1768 3560 dico
1797 3495 2154 3581 quamdam

596 3612 868 3698 penitus
898 3611 1279 3695 informem,
1316 3620 1375 3675 et
1403 3610 1551 3675 sine
1588 3611 1911 3696 qualitate
1942 3622 2151 3677 mate-

601 3727 801 3807 riam,
836 3726 1015 3793 unde
1045 3727 1191 3792 istae
1237 3746 1400 3812 quas
1434 3726 1758 3791 sentimus
1796 3727 2151 3812 qualitates

598 3843 1009 3927 formantur.
1075 3840 1174 3911 Et
1242 3836 1517 3909 infra:
1589 3840 1749 3915 Quoe
1803 3837 2146 3924 (scilicet

602 3953 980 4044 materia)
1021 3977 1156 4023 non
1183 3978 1307 4044 per
1343 3957 1643 4043 aliquam
1679 3958 1963 4043 speciem
1996 3978 2143 4023 sen·

601 4072 744 4152 tiri,
794 4070 910 4137 sed
955 4092 1079 4157 per
1133 4071 1582 4138 omnimodam
1630 4073 1873 4159 speciei
1910 4075 2143 4159 priva-

600 4188 845 4253 tionem
876 4188 1165 4273 coqitari
1201 4189 1323 4253 vix
1356 4198 1590 4273 potest,
1654 4189 1845 4255 habet
1875 4192 2052 4256 enim
2082 4201 2145 4255 et

600 4306 753 4391 ipsa
792 4304 1226 4391 capacitatem
1254 4306 1633 4389 formarum
1675 4333 1695 4370 .·
1737 4328 1893 4373 nam
1930 4309 1991 4372 si
2034 4329 2143 4374 ca-

595 4440 754 4506 pere
804 4420 1179 4506 impositam
1242 4419 1324 4485 ab
1361 4421 1625 4504 artifice
1666 4424 1957 4507 sormam
2006 4445 2144 4491 non

595 4545 841 4621 posset,
913 4555 1033 4601 nec
1096 4536 1407 4602 materies
1482 4539 1707 4625 utique
1779 4539 2135 4608 diceretur.

595 4650 811 4714 Porro
858 4651 919 4716 si
964 4650 1205 4717 bonum
1252 4653 1529 4739 aliquod
1573 4664 1665 4719 est
1702 4656 1953 4739 forma,
1985 4678 2144 4743 pro-

595 4766 905 4833 culdubio
955 4767 1197 4834 bonum
1238 4770 1515 4856 aliquod
1558 4782 1650 4837 est
1699 4773 1901 4837 etiam
1940 4794 2143 4859 capa-

596 4886 762 4951 citas
792 4885 1051 4971 sormoe.
1105 4885 1235 4958 Sic
1288 4885 1545 4975 igitur
1589 4890 1810 4978 patet
1852 4893 2144 4961 contra

596 5001 1029 5077 entitatem
1072 5001 1441 5076 materiae
1502 5002 1711 5075 falsa
1754 5003 2144 5095 imagina-

596 5119 739 5192 tio.

685 5236 985 5310 Deinde
1032 5237 1414 5310 videndus
1467 5241 1699 5310 actus
1747 5238 2140 5320 materiae,

277 5353 517 5465 Μαξὲήα
591 5357 673 5426 et
706 5357 962 5435 actus,
1000 5352 1135 5445 qui
1167 5352 1467 5426 dicitur
1500 5351 1952 5426 formarum
1994 5354 2146 5426 dis-

309 5480 522 5591 ggffnm
599 5466 913 5540 tincti0.
952 5467 1189 5541 Circa
1224 5467 1432 5559 quod
1467 5467 1900 5547 sciendum,
1938 5469 2143 5560 quod

310 5602 463 5654 nate:
608 5584 956 5656 materia
987 5589 1113 5659 est
1156 5584 1235 5656 in
1268 5587 1483 5667 actu,
1522 5586 1653 5657 scd
1684 5584 1986 5658 nullius
2019 5592 2143 5660 est

2293 571 2553 650 actus,
2588 573 2713 644 est
2759 567 3152 661 quoddam
3194 566 3276 641 in
3324 571 3541 648 actu,
3586 571 3675 642 ut
3710 570 3827 644 est

2294 707 2426 758 res
2460 686 2822 779 quaedam
2855 690 3095 760 extra
3123 684 3352 767 nihil,
3390 689 3472 760 et
3502 685 3826 760 effectus

2291 803 2463 886 Dei,
2538 807 2618 878 et
2674 802 3077 877 terminus
3119 802 3593 877 creationis.
3649 803 3828 877 Nul-

2287 919 2448 994 lius
2516 941 2715 993 vero
2784 924 2910 994 est
2977 924 3210 993 actus
3285 943 3299 989 :
3374 925 3574 1001 tum,
3646 919 3826 1013 quia

2292 1037 2468 1130 ipsa
2500 1042 2626 1112 est
2657 1037 3266 1110 fundamentum
3315 1036 3679 1108 omnium
3710 1055 3827 1109 ac-

2289 1158 2574 1236 tuum;
2649 1158 2849 1236 tum,
2922 1152 3110 1245 quia
3180 1172 3327 1225 sua
3394 1151 3826 1225 actualitas

2289 1268 2591 1342 nullius
2627 1274 2752 1344 est
2794 1269 3144 1361 generis,
3190 1288 3285 1343 ac
3328 1288 3473 1362 per
3500 1268 3655 1341 hoc
3687 1287 3825 1341 nec

2287 1390 2562 1460 actum
2604 1387 2958 1478 aliquem
2997 1387 3190 1459 dare
3240 1389 3510 1478 potest
3565 1408 3580 1454 ε
3626 1388 3822 1468 tum,

2288 1504 2476 1596 quia
2537 1504 2605 1577 si
2665 1502 3013 1594 alicujus
3065 1504 3282 1574 esset
3332 1504 3591 1581 actus,
3637 1498 3828 1575 illud

2285 1615 2623 1690 haberet
2667 1617 2932 1689 minus
2980 1614 3070 1688 de
3120 1613 3487 1695 entitate,
3554 1616 3826 1686 tamen

2283 1753 2381 1804 ex
2444 1753 2601 1824 quo
2663 1737 2937 1806 actum
2993 1730 3418 1824 reciperet,
3464 1750 3824 1803 necessa-

2284 1849 2412 1921 rio
2455 1849 2807 1942 aliquem
2849 1852 3121 1922 actum
3167 1846 3529 1928 haberet,
3575 1851 3656 1921 et
3686 1867 3823 1919 ens

2283 1971 2469 2041 actu
2504 1970 2743 2047 esset,
2789 1970 2876 2039 ut
2922 1964 3352 2059 probatum
3387 1966 3511 2036 est
3542 1964 3633 2036 de
3669 1983 3823 2035 ma·

2280 2083 2528 2163 teria;
2578 2081 2772 2154 illud
2829 2084 3102 2153 autem
3156 2079 3610 2153 diceremus
3665 2098 3822 2152 ma-

2277 2200 2603 2280 teriam,
2649 2203 2728 2270 et
2770 2197 2967 2270 illud
3027 2198 3233 2288 quod
3292 2197 3491 2270 dicis
3546 2201 3819 2272 actum

2274 2316 2449 2409 ejus
2490 2315 2944 2387 diceremus
2992 2312 3369 2384 formam.
3426 2314 3573 2387 Est
3619 2331 3817 2404 ergo

2273 2454 2415 2506 ens
2447 2435 2663 2513 actu,
2712 2434 2799 2503 ut
2841 2434 2966 2505 est
3017 2429 3420 2505 terminus
3470 2429 3820 2505 creatio·

2272 2552 2424 2631 nis,
2472 2550 2765 2624 saltem
2813 2548 2896 2620 in
2935 2546 3423 2640 composito,
3469 2547 3605 2618 sed
3652 2547 3821 2618 nul-

2270 2664 3819 2756 liusestactus.Formaetiamestquod-

2267 2786 2451 2857 dam
2485 2783 2563 2856 in
2617 2788 2830 2866 actu,
2863 2788 2943 2857 et
2982 2786 3106 2855 est
3165 2780 3510 2854 alterius
3559 2783 3819 2863 actus,

2274 2900 2590 2974 scilicet
2634 2899 3030 2980 materiae,
3076 2902 3155 2971 et
3197 2896 3454 2972 totius
3497 2915 3819 2989 compo·

2274 3018 2438 3100 siti,
2513 3016 2885 3109 quamvis
2947 3015 3193 3089 aliter
3250 3018 3330 3087 et
3399 3014 3668 3095 aliter,
3734 3018 3821 3088 ut

2271 3134 2478 3209 alias
2527 3133 2844 3207 dicetur
2892 3158 2907 3203 ε
2953 3133 3223 3206 forma
3273 3132 3524 3207 etia-m
3564 3135 3691 3206 est
3741 3131 3820 3204 in

2270 3258 2494 3336 actu,
2609 3253 3090 3344 inquantum
3192 3253 3318 3321 est
3416 3247 3820 3323 terminus

2270 3369 2745 3451 creationiS,
2799 3368 2929 3439 vel
2990 3365 3399 3448 factioniS,
3448 3367 3819 3457 quamvis

2268 3506 2422 3559 non
2460 3485 2620 3558 nisi
2663 3485 2744 3557 in
2789 3482 3273 3576 composito,
3320 3480 3509 3575 quia
3551 3483 3819 3556 solum

2264 3602 2812 3696 compositum
2867 3621 3011 3694 per
3063 3621 3146 3672 se
3199 3602 3671 3691 generatur,
3729 3604 3817 3674 ut

2261 3719 2609 3793 habetur·
2667 3722 2733 3793 7.
2797 3721 3233 3809 Metaphysic.
3301 3730 3462 3787 text.
3522 3718 3635 3789 23.
3697 3719 3812 3792 26.

2259 3851 2320 3907 et
2343 3839 2637 4027 123⁷iirert
2682 3952 2929 4028 etiam
2984 3949 3358 4032 materia,
3415 3952 3503 4024 ut
3550 3953 3678 4024 est
3724 3950 3805 4022 in

2253 4191 2485 4268 actu;
2532 4187 2749 4279 (quia
2790 4185 2926 4260 ille
2966 4190 3223 4267 actus,
3270 4206 3505 4277 quem
3555 4184 3799 4260 habet

2256 4304 2605 4377 materia
2626 4307 2753 4377 est
2773 4303 3230 4385 distinctus,
3256 4306 3538 4395 utpote
3563 4304 3805 4375 ambo

2255 4426 2644 4514 tanquam
2736 4420 2995 4493 realia
3103 4420 3509 4513 principia
3616 4422 3811 4492 sunt

2254 4544 2565 4629 creata)
2599 4539 2758 4619 ille,
2791 4537 3144 4629 inquam,
3176 4540 3406 4609 actus
3436 4536 3809 4610 materiae

2254 4659 2379 4731 est
2424 4654 2766 4728 minoris
2802 4651 3356 4747 perfectionis,
3395 4672 3635 4745 quam
3679 4673 3808 4725 ac-

2255 4769 2596 4845 tualitas
2665 4769 3251 4862 cujuscumque
3326 4766 3641 4848 formae,
3725 4770 3809 4841 et

2252 4892 2377 4961 est
2411 4888 2490 4958 in
2527 4887 2893 4979 potentia
2928 4889 3014 4958 ut
3054 4906 3196 4978 per
3226 4884 3579 4957 formam
3614 4890 3801 4959 actu

2255 5005 2743 5077 existentem
2824 5003 3323 5095 perficiatur,
3395 5006 3475 5075 et
3543 5022 3702 5074 non
3762 5022 3805 5073 e

2256 5118 2706 5194 contrario.

2346 5235 2637 5308 Diffcrt
2659 5234 2935 5315 etiam,
2966 5234 3154 5326 quia
3187 5234 3327 5307 illa
3360 5233 3801 5308 actualitas

2260 5350 2628 5425 matoriae
2680 5350 3009 5423 omnino
3066 5355 3189 5425 est
3233 5351 3802 5424 indetermina-

2259 5470 2364 5547 ta,
2402 5466 2703 5538 nullius
2737 5468 3060 5558 generis
3119 5468 3243 5540 vel
3280 5468 3602 5562 speciei,
3638 5467 3800 5541 nisi

2260 5605 2403 5678 per
2434 5584 2982 5659 reductionem
3015 5585 3108 5658 ad
3141 5604 3395 5679 genus
3434 5585 3800 5671 substan-

2253 4074 2468 4153 actu,
2528 4070 2656 4142 vel
2707 4073 2795 4143 ut
2852 4068 3086 4141 ambo
3137 4066 3431 4141 habent
3483 4086 3662 4139 esse
3717 4068 3797 4142 in
3820 4026 4117 4157 [Ῑῗὲἶῖαῗοῖ

3823 4168 3882 4208 tu
3954 4154 4116 4215 [orm
