4252 6393
457 3621 544 3673 25.

700 400 818 463 220
1896 400 2039 469 [ΑΒ.
2091 407 2191 468 IV.
2241 400 2783 468 Mss'raououuM

697 561 814 636 dit
846 565 1207 640 calorem
1252 569 1758 643 interiorem.
1811 572 1910 641 Et
1960 588 2234 639 secun·
2352 587 2750 658 equorum
2846 588 3163 659 vespas,
3237 572 3325 641 ut
3392 565 3588 641 dicit
3656 569 3886 640 Com-

695 678 794 752 do
859 683 1150 758 accidit
1207 684 1706 760 humefactio
1763 684 2236 779 putrefacti·
2351 689 2764 758 mentator
2799 688 2867 757 2.
2913 687 3201 774 Melapla.
3271 688 3351 757 et
3404 706 3501 756 ex
3546 685 3882 759 cerebro

693 796 877 869 bilis
941 800 1018 871 in
1064 804 1602 894 superficiem,
1694 805 1925 896 cujus
1985 822 2234 875 causa
2348 799 2768 873 hominum
2808 801 3173 883 bufones,
3218 806 3300 875 et
3359 822 3456 873 ex
3499 802 3883 875 carnibus

692 920 846 997 est,
886 918 1074 1008 quia
1104 917 1544 995 humiditas
1592 921 2035 994 intrinseca
2071 940 2232 991 mo·
2340 917 2942 990 aliivermiculi
2986 917 3399 999 horrendi,
3437 922 3519 992 et
3563 939 3883 1011 serpen-

691 1037 936 1106 vetur
969 1056 1156 1107 cum
1217 1038 1494 1110 calore
1546 1038 1925 1113 interiori
1968 1038 2063 1109 ad
2104 1058 2232 1108 ex·
2347 1039 2512 1116 tes;
2559 1039 2639 1108 et
2712 1057 2808 1107 ex
2884 1035 3147 1107 caseis
3224 1036 3737 1128 putrefactis,
3815 1038 3883 1109 si

693 1151 1184 1235 tremitates,
1231 1160 1310 1227 et
1355 1156 1469 1229 sic
1533 1156 1635 1228 ibi
1679 1156 2228 1228 humectatur.
2345 1152 2651 1227 fuerint
2694 1154 3056 1246 pingues,
3102 1153 3309 1227 fiunt
3377 1158 3714 1237 tcxmae;
3786 1177 3883 1227 ex

780 1268 1060 1342 Tertio
1095 1271 1388 1344 accidit
1423 1273 1868 1351 exsicca-tio
1905 1271 2233 1346 interio-
2342 1270 2705 1343 vestibus
2749 1269 2987 1343 tincae
3031 1270 3329 1345 sitiant
3387 1292 3485 1342 ex
3547 1270 3758 1351 lana,
3804 1276 3885 1345 et

694 1382 835 1464 ris,
898 1389 979 1458 et
1049 1385 1580 1477 infrigidatio.
1655 1388 1903 1479 Cujus
1983 1407 2233 1459 causa
2347 1385 2462 1458 sic
2505 1407 2602 1457 ex
2670 1386 3017 1459 materia
3052 1386 3516 1479 putrefacta
3545 1408 3643 1458 ex
3702 1408 3884 1459 ven-

690 1504 839 1581 est,
877 1502 1066 1592 quia
1096 1525 1193 1575 ex
1219 1526 1375 1597 quo
1411 1505 1848 1578 humiditas
1889 1527 2072 1577 cum
2106 1524 2231 1576 ca·
2348 1506 2471 1575 tre
2512 1501 2866 1574 hominis
2914 1502 3079 1574 vivi
3137 1503 3339 1576 fiunt
3411 1503 3884 1595 quandoque

690 1615 865 1689 lore
934 1621 1297 1702 recessit,
1350 1622 1842 1714 relinquitur
1901 1620 2231 1694 siccitas
2345 1618 2748 1699 lumbrici,
2777 1619 3353 1711 etquandoque
3382 1619 3546 1692 alia
3578 1620 3885 1692 anima·

695 1732 774 1803 in
856 1734 1177 1824 frigido,
1256 1739 1444 1830 quia
1515 1759 1792 1810 omnes
1845 1738 2231 1810 humores
2344 1736 2477 1809 lia.
2517 1735 3222 1812 Omniumharum
3257 1738 3884 1829 generationum

689 1847 966 1939 frigidi
1047 1851 1530 1943 frigidantes
1590 1855 1978 1935 calorem,
2053 1875 2228 1945 quae
2341 1874 2607 1927 causae
2662 1858 2849 1927 sunt
2905 1854 3255 1953 diversae·
3298 1860 3884 1949 proportiones

687 1984 895 2039 nunc
939 1970 1033 2039 ad
1084 1975 1458 2044 extrema
1509 1972 2022 2045 conveniunt.

804 2089 1149 2168 QuartO,
1245 2088 1432 2180 quia
1520 2088 2023 2179 infrigidatio
2100 2093 2225 2162 ost

685 2221 933 2273 causa
977 2222 1227 2292 quare
1278 2203 1509 2277 calor
1572 2205 1868 2278 recedit
1907 2228 2083 2277 esse
2146 2207 2225 2277 in

683 2318 1374 2401 extremitatibus,
1413 2325 1492 2394 et
1524 2320 1880 2401 exhalat,
1926 2326 2005 2395 et
2032 2326 2221 2395 tunc

686 2431 950 2523 frigus
986 2434 1319 2516 obtinet,
1374 2439 1454 2508 et
1489 2435 1934 2527 infrigidat.

789 2550 1122 2632 Quinto,
1213 2552 1660 2625 exsiccatio
1750 2554 2222 2627 extremita-

684 2671 883 2746 tum,
923 2668 1109 2758 quia
1143 2668 1391 2740 etiam
1435 2667 1872 2742 humiditas
1919 2670 2034 2742 sic
2093 2692 2222 2741 ex-

683 2782 943 2855 terius
994 2788 1263 2858 tracta
1296 2787 2216 2869 consumiturfaciliter,

683 2899 872 2991 quia
917 2920 1196 2991 pauca.

773 3020 1018 3090 Sexto
1086 3020 1635 3102 condensatiO,
1710 3022 1897 3112 quia
1958 3022 2220 3111 frigus

682 3154 866 3205 cum
901 3133 1274 3210 siccitate
1315 3138 1900 3220 condensatur;
1963 3144 2043 3214 et
2104 3139 2218 3212 sic

678 3251 1044 3323 videmus
1089 3273 1442 3346 corpora
1477 3253 1896 3326 hominum
1951 3277 2219 3329 reeen-

679 3371 808 3439 ter
851 3371 1205 3448 mortua,
1246 3370 1743 3444 naturaliter
1798 3375 2069 3444 tamen
2102 3394 2218 3443 es-

683 3502 766 3552 se
812 3483 1299 3565 materialia,
1347 3490 1428 3559 et
1471 3507 1749 3579 opaca.

768 3599 1154 3690 septime,
1229 3602 1520 3675 accidit
1582 3604 2028 3677 exsiccatio
2093 3604 2216 3675 ad·

677 3713 831 3786 huc
896 3716 1165 3806 major
1223 3722 1303 3791 et
1366 3719 1800 3794 dissolutio
1859 3720 2215 3813 partium

673 3831 767 3902 ad
814 3831 1186 3904 invicem.
1234 3839 1492 3908 Causa
1533 3842 1681 3918 est,
1730 3837 1914 3927 quia
1959 3835 2217 3909 humi-

671 3947 882 4022 ditas
935 3953 1152 4023 tenet
1216 3951 1433 4023 sicca
1497 3952 1740 4024 simul
1797 3952 1875 4023 in
1929 3953 2212 4033 mixto,

675 4069 761 4137 ut
794 4065 1097 4140 (licitur
1129 4072 1202 4135 in
1257 4071 1323 4140 2.
1373 4073 1679 4137 Generat.
1744 4073 1823 4141 et
1878 4069 1990 4142 ita
2041 4073 2217 4142 tota

678 4183 1202 4256 consumitur
1264 4185 1340 4255 in
1411 4185 1897 4276 putrefactis
1964 4185 2217 4257 finali-

679 4301 840 4379 ter;
890 4298 1145 4389 igitur
1174 4299 1637 4374 dividuntur
1666 4307 1944 4394 partes
1978 4303 2076 4374 ab
2109 4304 2218 4374 in·

680 4413 968 4496 vicem,
1039 4421 1118 4490 et
1188 4416 1336 4489 hoc
1392 4418 1752 4490 videmus
1804 4421 2218 4513 experien-

682 4530 821 4612 tia,
917 4532 1087 4604 ideo
1186 4554 1344 4607 non
1441 4541 1779 4627 possunt
1865 4559 2221 4630 corpora

683 4653 1172 4722 Sanctorum
1200 4650 1520 4742 integra
1554 4653 1886 4735 elevari,
1925 4655 2055 4726 sed
2102 4677 2221 4727 os-

676 4786 765 4836 sa
799 4766 1064 4837 solum
1097 4791 1111 4846 ;
1148 4770 1227 4839 et
1270 4765 1442 4838 ideo
1492 4788 1780 4840 carnes
1834 4771 2211 4853 aliorum,

676 4883 801 4954 vel
873 4882 1294 4963 cadavera,
1361 4905 1534 4974 quae
1619 4886 2214 4978 aliquantulum

675 4998 804 5070 ‹liu
858 5000 1322 5090 jacuerunt,
1392 4999 1780 5072 facillime
1833 5003 2215 5092 frangun-

677 5116 857 5193 tur;
902 5111 1156 5202 igitur
1210 5113 1502 5187 accidit
1562 5114 1988 5202 generatio
2021 5116 2214 5186 alio-

677 5249 856 5300 rum
885 5230 1417 5320 quorumdam
1451 5231 1550 5301 al)
1585 5231 1780 5323 ipsis
1818 5231 2214 5323 putrefac-

678 5346 808 5427 tis,
865 5346 1076 5418 sicut
1136 5369 1233 5417 ex
1277 5347 1729 5419 visceribus
1772 5369 2212 5421 vaccarum

677 5467 1195 5535 mortuarum
1320 5465 1818 5536 naturaliter
1922 5465 2215 5539 accidit

678 5598 867 5673 apes
956 5579 1363 5668 generari,
1455 5585 1533 5652 et
1604 5602 1698 5650 ex
1766 5580 2213 5654 visceribus

2343 1970 2835 2062 qualitatum
2921 1972 3406 2064 primarum,
3496 1974 3591 2045 ad
3679 1995 3883 2066 quas

2335 2086 2523 2159 dum
2572 2088 2945 2161 venerint
3004 2087 3666 2180 putrefactibilia,
3719 2091 3885 2164 sor·

2341 2224 2491 2275 mae
2561 2203 2850 2277 talium
2939 2205 3416 2278 animalium
3492 2228 3885 2297 generan-

2338 2323 2501 2401 tur,
2559 2320 2773 2395 sicut
2812 2343 2909 2393 ex
2947 2321 3343 2395 mixtione
3387 2322 3675 2395 farinae
3718 2326 3884 2397 suf-

2337 2437 2686 2511 ficientis
2754 2458 2942 2510 cum
3020 2458 3231 2531 aqua
3272 2439 3361 2514 fit
3415 2444 3677 2532 pasta,
3749 2444 3882 2515 vel

2337 2555 2871 2646 pulmentum.
2912 2558 3011 2628 Et
3046 2555 3222 2630 istae
3267 2557 3879 2650 proportiones,

2336 2692 2511 2763 quae
2581 2676 2792 2751 sunt,
2851 2676 2930 2744 et
3013 2673 3291 2765 quales
3377 2676 3470 2746 ad
3550 2675 3883 2767 plenum

2337 2786 2548 2861 forte
2610 2786 2707 2859 ab
2740 2786 3198 2860 hominibus
3231 2790 3733 2872 nesciuntur,
3801 2796 3885 2866 et

2336 2904 2401 2976 si
2438 2904 2876 2984 scirentur,
2921 2909 3001 2978 et
3045 2904 3296 2978 sciret
3330 2906 3507 2996 quis
3561 2908 3883 2980 reduce-

2338 3041 2447 3102 re,
2504 3021 2629 3092 vel
2672 3019 3059 3091 deducere
3090 3021 3489 3096 elementa
3531 3024 3623 3094 ad
3666 3023 3884 3096 tales

2337 3137 2915 3231 proportiones
2993 3157 3140 3230 per
3233 3143 3499 3213 artem
3570 3140 3884 3219 faceret

2335 3256 2535 3329 talia
2569 3254 2983 3336 animalia,
3023 3254 3233 3329 sicut
3272 3261 3351 3330 et
3384 3262 3729 3341 natura;
3800 3267 3883 3335 et

2336 3372 2506 3443 ideo
2554 3372 2789 3445 multi
2853 3372 3357 3447 Alchimistae
3414 3375 3701 3449 docent
3768 3378 3884 3449 fa-

2331 3505 2515 3556 cere
2570 3485 2965 3570 regulum,
3049 3486 3174 3558 vel
3243 3485 3719 3560 basiliscum
3801 3489 3883 3561 in

2332 3601 2551 3673 vitro
2597 3621 2742 3693 per
2799 3605 3090 3682 artem,
3130 3602 3482 3674 similem
3546 3603 3688 3685 illi,
3739 3605 3879 3698 qui

2330 3717 2419 3791 fit
2452 3739 2548 3789 ex
2588 3739 2740 3789 ovo
2774 3718 2968 3808 galli
3008 3739 3151 3810 per
3201 3721 3667 3793 naturalem
3744 3743 3880 3814 pu-

2332 3833 2930 3914 trefactionem,
2980 3833 3168 3906 licet
3218 3852 3376 3906 non
3432 3839 3600 3908 tam
3641 3858 3878 3909 vene-

2331 3970 2641 4021 nosum.

2423 4065 2566 4135 Sed
2610 4065 2835 4137 circa
2914 4065 3123 4138 istud
3186 4065 3550 4139 incidunt
3602 4067 3874 4149 dubia,

2329 4182 2455 4253 vel
2501 4181 2981 4274 ‹·1uo‹lliheta.
3060 4181 3366 4262 Primo,
3444 4203 3696 4273 quare
3778 4206 3880 4256 ex

2333 4298 2820 4372 animalibus
2884 4299 3377 4392 putrefactis
3437 4321 3595 4372 non
3639 4321 3876 4390 gene-

2335 4420 2631 4488 rantur
2686 4414 2845 4487 alia
2920 4415 3200 4496 mixta,
3278 4419 3474 4508 puta
3541 4436 3872 4498 aurum,

2332 4533 2459 4604 vel
2515 4537 2975 4622 argentum,
3016 4532 3136 4603 vel
3189 4532 3352 4604 alia
3387 4533 3746 4614 metalla,
3793 4540 3879 4607 et

2338 4649 2487 4722 hoc
2556 4668 2739 4720 cum
2800 4647 2977 4740 plus
3045 4647 3533 4721 conveniant
3592 4650 3877 4722 metal-

2332 4768 2499 4838 lum
2551 4769 2631 4837 et
2707 4764 3053 4836 cadaver
3125 4769 3568 4846 mortuum,
3627 4787 3874 4857 quam

2334 4885 2755 4955 mortuum
2789 4885 2868 4954 et
2895 4881 3165 4954 vivum
3203 4887 3238 4952 ⁴?

4028 4076 4098 4126 26.

3910 4141 4122 4192 Dubium
4148 4139 4183 4190 l.

2423 5001 2523 5070 Et
2565 4996 2957 5069 similiter
2990 5018 3240 5089 quare
3283 5019 3442 5071 non
3477 5019 3874 5090 generari·
3905 5009 4116 5060 Dubium
4142 5005 4178 5052 2·

2333 5120 2471 5188 tur
2532 5115 2831 5207 plantae
2873 5113 3139 5194 eitius,
3205 5134 3445 5205 quam
3490 5116 3794 5189 animal
3835 5124 3871 5190 ⁴?

2421 5236 2519 5306 Et
2591 5232 2864 5311 tertio,
2930 5252 3177 5322 quare
3210 5253 3370 5303 non
3414 5238 3875 5323 generatur
3904 5250 4173 5306 antemna.

2332 5371 2574 5420 unum
2628 5349 3099 5421 continuum
3143 5368 3242 5418 ex
3312 5347 3656 5420 humore
3711 5369 3871 5419 uno

2331 5464 2748 5544 continuo,
2798 5464 2929 5534 sed
2973 5462 3209 5553 plura
3240 5469 3274 5532 ⁶?

2354 5569 2361 5574 ’
2424 5583 2518 5653 Et
2554 5585 2873 5672 quarm,
2921 5600 3171 5672 quare
3241 5581 3434 5654 talia
3482 5582 3870 5658 animalia
3903 5601 4178 5660 nummi.
