4252 6393
147 827 199 878 19.

1652 423 2012 500 QUAES'rlo
2057 426 2137 489 Xl
3393 437 3503 500 471

328 588 398 659 in
435 606 664 667 aere;
703 585 1038 657 effectus
1078 587 1352 657 autem
1396 603 1557 656 non
1592 587 1854 657 trans-

324 703 575 778 cendit
617 700 999 774 formam.

399 821 518 891 Ex
553 818 678 890 his
716 822 941 911 patet
976 818 1182 909 quod
1226 816 1688 891 substantia
1730 821 1856 891 est

321 954 558 1005 causa
627 934 1067 1006 accidentis
1139 932 1483 1026 proprii.
1563 939 1853 1016 Quaero

319 1074 452 1146 per
504 1053 743 1144 quid?
790 1057 1067 1126 utrum
1113 1052 1430 1145 seipsa?
1465 1056 1545 1126 et
1600 1052 1853 1124 habeo

317 1168 825 1260 propositum
871 1195 886 1237 :
927 1168 994 1239 si
1030 1188 1174 1260 per
1205 1167 1421 1240 aliud
1454 1167 1848 1249 accidens,

317 1285 513 1377 quod
567 1305 813 1358 vocas
858 1285 1335 1377 potentiam,
1384 1306 1660 1376 quaero
1714 1307 1855 1377 per

315 1402 487 1492 quid
529 1405 657 1474 est
696 1421 943 1473 00050
987 1401 1260 1472 illius?
1305 1401 1492 1493 quia
1541 1423 1638 1472 ex
1694 1423 1850 1493 quo

313 1523 425 1591 est
488 1518 858 1590 accidens
920 1518 1373 1610 proprium,
1429 1521 1554 1590 θ51
1601 1538 1851 1589 00050

316 1634 551 1716 111105,
616 1637 869 1707 01051
931 1655 1364 1726 processus
1437 1635 1515 1705 in
1587 1633 1849 1705 infini-

314 1757 475 1824 tum
523 1776 537 1819 :
594 1752 724 1823 vel
771 1753 892 1822 est
946 1751 1162 1831 dare,
1220 1751 1426 1842 quod
1477 1755 1599 1824 051
1659 1772 1847 1823 cau-

314 1890 493 1941 sans
543 1869 994 1942 accidentia
1049 1869 1385 1961 propria
1430 1888 1573 1961 per
1614 1888 1845 1939 suam

314 1986 872 2060 substantiam.
920 1988 1019 2058 Et
1055 1986 1169 2058 ita
1204 1985 1269 2057 si
1317 1985 1526 2074 ignis
1573 1989 1846 2077 posset

313 2103 677 2196 separari
731 2124 778 2174 a
825 2102 1263 2182 caliditate,
1330 2105 1606 2174 amoto
1667 2121 1845 2193 pro-

311 2219 662 2301 hibente,
747 2219 1027 2293 statim
1110 2241 1194 2290 50
1281 2219 1590 2291 faceret
1657 2218 1844 2289 eali-

310 2338 527 2417 dum,
643 2335 856 2409 sicut
954 2339 1231 2409 amoto
1328 2333 1838 2413 calefactivo,

310 2471 509 2544 aqua
545 2474 627 2524 se
665 2451 859 2524 facit
892 2450 1303 2542 frigidam.

398 2569 597 2641 Item
650 2590 749 2639 ex
791 2567 1406 2660 comparatione
1477 2567 1844 2640 substan-

309 2687 437 2760 tiae
494 2688 588 2759 ad
649 2684 1040 2764 accidens,
1102 2684 1462 2755 videmus
1530 2684 1624 2754 ad
1678 2704 1841 2755 sen-

311 2825 506 2884 sum,
553 2802 758 2895 quod
829 2801 1037 2892 ignis
1098 2800 1375 2872 calore
1437 2800 1835 2882 calefacit,

309 2925 685 3012 tanquam
772 2916 1138 3011 potentia
1208 2915 1473 2988 activa
1553 2917 1841 2989 calefa-

308 3037 576 3116 ciendi,
628 3038 707 3107 et
750 3054 907 3106 non
953 3035 1224 3126 potest
1264 3032 1445 3112 dici,
1493 3034 1698 3123 quod
1734 3035 1840 3106 sit

308 3152 510 3225 aliud
549 3151 908 3224 essentia
957 3151 1290 3231 caloris,
1351 3153 1431 3223 et
1474 3152 1837 3243 potentia

309 3269 857 3349 calefaciendi3
947 3269 1112 3341 imo
1195 3267 1398 3339 idem
1473 3267 1835 3351 realiter,

310 3386 474 3457 solo
508 3390 878 3478 respectu
938 3384 1425 3464 differentes,
1479 3385 1837 3476 alioquin

311 3509 429 3578 est
465 3502 890 3597 procedere
926 3500 1002 3572 in
1047 3498 1477 3572 infinitum.
1517 3502 1718 3583 Quia
1749 3502 1839 3573 de

314 3621 444 3693 illa
517 3621 877 3714 potentia
950 3619 1215 3691 addita
1299 3618 1582 3700 calori,
1685 3639 1841 3710 qua

313 3738 697 3818 calefacit,
755 3755 1206 3828 quaererem
1251 3736 1525 3806 eodem
1566 3736 1833 3813 modo;

313 3873 495 3945 ergo
553 3851 715 3923 erit
757 3854 979 3923 stare
1024 3849 1104 3920 10
1154 3847 1425 3940 011(100
1469 3869 1840 3920 0000550-

320 3972 455 4051 rio,
501 3971 705 4063 quod
748 3990 891 4061 per
945 3988 1027 4039 50
1087 3966 1459 4038 calefacit
1510 3969 1587 4037 et
1637 3968 1841 4060 seip-

318 4118 419 4167 so.
480 4090 557 4171 Si
606 4115 805 4186 ergo
878 4093 1092 4165 ratio
1138 4091 1422 4183 agendi
1467 4092 1841 4183 sequitur

320 4222 702 4295 rationem
772 4218 1084 4293 essendi
1146 4223 1224 4292 01
1289 4219 1684 4298 accidens,
1741 4218 1835 4305 (si

323 4348 513 4420 forte
569 4346 925 4421 activum
976 4346 1097 4415 est
1152 4344 1241 4415 de
1297 4347 1407 4433 50)
1458 4347 1579 4415 051
1634 4344 1838 4415 idem

327 4475 505 4564 quod
546 4494 689 4545 sua
744 4470 1131 4565 potentia,
1199 4489 1355 4559 qua
1424 4470 1593 4559 agit
1662 4492 1837 4561 pro-

329 4597 565 4686 priam
623 4596 1065 4673 actionem;
1138 4593 1409 4664 forma
1474 4594 1842 4665 substan-

322 4720 518 4792 tialis
603 4719 952 4791 maxime
1023 4719 1332 4797 activa,
1397 4717 1657 4808 qualis
1717 4722 1840 4790 est

326 4844 565 4917 l'orma
631 4841 1092 4922 rationalis,
1157 4842 1318 4915 erit
1391 4842 1594 4914 idem
1637 4844 1841 4933 quod

326 4971 688 5061 potentia,
737 4987 893 5059 qua
961 4966 1191 5040 elicit
1236 4968 1656 5059 propriam
1718 4989 1842 5040 00-

328 5096 627 5168 tionem.
684 5097 788 5166 Et
845 5092 996 5164 hoc
1050 5093 1402 5163 maxime
1474 5097 1837 5185 apparet,

327 5222 381 5292 si
434 5220 798 5293 caliditas
854 5217 1248 5289 existeret
1319 5223 1702 5309 separata
1749 5219 1844 5290 ab

327 5349 518 5420 omni
557 5344 955 5437 subjecto,
1003 5346 1194 5414 tunc
1220 5342 1434 5413 enim
1470 5342 1838 5415 0010Γο0οα

330 5476 457 5553 ret,
502 5474 703 5545 sicut
775 5468 1050 5539 albedo
1101 5467 1519 5557 disgregat
1567 5468 1643 5539 10
1708 5472 1829 5540 Sa,

325 5603 715 5675 eramento
760 5594 1112 5675 Altaris;
1164 5599 1242 5668 et
1273 5598 1461 5666 tunc
1499 5596 1845 5668 maxime

1973 592 2558 683 apparet,quod
2594 593 2862 687 scipsa
2902 601 3186 688 ageret
3217 598 3516 691 absque

1970 705 2132 777 alio
2166 705 2468 790 habito,
2514 708 2585 780 01
2621 710 2913 783 addit0.

2064 825 2292 907 Item,
2342 824 2845 918 impossibile
2903 832 3051 912 est,
3099 832 3304 922 quod
3343 834 3511 905 vir-

1968 940 2142 1010 tute
2197 939 2543 1034 alicujus
2605 942 3044 1016 accidentis
3113 946 3510 1040 principa-

1971 1058 2163 1132 liter
2234 1062 2693 1137 substantia
2780 1072 3251 1156 generetur,
3326 1070 3512 1161 quia

1969 1178 2193 1249 nulla
2255 1201 2384 1252 res
2458 1181 2933 1273 inquantum
3000 1184 3186 1258 talis
3229 1187 3398 1276 agit
3433 1186 3511 1258 in

1969 1293 2237 1386 seipsa·
2268 1296 2661 1379 nobilius,
2701 1299 2890 1390 quia
2938 1303 3132 1372 1000
3174 1302 3508 1376 effectus

1968 1408 2446 1501 inquantum
2535 1412 2751 1495 talis,
2823 1416 3245 1490 excederet
3327 1438 3512 1489 cau-

1967 1545 2166 1608 sam,
2217 1527 2412 1599 bene
2456 1529 2671 1601 enim
2709 1533 2973 1622 potest
3009 1551 3254 1622 agere
3290 1534 3511 1622 igno-

1963 1642 2230 1724 bilius,
2280 1645 2489 1718 sicut
2533 1647 2990 1720 substantia
3048 1654 3331 1723 causat
3376 1672 3507 1724 00-

1962 1761 2259 1833 cidens.
2304 1763 2524 1834 Unde
2575 1764 2758 1836 licet
2820 1767 3366 1858 compositum
3416 1770 3506 1841 (10

1961 1877 2230 1950 forma
2302 1879 2846 1962 substantiali,
2892 1886 2971 1954 ct
3030 1883 3503 1958 accidentali

1962 2015 2107 2086 per
2148 1995 2497 2067 sormam
2527 1997 3100 2069 accidentalem
3133 1999 3505 2091 disponat

1959 2113 2054 2183 ad
2095 2112 2706 2202 generationem
2775 2115 3276 2198 substantiae,
3340 2139 3506 2188 ma-

1956 2227 2256 2298 teriam
2344 2228 2766 2301 alterando
2859 2234 2937 2302 et
3014 2231 3504 2324 disponendo

1960 2343 2445 2426 immediate,
2536 2350 2807 2419 tamen
2880 2348 3041 2420 1010
3109 2349 3505 2441 composi-

1959 2464 2132 2534 tum
2195 2464 2530 2550 generat
2600 2462 3139 2537 substantiam
3199 2465 3507 2537 virtute

1959 2595 2124 2645 suaa
2213 2577 2498 2647 sormee
2583 2577 3171 2651 substantialis.
3285 2579 3503 2650 Unde

1960 2691 2502 2785 Philosophus
2567 2696 2633 2764 2.
2716 2696 2798 2762 de
2857 2698 3092 2763 Gener.
3169 2709 3328 2764 tecet.
3388 2698 3500 2767 53.

1956 2812 2247 2880 contra
2291 2808 2501 2890 illos,
2551 2810 2684 2900 qui
2725 2811 2999 2884 dicunt
3050 2812 3252 2903 quod
3313 2812 3506 2883 alte-

1959 2945 2151 2996 rans
2227 2927 2305 2996 et
2380 2929 2943 2998 transmutans
3004 2931 3126 2999 est
3201 2948 3343 3019 per
3422 2950 3505 2999 50

1956 3061 2204 3113 causa
2253 3041 2809 3131 generationis
2873 3064 3016 3134 per
3066 3042 3505 3134 qualitates

1957 3159 2293 3240 (1011νο5,
2340 3158 2558 3240 dicit,
2626 3159 2831 3251 quod
2890 3163 2977 3227 Hi
3013 3184 3148 3229 non
3179 3174 3352 3230 recte
3401 3163 3504 3228 ‹Ii-

1955 3289 2146 3357 mant,
2223 3281 2538 3365 quo-niam
2605 3280 2997 3365 relinquunt
3052 3281 3503 3365 principalio-

1952 3415 2093 3458 rem
2123 3416 2414 3475 causam,
2441 3396 2763 3480 auserunt
2794 3395 2971 3459 enim
3003 3395 3176 3480 quod
3209 3395 3371 3482 quid
3410 3407 3503 3461 est

1953 3533 2086 3577 esse
2117 3522 2177 3576 et
2215 3512 2530 3593 formam.
2577 3511 2886 3596 Amplius
2925 3532 3080 3575 vcro
3116 3512 3339 3576 simile
3376 3513 3499 3577 ali·

1954 3628 2116 3715 qnid
2145 3629 2432 3711 faciunt,
2467 3638 2538 3692 ut
2575 3628 2636 3691 si
2674 3628 2819 3712 quis
2856 3648 3078 3705 serroe,
3144 3639 3203 3691 et
3243 3629 3500 3693 unicui-

1953 3765 2076 3829 que
2117 3745 2707 3808 instrumentorum
2737 3742 3044 3808 attribuit
3103 3764 3369 3809 causam
3401 3766 3500 3810 eo-

1954 3881 2125 3939 rum,
2180 3881 2324 3946 quse
2369 3870 2778 3945 qenerantur
2836 3885 2855 3923 .·
2909 3876 3163 3923 necesse
3202 3861 3378 3925 enim
3409 3872 3503 3926 est

1952 3986 2254 4042 ser-rante
2284 3973 2529 4053 dim'di,
2566 3984 2626 4038 ct
2667 3972 3009 4039 incidente
3047 3977 3404 4060 coseqnari,
3444 3986 3504 4041 ct

1953 4096 2025 4159 in
2071 4093 2232 4158 aliis
2295 4091 2651 4168 similiter‚·
2721 4091 3028 4176 quocirca
3085 4112 3154 4154 50
3213 4093 3504 4156 maxime

1952 4210 2122 4293 facit
2173 4218 2231 4273 et
2283 4216 2494 4271 movet
2555 4206 2753 4291 iqnix,
2830 4205 2947 4270 scd
2996 4206 3321 4291 quomodo
3362 4227 3502 4271 mo-

1954 4336 2078 4399 vet,
2116 4344 2248 4387 non
2283 4320 2530 4386 vident.
2563 4321 2822 4409 Super
2847 4337 3002 4407 quo
3027 4316 3218 4388 dicit
3268 4320 3504 4391 Com-

1960 4436 2409 4513 10911ῐᾶ1οἨ
2478 4438 2642 4501 Cum
2681 4436 2945 4518 faciunt
2985 4457 3187 4521 (19005
3249 4437 3503 4521 princi·

1947 4555 2159 4641 pium,
2215 4575 2349 4619 non
2415 4554 2554 4617 nisi
2612 4554 2688 4617 in
2737 4574 2978 4639 yenerc
3042 4555 3496 4620 instrumenti.

1958 4669 2254 4738 Forma
2298 4665 2511 4737 enim
2557 4667 2623 4737 si
2669 4666 2895 4737 fieret
2957 4666 3055 4736 ab
3097 4666 3258 4738 alio
3301 4666 3502 4739 acci-

1955 4782 2196 4859 denti,
2242 4782 2455 4851 esset
2492 4780 2758 4852 forma
2809 4780 3328 4853 accidentalis
3376 4808 3388 4849 :
3436 4782 3502 4852 si

1958 4897 2213 4985 igitur
2251 4917 2442 4968 vere
2489 4895 2758 4968 forma
2801 4896 3364 4968 substantialis
3429 4898 3506 4968 in

1958 5014 2306 5085 materia
2348 5016 2814 5102 generatur,
2843 5031 3002 5082 non
3050 5012 3510 5084 immediate

1956 5130 2053 5200 ab
2086 5129 2492 5202 accidente
2523 5153 2536 5208 ;
2568 5146 2768 5216 ergo
2814 5127 3178 5219 potentia
3211 5127 3504 5207 activa,

1957 5267 2114 5338 qua
2183 5245 2454 5316 forma
2533 5242 3097 5315 substantialis
3169 5246 3505 5334 generat

1958 5362 2528 5442 substantiam,
2575 5363 2696 5431 051
2734 5358 3193 5431 substantia
3229 5379 3399 5431 sua.

2051 5483 2278 5557 Item,
2322 5477 2683 5571 potentia
2727 5498 2900 5568 quae
2947 5479 3284 5564 generat
3331 5497 3512 5568 pro-

1965 5597 2145 5691 pria
2256 5593 2728 5674 accidentia,
2828 5593 3295 5665 necessario
3396 5597 3517 5666 051

3657 861 3744 918 2οο
