4252 6393
674 429 679 432 “
731 423 851 488 501

717 586 844 658 est
883 581 1217 656 cuilibet
1285 580 1502 675 parti
1556 577 1977 673 corporis;
2034 597 2260 670 ergo,

720 704 873 773 etc.

815 817 1047 898 Item,
1078 819 1492 889 ostensum
1534 815 1654 885 cst
1701 813 1778 885 in
1821 813 2269 906 quaestione

726 934 817 1006 do
842 931 1228 1026 potentiis
1262 930 1617 1011 animae',
1665 930 1869 1022 quod
1904 931 2269 1022 potentia

730 1049 1225 1125 intellectiva
1311 1048 1558 1122 situm
1625 1067 1785 1119 non
1880 1047 2119 1121 habet
2192 1048 2268 1120 in

727 1187 1102 1261 corpore,
1142 1166 1329 1259 quia
1374 1167 1593 1239 nullo
1632 1186 1942 1256 organo
1978 1166 2264 1249 utitur,

729 1286 863 1358 sed
911 1288 1032 1358 est
1077 1284 1155 1357 in
1202 1285 1417 1356 omni
1463 1287 1695 1377 parte
1745 1282 2146 1375 corporiS‚
2184 1287 2270 1357 ut

729 1400 838 1474 ibi
865 1405 1281 1477 ostensum
1314 1400 1493 1483 fuit,
1551 1401 1959 1493 quiaillud
2000 1401 2078 1473 in
2113 1420 2268 1493 quo

682 1531 687 1536 ’
727 1522 876 1600 est,
925 1518 1240 1594 scilicet
1282 1519 1739 1593 substantia.
1782 1520 2097 1603 animae,
2149 1524 2272 1593 est

729 1634 810 1706 in
843 1637 1020 1709 toto
1053 1656 1400 1729 corpore
1435 1662 1450 1718 ;
1488 1656 1712 1728 ergo,
1749 1643 1900 1711 etc.

821 1753 1054 1837 Item,
1128 1753 1344 1827 sicut
1405 1754 1909 1845 arguebatur
1953 1757 2030 1829 in
2075 1778 2274 1849 prac-

726 1869 1038 1943 cedenti
1097 1869 1505 1952 articulo,
1562 1870 1774 1946 sicut
1835 1895 1918 1946 se
1980 1872 2274 1948 habent

731 1987 1093 2060 rationes
1139 1986 1668 2080 objectorum,
1721 1990 1836 2062 sic
1897 1996 1975 2065 et
2031 1993 2278 2066 ratio-

728 2124 870 2177 nes
912 2104 1296 2197 potentiae
1343 2129 1356 2173 :
1405 2105 1536 2177 sed
1572 2106 1786 2180 ratio
1819 2110 2054 2192 entiS,
2103 2132 2278 2203 quae

729 2225 854 2295 est
908 2221 1311 2315 objectum
1378 2222 1840 2300 intellectus
1909 2226 2100 2318 (imo
2164 2252 2277 2305 sc·

729 2338 1075 2411 cundum
1170 2337 1714 2427 Avicennam,
1799 2343 1991 2416 illud
2071 2348 2277 2437 quod

731 2454 1000 2547 primo
1061 2453 1325 2528 cernit
1374 2454 1860 2542 intellectus,
1923 2464 2047 2535 est
2105 2484 2274 2547 ens,

729 2575 810 2645 et
860 2571 1034 2643 ideo
1076 2569 1315 2645 habet
1377 2571 1781 2646 rationem
1842 2576 2277 2653 formalem

733 2687 1054 2780 objecti)
1113 2691 1239 2762 est
1293 2708 1650 2780 praesens
1721 2692 2091 2777 cuilibet;
2158 2719 2277 2771 cr-

731 2822 833 2895 go
902 2802 1269 2897 potentia
1319 2804 1819 2882 intellectiva
1909 2815 2278 2889 omnibus

736 2941 1092 3014 praescns
1134 2925 1257 2995 est
1306 2925 1692 3016 potentiis
1736 2931 2275 3019 sensibilibus,

733 3041 814 3112 et
848 3037 1207 3130 organis,

501 3194 558 3244 η
823 3155 1189 3259 Tertium
1223 3160 1471 3250 patet,
1510 3160 1819 3237 scilicet
1868 3168 2073 3258 quod
2123 3188 2283 3241 non

388 3260 713 3385 {2302222‘
738 3272 1001 3345 solum
1035 3272 1495 3350 intellectus
1556 3279 1662 3353 sit
1704 3300 2062 3373 praesens
2115 3308 2284 3358 sen-

440 3386 644 3447 s20‘2'221'·
739 3389 983 3474 sibuS,
1052 3396 1132 3467 et
1164 3413 1451 3466 eorum
1485 3397 2140 3489 apprehensioni,
2173 3426 2285 3475 se·

734 3508 1074 3582 cundum
1168 3509 1671 3587 influentiam
1725 3519 1805 3589 et
1855 3522 2287 3595 secundum

737 3622 1306 3707 substantiam,
1347 3627 1481 3699 sed
1515 3627 1596 3699 in
1632 3630 1949 3703 ratione
1987 3634 2289 3726 perfec-

737 3741 885 3815 tivi
920 3741 1066 3813 sub
1113 3741 1434 3815 ratione
1468 3750 2012 3835 agnoscentis,
2061 3756 2149 3826 ut
2191 3775 2289 3827 ex

734 3857 1204 3950 cognitione
1238 3860 1586 3934 actualis
1634 3863 2094 3941 existentiae
2145 3889 2291 3961 per

736 3994 1088 4057 sensum,
1126 3979 1207 4050 et
1270 3997 1368 4048 ex
1412 3979 1878 4070 cognitione
1940 3982 2293 4060 intellec-

736 4095 868 4165 tus
955 4090 1314 4184 ejusdem
1376 4094 1836 4170 existentiae
1904 4099 2045 4172 fiat
2131 4121 2292 4174 una

736 4206 1101 4301 perfecta
1140 4210 1528 4301 cognitio,
1575 4212 1785 4286 sicut
1826 4237 1923 4286 ex
1966 4216 2291 4291 actione

740 4323 953 4398 Solis
1016 4326 1095 4397 et
1137 4325 1495 4408 seminis,
1554 4348 1711 4400 una
1754 4331 2116 4421 perfecta
2168 4355 2291 4405 ac·

740 4440 883 4524 tio,
922 4460 1066 4514 suo
1104 4443 1361 4517 modo.
1410 4446 1665 4527 Patet,
1702 4449 1781 4520 et
1812 4446 1988 4520 dico
2023 4450 2289 4541 primo

746 4558 906 4642 sic,
946 4580 1313 4654 suppono
1358 4562 1563 4652 quod
1606 4563 1687 4635 in
1734 4562 2061 4638 homine
2105 4569 2291 4639 sunt

745 4674 1020 4769 plures
1078 4675 1390 4759 formae,
1453 4681 1534 4752 et
1604 4680 1810 4771 quod
1874 4682 2293 4772 posterior

746 4791 1079 4886 respicit
1125 4794 1396 4868 omnia
1442 4796 1982 4889 praecedentia
2037 4798 2118 4869 in
2168 4820 2291 4871 ra-

740 4907 964 4983 tione
1034 4910 1427 4993 materiae,
1486 4930 1650 4983 non
1717 4911 1931 4984 enim
2019 4914 2292 4985 anima

741 5024 1170 5100 rationalis
1230 5029 1354 5099 est
1405 5028 1674 5100 forma
1717 5029 2084 5104 materiae
2133 5031 2291 5124 pri-

740 5163 916 5226 mae,
966 5143 1123 5225 sed,
1168 5146 1257 5217 ut
1326 5144 1638 5219 ostendi
1702 5144 1781 5216 in
1842 5147 2290 5238 quaestione

738 5273 959 5328 utrum
996 5263 1400 5329 intellectiva
1428 5263 1516 5328 sil
1544 5264 1770 5347 forma
1817 5267 2118 5351 corporis
2167 5267 2292 5332 Ιιιι-

737 5379 946 5457 ηιαηί,
1052 5377 1484 5449 secundum
1564 5396 1796 5449 omne
1873 5402 2006 5447 esse
2083 5381 2287 5470 quod

740 5492 1124 5584 praecedit
1164 5492 1413 5566 etiam
1459 5492 1862 5566 rationem
1928 5492 2286 5567 intellec·

746 5609 891 5683 tivi
985 5631 1123 5682 seu
1196 5609 1653 5691 rationalis,
1742 5631 1902 5682 non
1972 5610 2286 5700 quidem

446 928 464 948 ·
497 924 626 976 ibid.

459 993 559 1041 art.
586 988 636 1039 3.

1897 420 1999 481 DE
2043 418 2311 483 RERUM
2357 417 2749 482 PRINCIPIO

2376 578 2628 650 dando
2674 577 2813 650 illa
2854 601 2987 646 esse
3037 580 3574 671 praecedentia
3624 579 3909 654 forma-

2378 693 2595 778 liter,
2647 694 2779 767 sed
2813 696 3018 788 quod
3051 716 3351 789 corpus
3386 698 3531 770 sub
3563 698 3727 771 illis
3766 719 3910 770 om-

2378 812 2610 884 nibus
2653 817 2776 888 est
2837 814 3048 888 sicut
3092 816 3439 889 materia
3479 817 3769 889 animae
3811 817 3910 890 in-

2379 930 2835 1005 tellectivae.
2865 933 3086 1006 Sicut
3110 952 3310 1025 orgo
3333 958 3466 1003 esse
3482 933 3910 1006 humanum

2381 1049 2462 1122 in
2497 1048 2815 1123 ratione
2857 1049 3377 1142 perficientiS,
3417 1055 3542 1125 est
3566 1073 3909 1145 praesens

2385 1166 2606 1238 omni
2639 1166 2780 1239 alii
2813 1190 2951 1236 esse
2984 1168 3062 1238 in
3096 1166 3445 1250 homine,
3495 1168 3610 1242 sic
3654 1172 3908 1262 poten-

2381 1282 2499 1357 tia
2540 1303 2714 1374 quae
2754 1283 3285 1376 consequitur
3346 1282 3776 1366 hominem,
3815 1284 3914 1356 in-

2384 1402 2775 1490 quantum
2809 1399 3051 1474 homo
3093 1406 3219 1476 est
3259 1422 3617 1494 praesens
3672 1402 3751 1474 in
3796 1420 3914 1473 ra-

2384 1516 2605 1590 tione
2641 1517 3135 1610 perficientis
3173 1520 3543 1592 omnibus
3577 1518 3762 1592 aliis
3798 1539 3916 1611 po-

2386 1633 2693 1717 tentiis,
2758 1654 2932 1728 quae
3005 1641 3615 1729 consequuntur
3682 1637 3920 1708 homi-

2384 1771 2568 1823 nem
2612 1752 3044 1824 seeundum
3085 1754 3295 1826 alios
3340 1756 3619 1827 modos
3668 1773 3922 1826 essen·

2384 1870 2460 1943 di
2504 1894 2519 1951 ;
2564 1890 2765 1962 ergo
2809 1871 3180 1944 omnibus
3224 1873 3662 1945 sensitivis.

2481 1987 2562 2060 Si
2621 1987 2886 2065 dicasz
2928 2008 3129 2079 ergo
3193 1989 3272 2063 in
3324 1991 3643 2063 ratione
3699 1992 3920 2083 pcrfi-
4031 2007 4087 2056 18.

2388 2101 2679 2176 cientis
2720 2106 2844 2177 est
2880 2122 3238 2195 praesens
3284 2105 3804 2197 genorativae,
3850 2109 3921 2179 et

2390 2219 2718 2291 motivze
2769 2221 3204 2293 secundum
3253 2223 3542 2306 locum,
3607 2225 3690 2297 et
3747 2243 3920 2314 aug-

2393 2336 2860 2410 mentativae
2899 2362 2911 2405 :

2481 2452 3078 2544 Respondetur,
3198 2455 3404 2546 quod
3500 2456 3920 2531 secundum
3981 2467 4125 2521 sotum

2392 2566 2935 2642 substantiam
2979 2574 3102 2644 est
3153 2591 3515 2663 praesens
3568 2572 3924 2645 omnibus

2390 2703 2572 2756 cum
2605 2683 2711 2757 sit
2754 2684 2984 2768 idem,
3033 2689 3239 2779 quod
3281 2689 3736 2764 substantia
3776 2686 3929 2762 ani-

2394 2822 2587 2875 mae:
2625 2802 2757 2875 sed
2793 2824 2976 2876 cum
3013 2805 3116 2879 sit
3168 2828 3554 2899 suprema
3606 2828 3930 2900 eognos-

2391 2920 2664 3001 citiva‚
2690 2941 3047 3014 przesens
3066 2925 3190 2997 est
3214 2925 3584 2997 omnibus
3609 2946 3931 3018 cognos-

2393 3037 2665 3109 citivis
2715 3038 3097 3130 potentiis
3152 3039 3232 3112 in
3269 3041 3587 3115 ratione
3636 3044 3933 3137 perfici·

2393 3155 2630 3237 entis,
2678 3159 3049 3248 respectu
3095 3178 3465 3250 quarum,
3529 3165 3617 3234 ut
3657 3167 3934 3255 supra·
3977 3183 4115 3229 πω.

2399 3272 2685 3364 patuit,
2727 3273 3089 3346 ordinem
3159 3277 3624 3349 naturalem
3677 3278 3931 3353 habet.

2475 3390 2722 3469 Item,
2777 3390 3179 3461 terminus
3225 3396 3494 3464 motus
3539 3393 3774 3466 habet
3824 3415 3940 3466 as·

2401 3508 2721 3597 pectum
2779 3504 3229 3597 perfectum
3308 3510 3401 3580 ad
3449 3529 3727 3582 omnes
3772 3532 3941 3603 par-

2399 3626 2519 3698 tes
2584 3620 2800 3694 illius
2848 3627 3116 3697 motus
3172 3648 3185 3692 :
3249 3624 3382 3697 sed
3451 3625 3940 3700 intellectiva

2402 3738 2800 3812 terminus
2841 3743 2966 3812 est
3012 3740 3273 3812 omnis
3306 3742 3826 3832 cognitionis,
3868 3746 3944 3815 et

2403 3853 2795 3948 perfectio
2832 3879 2846 3935 ;
2885 3872 3084 3946 ergo
3131 3858 3518 3947 potentia,
3559 3859 3789 3952 cujus
3831 3879 3945 3930 ac-

2403 3976 2533 4046 tus
2578 3972 2656 4043 in
2702 3969 2863 4045 isto
2916 3975 3141 4045 motu
3185 3972 3668 4065 acquiritur,
3718 3974 3941 4047 habc-

2399 4095 2517 4169 bit
2578 4100 3044 4188 respectum
3107 4097 3253 4169 sub
3314 4099 3632 4173 ratione
3709 4098 3947 4172 insor-

2403 4221 2704 4298 mantis
2730 4223 2826 4295 ad
2856 4221 3030 4314 ejus
3069 4223 3477 4315 potentias
3504 4225 3944 4317 apprehen-

2403 4350 2647 4432 sivaS,
2729 4350 2938 4424 sicut
2998 4350 3274 4423 albedo
3316 4351 3409 4421 ad
3454 4371 3735 4423 omncs
3775 4371 3947 4442 gra-

2400 4477 2544 4549 dus
2576 4474 3135 4558 dealbationis,
3175 4495 3319 4568 per
3359 4496 3561 4567 quos
3607 4474 3947 4568 acquiri-

2405 4604 2566 4674 tur.

2497 4727 2726 4807 Item,
2799 4726 3067 4798 forma
3119 4728 3420 4816 quanto
3493 4725 3758 4816 magis
3811 4725 3952 4797 ini-

2403 4850 2886 4933 matcrialiS,
2933 4852 3012 4923 et
3069 4850 3334 4923 minus
3398 4852 3770 4926 materiae
3821 4852 3953 4923 im·

2403 4998 2698 5061 mersa,
2719 4976 2982 5069 magis
2998 4977 3364 5051 diffundit
3387 4983 3662 5051 actum
3691 4998 3947 5054 suum,

2405 5103 2614 5176 sicut
2683 5105 2908 5197 patet
3007 5120 3154 5194 per
3217 5102 3685 5195 oppositum
3746 5127 3759 5171 :
3827 5101 3950 5174 sed

2405 5228 2674 5301 forma
2710 5226 3208 5301 intellectiva
3241 5231 3364 5301 est
3425 5226 3838 5300 altissima
3878 5230 3953 5299 et

2405 5353 3000 5447 perfectissima
3045 5378 3058 5433 ;
3152 5372 3352 5443 ergo
3443 5373 3588 5445 per
3682 5359 3950 5445 poten-

2405 5480 2628 5563 tiam,
2705 5501 2877 5573 quae
2919 5479 3450 5573 consequitur
3519 5479 3783 5571 ipsam
3844 5479 3945 5549 in-

2403 5609 2794 5697 quantum
2847 5605 3063 5687 talis,
3122 5604 3501 5678 diffundet
3558 5626 3642 5676 sc
3705 5625 3946 5697 super

3968 2069 4124 2132 Objecrta
