<?xml version="1.0" encoding="UTF-8"?>
<!DOCTYPE html PUBLIC "-//W3C//DTD XHTML 1.0 Transitional//EN"
    "http://www.w3.org/TR/xhtml1/DTD/xhtml1-transitional.dtd">
<html xmlns="http://www.w3.org/1999/xhtml" xml:lang="en" lang="en">
 <head>
  <title>
</title>
<meta http-equiv="Content-Type" content="text/html;charset=utf-8" />
  <meta name='ocr-system' content='tesseract 3.04.00' />
  <meta name='ocr-capabilities' content='ocr_page ocr_carea ocr_par ocr_line ocrx_word'/>
</head>
<body>
  <div class='ocr_page' id='page_1' title='image "./joannisdunsscot03waddgoog_0781.png"; bbox 0 0 4252 6393; ppageno 0'>
   <div class='ocr_carea' id='block_1_1' title="bbox 236 5460 308 5514">
    <p class='ocr_par' dir='ltr' id='par_1_1' title="bbox 236 5460 308 5514">
     <span class='ocr_line' id='line_1_1' title="bbox 236 5460 308 5514; baseline -0.042 -4"><span class='ocrx_word' id='word_1_1' title='bbox 236 5460 308 5514; x_wconf 77' lang='grc' dir='ltr'>Π,</span> 
     </span>
    </p>
   </div>
   <div class='ocr_carea' id='block_1_2' title="bbox 1799 450 2147 517">
    <p class='ocr_par' dir='ltr' id='par_1_2' title="bbox 1799 450 2147 517">
     <span class='ocr_line' id='line_1_2' title="bbox 1799 450 2147 517; baseline -0.011 0"><span class='ocrx_word' id='word_1_2' title='bbox 1799 450 2054 517; x_wconf 76' lang='lat' dir='ltr'>CAPUT</span> <span class='ocrx_word' id='word_1_3' title='bbox 2099 453 2147 513; x_wconf 87' lang='lat' dir='ltr'>ll</span> 
     </span>
    </p>
   </div>
   <div class='ocr_carea' id='block_1_3' title="bbox 410 611 1998 5506">
    <p class='ocr_par' dir='ltr' id='par_1_3' title="bbox 410 611 1998 5377">
     <span class='ocr_line' id='line_1_3' title="bbox 414 611 1948 701; baseline -0.011 -10"><span class='ocrx_word' id='word_1_4' title='bbox 414 625 498 691; x_wconf 89' lang='lat' dir='ltr'>de</span> <span class='ocrx_word' id='word_1_5' title='bbox 550 624 872 689; x_wconf 85' lang='lat' dir='ltr'>divisione</span> <span class='ocrx_word' id='word_1_6' title='bbox 902 621 1195 685; x_wconf 86' lang='lat' dir='ltr'>secunda</span> <span class='ocrx_word' id='word_1_7' title='bbox 1228 626 1295 683; x_wconf 90' lang='lat' dir='ltr'>et</span> <span class='ocrx_word' id='word_1_8' title='bbox 1336 620 1483 701; x_wconf 88' lang='lat' dir='ltr'>ejus</span> <span class='ocrx_word' id='word_1_9' title='bbox 1513 615 1824 679; x_wconf 88' lang='lat' dir='ltr'>membris</span> <span class='ocrx_word' id='word_1_10' title='bbox 1854 611 1948 675; x_wconf 80' lang='lat' dir='ltr'>fe-</span> 
     </span>
     <span class='ocr_line' id='line_1_4' title="bbox 410 720 1951 808; baseline -0.01 -10"><span class='ocrx_word' id='word_1_11' title='bbox 410 738 494 798; x_wconf 93' lang='lat' dir='ltr'>cit</span> <span class='ocrx_word' id='word_1_12' title='bbox 525 747 929 804; x_wconf 87' lang='lat' dir='ltr'>sermonem,</span> <span class='ocrx_word' id='word_1_13' title='bbox 978 746 1172 808; x_wconf 91' lang='lat' dir='ltr'>quam</span> <span class='ocrx_word' id='word_1_14' title='bbox 1218 726 1301 789; x_wconf 91' lang='lat' dir='ltr'>de</span> <span class='ocrx_word' id='word_1_15' title='bbox 1339 727 1588 807; x_wconf 79' lang='lat' dir='ltr'>prima?</span> <span class='ocrx_word' id='word_1_16' title='bbox 1617 720 1951 795; x_wconf 82' lang='lat' dir='ltr'>Secunde,</span> 
     </span>
     <span class='ocr_line' id='line_1_5' title="bbox 411 829 1955 921; baseline -0.009 -17"><span class='ocrx_word' id='word_1_17' title='bbox 411 846 577 906; x_wconf 88' lang='lat' dir='ltr'>circa</span> <span class='ocrx_word' id='word_1_18' title='bbox 611 844 912 921; x_wconf 76' lang='lat' dir='ltr'>quartam</span> <span class='ocrx_word' id='word_1_19' title='bbox 945 836 1435 898; x_wconf 85' lang='lat' dir='ltr'><strong>conclusionem</strong></span> <span class='ocrx_word' id='word_1_20' title='bbox 1458 835 1687 911; x_wconf 88' lang='lat' dir='ltr'>posset</span> <span class='ocrx_word' id='word_1_21' title='bbox 1718 829 1955 910; x_wconf 83' lang='lat' dir='ltr'>inquiri</span> 
     </span>
     <span class='ocr_line' id='line_1_6' title="bbox 412 940 1956 1023; baseline -0.008 -12"><span class='ocrx_word' id='word_1_22' title='bbox 412 949 494 1011; x_wconf 92' lang='lat' dir='ltr'>de</span> <span class='ocrx_word' id='word_1_23' title='bbox 528 947 909 1011; x_wconf 71' lang='lat' dir='ltr'>causalitate</span> <span class='ocrx_word' id='word_1_24' title='bbox 939 944 1109 1017; x_wconf 86' lang='lat' dir='ltr'>finis,</span> <span class='ocrx_word' id='word_1_25' title='bbox 1144 948 1210 1005; x_wconf 93' lang='lat' dir='ltr'>et</span> <span class='ocrx_word' id='word_1_26' title='bbox 1254 959 1384 1023; x_wconf 93' lang='lat' dir='ltr'>quo</span> <span class='ocrx_word' id='word_1_27' title='bbox 1415 940 1614 1003; x_wconf 90' lang='lat' dir='ltr'>modo</span> <span class='ocrx_word' id='word_1_28' title='bbox 1648 940 1846 1017; x_wconf 90' lang='lat' dir='ltr'>prior,</span> <span class='ocrx_word' id='word_1_29' title='bbox 1890 942 1956 999; x_wconf 91' lang='lat' dir='ltr'>et</span> 
     </span>
     <span class='ocr_line' id='line_1_7' title="bbox 413 1041 1948 1119; baseline -0.01 -1"><span class='ocrx_word' id='word_1_30' title='bbox 413 1054 695 1119; x_wconf 79' lang='lat' dir='ltr'>nobilior</span> <span class='ocrx_word' id='word_1_31' title='bbox 738 1055 975 1115; x_wconf 80' lang='lat' dir='ltr'>causa?</span> <span class='ocrx_word' id='word_1_32' title='bbox 1005 1051 1281 1114; x_wconf 90' lang='lat' dir='ltr'>Videtur</span> <span class='ocrx_word' id='word_1_33' title='bbox 1310 1046 1505 1110; x_wconf 90' lang='lat' dir='ltr'>etiam</span> <span class='ocrx_word' id='word_1_34' title='bbox 1537 1046 1800 1109; x_wconf 88' lang='lat' dir='ltr'>omnino</span> <span class='ocrx_word' id='word_1_35' title='bbox 1831 1041 1948 1105; x_wconf 85' lang='lat' dir='ltr'>fal·</span> 
     </span>
     <span class='ocr_line' id='line_1_8' title="bbox 412 1151 1955 1240; baseline -0.008 -15"><span class='ocrx_word' id='word_1_36' title='bbox 412 1181 508 1225; x_wconf 87' lang='lat' dir='ltr'>sa.</span> <span class='ocrx_word' id='word_1_37' title='bbox 565 1164 754 1233; x_wconf 76' lang='lat' dir='ltr'>Tum,</span> <span class='ocrx_word' id='word_1_38' title='bbox 806 1160 955 1240; x_wconf 86' lang='lat' dir='ltr'>quia</span> <span class='ocrx_word' id='word_1_39' title='bbox 1010 1161 1186 1222; x_wconf 89' lang='lat' dir='ltr'>Deus</span> <span class='ocrx_word' id='word_1_40' title='bbox 1246 1163 1347 1220; x_wconf 89' lang='lat' dir='ltr'>est</span> <span class='ocrx_word' id='word_1_41' title='bbox 1404 1172 1600 1218; x_wconf 89' lang='lat' dir='ltr'>causa</span> <span class='ocrx_word' id='word_1_42' title='bbox 1661 1151 1955 1216; x_wconf 85' lang='lat' dir='ltr'>efficiens</span> 
     </span>
     <span class='ocr_line' id='line_1_9' title="bbox 415 1266 1957 1349; baseline -0.006 -15"><span class='ocrx_word' id='word_1_43' title='bbox 415 1274 758 1341; x_wconf 62' lang='lat' dir='ltr'>creaturae,</span> <span class='ocrx_word' id='word_1_44' title='bbox 806 1285 957 1349; x_wconf 85' lang='lat' dir='ltr'>quae</span> <span class='ocrx_word' id='word_1_45' title='bbox 1008 1274 1222 1330; x_wconf 88' lang='lat' dir='ltr'>tamen</span> <span class='ocrx_word' id='word_1_46' title='bbox 1268 1283 1400 1326; x_wconf 90' lang='lat' dir='ltr'>non</span> <span class='ocrx_word' id='word_1_47' title='bbox 1444 1266 1648 1327; x_wconf 86' lang='lat' dir='ltr'>habet</span> <span class='ocrx_word' id='word_1_48' title='bbox 1695 1278 1957 1326; x_wconf 89' lang='lat' dir='ltr'>causam</span> 
     </span>
     <span class='ocr_line' id='line_1_10' title="bbox 413 1371 1962 1458; baseline -0.007 -15"><span class='ocrx_word' id='word_1_49' title='bbox 413 1379 727 1443; x_wconf 86' lang='lat' dir='ltr'>finalem:</span> <span class='ocrx_word' id='word_1_50' title='bbox 779 1375 960 1458; x_wconf 91' lang='lat' dir='ltr'>quod</span> <span class='ocrx_word' id='word_1_51' title='bbox 1008 1376 1345 1454; x_wconf 90' lang='lat' dir='ltr'>probatur,</span> <span class='ocrx_word' id='word_1_52' title='bbox 1395 1376 1548 1453; x_wconf 87' lang='lat' dir='ltr'>quia</span> <span class='ocrx_word' id='word_1_53' title='bbox 1590 1375 1644 1434; x_wconf 89' lang='lat' dir='ltr'>si</span> <span class='ocrx_word' id='word_1_54' title='bbox 1684 1374 1804 1445; x_wconf 88' lang='lat' dir='ltr'>sic,</span> <span class='ocrx_word' id='word_1_55' title='bbox 1854 1371 1962 1434; x_wconf 83' lang='lat' dir='ltr'>vel</span> 
     </span>
     <span class='ocr_line' id='line_1_11' title="bbox 417 1481 1960 1557; baseline -0.006 -7"><span class='ocrx_word' id='word_1_56' title='bbox 417 1491 652 1556; x_wconf 87' lang='lat' dir='ltr'>Deum,</span> <span class='ocrx_word' id='word_1_57' title='bbox 683 1485 791 1548; x_wconf 83' lang='lat' dir='ltr'>vel</span> <span class='ocrx_word' id='word_1_58' title='bbox 841 1489 1208 1547; x_wconf 88' lang='lat' dir='ltr'>creaturam</span> <span class='ocrx_word' id='word_1_59' title='bbox 1241 1501 1256 1544; x_wconf 80' lang='lat' dir='ltr'>t</span> <span class='ocrx_word' id='word_1_60' title='bbox 1289 1498 1425 1544; x_wconf 91' lang='lat' dir='ltr'>non</span> <span class='ocrx_word' id='word_1_61' title='bbox 1468 1481 1766 1556; x_wconf 85' lang='lat' dir='ltr'>primum,</span> <span class='ocrx_word' id='word_1_62' title='bbox 1809 1482 1960 1557; x_wconf 88' lang='lat' dir='ltr'>quia</span> 
     </span>
     <span class='ocr_line' id='line_1_12' title="bbox 423 1590 1962 1670; baseline -0.007 -10"><span class='ocrx_word' id='word_1_63' title='bbox 423 1603 576 1660; x_wconf 88' lang='lat' dir='ltr'>tunc</span> <span class='ocrx_word' id='word_1_64' title='bbox 626 1598 805 1656; x_wconf 82' lang='lat' dir='ltr'>esset</span> <span class='ocrx_word' id='word_1_65' title='bbox 857 1596 1032 1670; x_wconf 80' lang='lat' dir='ltr'>prior</span> <span class='ocrx_word' id='word_1_66' title='bbox 1077 1598 1144 1654; x_wconf 91' lang='lat' dir='ltr'>et</span> <span class='ocrx_word' id='word_1_67' title='bbox 1175 1590 1458 1654; x_wconf 83' lang='lat' dir='ltr'>nobilior</span> <span class='ocrx_word' id='word_1_68' title='bbox 1499 1606 1623 1651; x_wconf 86' lang='lat' dir='ltr'>se:</span> <span class='ocrx_word' id='word_1_69' title='bbox 1673 1603 1811 1650; x_wconf 88' lang='lat' dir='ltr'>non</span> <span class='ocrx_word' id='word_1_70' title='bbox 1851 1605 1962 1650; x_wconf 86' lang='lat' dir='ltr'>se-</span> 
     </span>
     <span class='ocr_line' id='line_1_13' title="bbox 421 1698 1963 1784; baseline -0.006 -16"><span class='ocrx_word' id='word_1_71' title='bbox 421 1703 738 1779; x_wconf 85' lang='lat' dir='ltr'>cundum,</span> <span class='ocrx_word' id='word_1_72' title='bbox 765 1704 916 1784; x_wconf 87' lang='lat' dir='ltr'>quia</span> <span class='ocrx_word' id='word_1_73' title='bbox 952 1708 1105 1765; x_wconf 91' lang='lat' dir='ltr'>tunc</span> <span class='ocrx_word' id='word_1_74' title='bbox 1138 1712 1316 1765; x_wconf 87' lang='lat' dir='ltr'>esset</span> <span class='ocrx_word' id='word_1_75' title='bbox 1347 1700 1625 1761; x_wconf 84' lang='lat' dir='ltr'>nobilior</span> <span class='ocrx_word' id='word_1_76' title='bbox 1653 1701 1816 1773; x_wconf 88' lang='lat' dir='ltr'>De0,</span> <span class='ocrx_word' id='word_1_77' title='bbox 1850 1698 1963 1778; x_wconf 89' lang='lat' dir='ltr'>qui</span> 
     </span>
     <span class='ocr_line' id='line_1_14' title="bbox 421 1808 1962 1888; baseline -0.006 -13"><span class='ocrx_word' id='word_1_78' title='bbox 421 1819 520 1875; x_wconf 90' lang='lat' dir='ltr'>est</span> <span class='ocrx_word' id='word_1_79' title='bbox 551 1809 848 1874; x_wconf 81' lang='lat' dir='ltr'>efficiens</span> <span class='ocrx_word' id='word_1_80' title='bbox 888 1817 954 1874; x_wconf 88' lang='lat' dir='ltr'>et</span> <span class='ocrx_word' id='word_1_81' title='bbox 998 1809 1197 1888; x_wconf 85' lang='lat' dir='ltr'>prior,</span> <span class='ocrx_word' id='word_1_82' title='bbox 1228 1824 1348 1887; x_wconf 91' lang='lat' dir='ltr'>per</span> <span class='ocrx_word' id='word_1_83' title='bbox 1397 1812 1481 1869; x_wconf 90' lang='lat' dir='ltr'>te.</span> <span class='ocrx_word' id='word_1_84' title='bbox 1540 1808 1707 1868; x_wconf 88' lang='lat' dir='ltr'>Tum</span> <span class='ocrx_word' id='word_1_85' title='bbox 1739 1808 1962 1878; x_wconf 86' lang='lat' dir='ltr'>etiam,</span> 
     </span>
     <span class='ocr_line' id='line_1_15' title="bbox 422 1917 1963 2001; baseline -0.005 -19"><span class='ocrx_word' id='word_1_86' title='bbox 422 1921 571 2001; x_wconf 89' lang='lat' dir='ltr'>quia</span> <span class='ocrx_word' id='word_1_87' title='bbox 603 1920 931 1994; x_wconf 84' lang='lat' dir='ltr'>voluntas,</span> <span class='ocrx_word' id='word_1_88' title='bbox 966 1923 1098 1980; x_wconf 88' lang='lat' dir='ltr'>tam</span> <span class='ocrx_word' id='word_1_89' title='bbox 1144 1924 1361 1979; x_wconf 83' lang='lat' dir='ltr'>creata</span> <span class='ocrx_word' id='word_1_90' title='bbox 1408 1931 1607 1994; x_wconf 84' lang='lat' dir='ltr'>quam</span> <span class='ocrx_word' id='word_1_91' title='bbox 1647 1917 1963 1986; x_wconf 86' lang='lat' dir='ltr'>increata,</span> 
     </span>
     <span class='ocr_line' id='line_1_16' title="bbox 422 2022 1965 2104; baseline -0.003 -17"><span class='ocrx_word' id='word_1_92' title='bbox 422 2024 682 2087; x_wconf 82' lang='lat' dir='ltr'>videtur</span> <span class='ocrx_word' id='word_1_93' title='bbox 712 2041 859 2088; x_wconf 89' lang='lat' dir='ltr'>esse</span> <span class='ocrx_word' id='word_1_94' title='bbox 893 2027 1097 2104; x_wconf 91' lang='lat' dir='ltr'>prima</span> <span class='ocrx_word' id='word_1_95' title='bbox 1130 2039 1323 2086; x_wconf 87' lang='lat' dir='ltr'>causa</span> <span class='ocrx_word' id='word_1_96' title='bbox 1354 2028 1539 2084; x_wconf 87' lang='lat' dir='ltr'>actus</span> <span class='ocrx_word' id='word_1_97' title='bbox 1590 2022 1694 2085; x_wconf 89' lang='lat' dir='ltr'>vel</span> <span class='ocrx_word' id='word_1_98' title='bbox 1736 2037 1965 2099; x_wconf 90' lang='lat' dir='ltr'>opera·</span> 
     </span>
     <span class='ocr_line' id='line_1_17' title="bbox 431 2129 1966 2206; baseline -0.001 -12"><span class='ocrx_word' id='word_1_99' title='bbox 431 2133 624 2197; x_wconf 89' lang='lat' dir='ltr'>tionis</span> <span class='ocrx_word' id='word_1_100' title='bbox 652 2150 819 2206; x_wconf 83' lang='lat' dir='ltr'>suae,</span> <span class='ocrx_word' id='word_1_101' title='bbox 853 2140 918 2195; x_wconf 89' lang='lat' dir='ltr'>et</span> <span class='ocrx_word' id='word_1_102' title='bbox 949 2137 1168 2194; x_wconf 85' lang='lat' dir='ltr'>tamen</span> <span class='ocrx_word' id='word_1_103' title='bbox 1201 2136 1304 2195; x_wconf 90' lang='lat' dir='ltr'>est</span> <span class='ocrx_word' id='word_1_104' title='bbox 1333 2129 1628 2193; x_wconf 83' lang='lat' dir='ltr'>efficiens</span> <span class='ocrx_word' id='word_1_105' title='bbox 1657 2137 1966 2206; x_wconf 84' lang='lat' dir='ltr'>respectu</span> 
     </span>
     <span class='ocr_line' id='line_1_18' title="bbox 423 2237 1970 2324; baseline -0.003 -20"><span class='ocrx_word' id='word_1_106' title='bbox 423 2244 600 2324; x_wconf 78' lang='lat' dir='ltr'>ejus:</span> <span class='ocrx_word' id='word_1_107' title='bbox 636 2257 798 2321; x_wconf 91' lang='lat' dir='ltr'>ergo</span> <span class='ocrx_word' id='word_1_108' title='bbox 832 2243 1113 2320; x_wconf 87' lang='lat' dir='ltr'>primum</span> <span class='ocrx_word' id='word_1_109' title='bbox 1144 2245 1416 2317; x_wconf 90' lang='lat' dir='ltr'>propter</span> <span class='ocrx_word' id='word_1_110' title='bbox 1469 2237 1654 2318; x_wconf 89' lang='lat' dir='ltr'>quid,</span> <span class='ocrx_word' id='word_1_111' title='bbox 1702 2255 1835 2300; x_wconf 92' lang='lat' dir='ltr'>non</span> <span class='ocrx_word' id='word_1_112' title='bbox 1868 2242 1970 2300; x_wconf 84' lang='lat' dir='ltr'>est</span> 
     </span>
     <span class='ocr_line' id='line_1_19' title="bbox 422 2346 1962 2426; baseline -0.004 -16"><span class='ocrx_word' id='word_1_113' title='bbox 422 2365 694 2426; x_wconf 82' lang='lat' dir='ltr'>semper</span> <span class='ocrx_word' id='word_1_114' title='bbox 739 2364 937 2410; x_wconf 88' lang='lat' dir='ltr'>causa</span> <span class='ocrx_word' id='word_1_115' title='bbox 980 2346 1188 2410; x_wconf 88' lang='lat' dir='ltr'>finalis</span> <span class='ocrx_word' id='word_1_116' title='bbox 1233 2348 1301 2407; x_wconf 90' lang='lat' dir='ltr'>in</span> <span class='ocrx_word' id='word_1_117' title='bbox 1343 2351 1587 2425; x_wconf 87' lang='lat' dir='ltr'>agente</span> <span class='ocrx_word' id='word_1_118' title='bbox 1636 2361 1670 2406; x_wconf 91' lang='lat' dir='ltr'>a</span> <span class='ocrx_word' id='word_1_119' title='bbox 1721 2359 1962 2422; x_wconf 87' lang='lat' dir='ltr'>propo·</span> 
     </span>
     <span class='ocr_line' id='line_1_20' title="bbox 425 2456 1973 2537; baseline -0.003 -18"><span class='ocrx_word' id='word_1_120' title='bbox 425 2459 546 2521; x_wconf 88' lang='lat' dir='ltr'>sito</span> <span class='ocrx_word' id='word_1_121' title='bbox 582 2477 598 2520; x_wconf 74' lang='grc' dir='ltr'><strong>ε</strong></span> <span class='ocrx_word' id='word_1_122' title='bbox 632 2475 784 2521; x_wconf 91' lang='lat' dir='ltr'>nam</span> <span class='ocrx_word' id='word_1_123' title='bbox 826 2456 880 2520; x_wconf 90' lang='lat' dir='ltr'>si</span> <span class='ocrx_word' id='word_1_124' title='bbox 933 2462 1271 2537; x_wconf 73' lang='lat' dir='ltr'>quaeratur</span> <span class='ocrx_word' id='word_1_125' title='bbox 1312 2472 1517 2535; x_wconf 90' lang='lat' dir='ltr'>quare</span> <span class='ocrx_word' id='word_1_126' title='bbox 1565 2457 1745 2517; x_wconf 89' lang='lat' dir='ltr'>Deus</span> <span class='ocrx_word' id='word_1_127' title='bbox 1795 2457 1973 2516; x_wconf 85' lang='lat' dir='ltr'>creat</span> 
     </span>
     <span class='ocr_line' id='line_1_21' title="bbox 428 2565 1971 2644; baseline -0.002 -17"><span class='ocrx_word' id='word_1_128' title='bbox 428 2566 789 2628; x_wconf 88' lang='lat' dir='ltr'>mundum:</span> <span class='ocrx_word' id='word_1_129' title='bbox 824 2565 1268 2644; x_wconf 88' lang='lat' dir='ltr'>respondetur</span> <span class='ocrx_word' id='word_1_130' title='bbox 1309 2567 1462 2643; x_wconf 89' lang='lat' dir='ltr'>quia</span> <span class='ocrx_word' id='word_1_131' title='bbox 1491 2565 1630 2627; x_wconf 85' lang='lat' dir='ltr'>vult</span> <span class='ocrx_word' id='word_1_132' title='bbox 1660 2569 1727 2626; x_wconf 90' lang='lat' dir='ltr'>et</span> <span class='ocrx_word' id='word_1_133' title='bbox 1766 2579 1971 2642; x_wconf 90' lang='lat' dir='ltr'>quare</span> 
     </span>
     <span class='ocr_line' id='line_1_22' title="bbox 427 2674 1972 2753; baseline -0.001 -19"><span class='ocrx_word' id='word_1_134' title='bbox 427 2676 604 2737; x_wconf 74' lang='lat' dir='ltr'>vult?</span> <span class='ocrx_word' id='word_1_135' title='bbox 635 2691 767 2736; x_wconf 90' lang='lat' dir='ltr'>non</span> <span class='ocrx_word' id='word_1_136' title='bbox 799 2676 1173 2752; x_wconf 79' lang='lat' dir='ltr'>assignatur</span> <span class='ocrx_word' id='word_1_137' title='bbox 1204 2691 1402 2735; x_wconf 86' lang='lat' dir='ltr'>causa</span> <span class='ocrx_word' id='word_1_138' title='bbox 1435 2674 1586 2747; x_wconf 90' lang='lat' dir='ltr'>alia,</span> <span class='ocrx_word' id='word_1_139' title='bbox 1634 2689 1834 2753; x_wconf 89' lang='lat' dir='ltr'>quam</span> <span class='ocrx_word' id='word_1_140' title='bbox 1864 2689 1972 2734; x_wconf 83' lang='lat' dir='ltr'>vo·</span> 
     </span>
     <span class='ocr_line' id='line_1_23' title="bbox 430 2782 1972 2861; baseline -0.001 -17"><span class='ocrx_word' id='word_1_141' title='bbox 430 2783 641 2844; x_wconf 90' lang='lat' dir='ltr'>luntas</span> <span class='ocrx_word' id='word_1_142' title='bbox 721 2799 862 2861; x_wconf 64' lang='lat' dir='ltr'>qua}</span> <span class='ocrx_word' id='word_1_143' title='bbox 923 2789 1023 2845; x_wconf 90' lang='lat' dir='ltr'>est</span> <span class='ocrx_word' id='word_1_144' title='bbox 1081 2783 1377 2845; x_wconf 74' lang='lat' dir='ltr'>efficiens</span> <span class='ocrx_word' id='word_1_145' title='bbox 1437 2802 1452 2842; x_wconf 74' lang='grc' dir='ltr'><strong><em>ε</em></strong></span> <span class='ocrx_word' id='word_1_146' title='bbox 1514 2782 1814 2844; x_wconf 88' lang='lat' dir='ltr'>similiter</span> <span class='ocrx_word' id='word_1_147' title='bbox 1889 2782 1972 2843; x_wconf 90' lang='lat' dir='ltr'>de</span> 
     </span>
     <span class='ocr_line' id='line_1_24' title="bbox 429 2891 1973 2970; baseline 0.001 -18"><span class='ocrx_word' id='word_1_148' title='bbox 429 2892 762 2953; x_wconf 84' lang='lat' dir='ltr'>voluntate</span> <span class='ocrx_word' id='word_1_149' title='bbox 795 2895 1015 2953; x_wconf 89' lang='lat' dir='ltr'>creata</span> <span class='ocrx_word' id='word_1_150' title='bbox 1042 2899 1354 2970; x_wconf 88' lang='lat' dir='ltr'>respectu</span> <span class='ocrx_word' id='word_1_151' title='bbox 1378 2896 1562 2953; x_wconf 87' lang='lat' dir='ltr'>actus</span> <span class='ocrx_word' id='word_1_152' title='bbox 1581 2892 1706 2952; x_wconf 92' lang='lat' dir='ltr'>sui.</span> <span class='ocrx_word' id='word_1_153' title='bbox 1730 2891 1973 2961; x_wconf 86' lang='lat' dir='ltr'>Tertio,</span> 
     </span>
     <span class='ocr_line' id='line_1_25' title="bbox 435 2998 1968 3078; baseline 0.001 -19"><span class='ocrx_word' id='word_1_154' title='bbox 435 2999 599 3059; x_wconf 89' lang='lat' dir='ltr'>circa</span> <span class='ocrx_word' id='word_1_155' title='bbox 632 3000 928 3076; x_wconf 79' lang='lat' dir='ltr'>quintam</span> <span class='ocrx_word' id='word_1_156' title='bbox 983 3000 1480 3061; x_wconf 87' lang='lat' dir='ltr'>conclusionem</span> <span class='ocrx_word' id='word_1_157' title='bbox 1532 3004 1598 3060; x_wconf 84' lang='lat' dir='ltr'>et</span> <span class='ocrx_word' id='word_1_158' title='bbox 1640 2998 1786 3078; x_wconf 89' lang='lat' dir='ltr'>ejus</span> <span class='ocrx_word' id='word_1_159' title='bbox 1817 3016 1968 3078; x_wconf 87' lang='lat' dir='ltr'>pro-</span> 
     </span>
     <span class='ocr_line' id='line_1_26' title="bbox 434 3106 1972 3186; baseline -0.001 -16"><span class='ocrx_word' id='word_1_160' title='bbox 434 3108 753 3181; x_wconf 88' lang='lat' dir='ltr'>bationes,</span> <span class='ocrx_word' id='word_1_161' title='bbox 818 3116 1043 3186; x_wconf 89' lang='lat' dir='ltr'>posset</span> <span class='ocrx_word' id='word_1_162' title='bbox 1109 3110 1347 3186; x_wconf 87' lang='lat' dir='ltr'>inquiri</span> <span class='ocrx_word' id='word_1_163' title='bbox 1423 3106 1506 3169; x_wconf 92' lang='lat' dir='ltr'>de</span> <span class='ocrx_word' id='word_1_164' title='bbox 1575 3109 1972 3169; x_wconf 84' lang='lat' dir='ltr'>necessitate</span> 
     </span>
     <span class='ocr_line' id='line_1_27' title="bbox 436 3216 1972 3281; baseline -0.001 -2"><span class='ocrx_word' id='word_1_165' title='bbox 436 3217 864 3280; x_wconf 85' lang='lat' dir='ltr'>connexionis</span> <span class='ocrx_word' id='word_1_166' title='bbox 896 3218 1352 3280; x_wconf 87' lang='lat' dir='ltr'>causalitatum</span> <span class='ocrx_word' id='word_1_167' title='bbox 1394 3216 1540 3281; x_wconf 84' lang='lat' dir='ltr'>finis</span> <span class='ocrx_word' id='word_1_168' title='bbox 1572 3226 1640 3280; x_wconf 89' lang='lat' dir='ltr'>et</span> <span class='ocrx_word' id='word_1_169' title='bbox 1688 3216 1972 3279; x_wconf 83' lang='lat' dir='ltr'>efficien-</span> 
     </span>
     <span class='ocr_line' id='line_1_28' title="bbox 440 3324 1969 3406; baseline -0.001 -21"><span class='ocrx_word' id='word_1_170' title='bbox 440 3326 545 3398; x_wconf 84' lang='lat' dir='ltr'>tis,</span> <span class='ocrx_word' id='word_1_171' title='bbox 580 3342 728 3387; x_wconf 91' lang='lat' dir='ltr'>cum</span> <span class='ocrx_word' id='word_1_172' title='bbox 759 3328 940 3405; x_wconf 88' lang='lat' dir='ltr'>prius</span> <span class='ocrx_word' id='word_1_173' title='bbox 992 3324 1197 3403; x_wconf 85' lang='lat' dir='ltr'>possit</span> <span class='ocrx_word' id='word_1_174' title='bbox 1244 3343 1392 3390; x_wconf 90' lang='lat' dir='ltr'>esse</span> <span class='ocrx_word' id='word_1_175' title='bbox 1426 3326 1568 3388; x_wconf 89' lang='lat' dir='ltr'>sine</span> <span class='ocrx_word' id='word_1_176' title='bbox 1603 3327 1969 3406; x_wconf 88' lang='lat' dir='ltr'>posteriori.</span> 
     </span>
     <span class='ocr_line' id='line_1_29' title="bbox 439 3431 1975 3514; baseline 0.004 -22"><span class='ocrx_word' id='word_1_177' title='bbox 439 3433 618 3505; x_wconf 83' lang='lat' dir='ltr'>item,</span> <span class='ocrx_word' id='word_1_178' title='bbox 645 3431 728 3493; x_wconf 92' lang='lat' dir='ltr'>de</span> <span class='ocrx_word' id='word_1_179' title='bbox 759 3432 1138 3494; x_wconf 79' lang='lat' dir='ltr'>causalitate</span> <span class='ocrx_word' id='word_1_180' title='bbox 1180 3432 1769 3514; x_wconf 82' lang='lat' dir='ltr'>intelligentiarum</span> <span class='ocrx_word' id='word_1_181' title='bbox 1800 3432 1975 3498; x_wconf 86' lang='lat' dir='ltr'>finali</span> 
     </span>
     <span class='ocr_line' id='line_1_30' title="bbox 439 3538 1972 3614; baseline 0.002 -15"><span class='ocrx_word' id='word_1_182' title='bbox 439 3544 504 3600; x_wconf 88' lang='lat' dir='ltr'>et</span> <span class='ocrx_word' id='word_1_183' title='bbox 549 3538 870 3613; x_wconf 79' lang='lat' dir='ltr'>effectiva,</span> <span class='ocrx_word' id='word_1_184' title='bbox 925 3544 992 3601; x_wconf 87' lang='lat' dir='ltr'>et</span> <span class='ocrx_word' id='word_1_185' title='bbox 1033 3538 1116 3601; x_wconf 90' lang='lat' dir='ltr'>de</span> <span class='ocrx_word' id='word_1_186' title='bbox 1167 3542 1533 3603; x_wconf 82' lang='lat' dir='ltr'>intentione</span> <span class='ocrx_word' id='word_1_187' title='bbox 1585 3541 1972 3614; x_wconf 77' lang='lat' dir='ltr'>AristoteliS‚</span> 
     </span>
     <span class='ocr_line' id='line_1_31' title="bbox 440 3647 1975 3729; baseline 0.001 -19"><span class='ocrx_word' id='word_1_188' title='bbox 440 3649 605 3710; x_wconf 86' lang='lat' dir='ltr'>circa</span> <span class='ocrx_word' id='word_1_189' title='bbox 651 3648 779 3710; x_wconf 81' lang='lat' dir='ltr'>hoc</span> <span class='ocrx_word' id='word_1_190' title='bbox 809 3647 1070 3711; x_wconf 85' lang='lat' dir='ltr'>videtur</span> <span class='ocrx_word' id='word_1_191' title='bbox 1111 3663 1353 3729; x_wconf 88' lang='lat' dir='ltr'>magna</span> <span class='ocrx_word' id='word_1_192' title='bbox 1386 3648 1752 3714; x_wconf 81' lang='lat' dir='ltr'>difficultas.</span> <span class='ocrx_word' id='word_1_193' title='bbox 1791 3653 1975 3721; x_wconf 85' lang='lat' dir='ltr'>item,</span> 
     </span>
     <span class='ocr_line' id='line_1_32' title="bbox 437 3746 1979 3837; baseline -0.001 -16"><span class='ocrx_word' id='word_1_194' title='bbox 437 3756 696 3821; x_wconf 85' lang='lat' dir='ltr'>videtur</span> <span class='ocrx_word' id='word_1_195' title='bbox 761 3756 938 3836; x_wconf 90' lang='lat' dir='ltr'>quod</span> <span class='ocrx_word' id='word_1_196' title='bbox 1001 3758 1111 3818; x_wconf 87' lang='lat' dir='ltr'>illa</span> <span class='ocrx_word' id='word_1_197' title='bbox 1169 3746 1555 3837; x_wconf 77' lang='lat' dir='ltr'>imaginatio</span> <span class='ocrx_word' id='word_1_198' title='bbox 1618 3759 1979 3821; x_wconf 87' lang='lat' dir='ltr'>dicentium</span> 
     </span>
     <span class='ocr_line' id='line_1_33' title="bbox 439 3861 1981 3943; baseline -0.001 -17"><span class='ocrx_word' id='word_1_199' title='bbox 439 3861 886 3942; x_wconf 87' lang='lat' dir='ltr'>operationem</span> <span class='ocrx_word' id='word_1_200' title='bbox 916 3862 1234 3937; x_wconf 88' lang='lat' dir='ltr'>ultimam,</span> <span class='ocrx_word' id='word_1_201' title='bbox 1266 3864 1373 3927; x_wconf 84' lang='lat' dir='ltr'>vel</span> <span class='ocrx_word' id='word_1_202' title='bbox 1410 3864 1746 3943; x_wconf 88' lang='lat' dir='ltr'>objectum</span> <span class='ocrx_word' id='word_1_203' title='bbox 1801 3863 1981 3943; x_wconf 88' lang='lat' dir='ltr'>quod</span> 
     </span>
     <span class='ocr_line' id='line_1_34' title="bbox 438 3972 1979 4056; baseline -0.001 -23"><span class='ocrx_word' id='word_1_204' title='bbox 438 3974 775 4056; x_wconf 87' lang='lat' dir='ltr'>attingitur</span> <span class='ocrx_word' id='word_1_205' title='bbox 824 3977 1203 4053; x_wconf 86' lang='lat' dir='ltr'>peripsum,</span> <span class='ocrx_word' id='word_1_206' title='bbox 1238 3990 1383 4035; x_wconf 84' lang='lat' dir='ltr'>esse</span> <span class='ocrx_word' id='word_1_207' title='bbox 1409 3989 1671 4035; x_wconf 88' lang='lat' dir='ltr'>causam</span> <span class='ocrx_word' id='word_1_208' title='bbox 1692 3972 1979 4047; x_wconf 87' lang='lat' dir='ltr'>finalem,</span> 
     </span>
     <span class='ocr_line' id='line_1_35' title="bbox 439 4084 1985 4161; baseline -0.002 -15"><span class='ocrx_word' id='word_1_209' title='bbox 439 4084 519 4146; x_wconf 86' lang='lat' dir='ltr'>sit</span> <span class='ocrx_word' id='word_1_210' title='bbox 567 4085 778 4158; x_wconf 90' lang='lat' dir='ltr'>bona,</span> <span class='ocrx_word' id='word_1_211' title='bbox 833 4089 899 4144; x_wconf 92' lang='lat' dir='ltr'>et</span> <span class='ocrx_word' id='word_1_212' title='bbox 947 4099 1068 4160; x_wconf 91' lang='lat' dir='ltr'>per</span> <span class='ocrx_word' id='word_1_213' title='bbox 1118 4098 1538 4161; x_wconf 89' lang='lat' dir='ltr'>consequens</span> <span class='ocrx_word' id='word_1_214' title='bbox 1586 4099 1719 4143; x_wconf 89' lang='lat' dir='ltr'>non</span> <span class='ocrx_word' id='word_1_215' title='bbox 1749 4099 1985 4159; x_wconf 84' lang='lat' dir='ltr'>repro-</span> 
     </span>
     <span class='ocr_line' id='line_1_36' title="bbox 441 4191 1985 4271; baseline -0.003 -15"><span class='ocrx_word' id='word_1_216' title='bbox 441 4193 684 4267; x_wconf 87' lang='lat' dir='ltr'>banda,</span> <span class='ocrx_word' id='word_1_217' title='bbox 737 4192 890 4270; x_wconf 88' lang='lat' dir='ltr'>quia</span> <span class='ocrx_word' id='word_1_218' title='bbox 941 4191 1375 4268; x_wconf 84' lang='lat' dir='ltr'>Philosophus</span> <span class='ocrx_word' id='word_1_219' title='bbox 1420 4191 1478 4253; x_wconf 87' lang='grc'><strong>2.</strong></span> <span class='ocrx_word' id='word_1_220' title='bbox 1556 4192 1985 4271; x_wconf 78' lang='lat' dir='ltr'>physicorum</span> 
     </span>
     <span class='ocr_line' id='line_1_37' title="bbox 439 4298 1985 4379; baseline -0.001 -16"><span class='ocrx_word' id='word_1_221' title='bbox 439 4301 656 4374; x_wconf 84' lang='lat' dir='ltr'>habet,</span> <span class='ocrx_word' id='word_1_222' title='bbox 680 4298 863 4379; x_wconf 86' lang='lat' dir='ltr'>quod</span> <span class='ocrx_word' id='word_1_223' title='bbox 885 4301 1030 4377; x_wconf 75' lang='lat' dir='ltr'>linis</span> <span class='ocrx_word' id='word_1_224' title='bbox 1077 4304 1164 4359; x_wconf 81' lang='lat' dir='ltr'>est</span> <span class='ocrx_word' id='word_1_225' title='bbox 1209 4299 1510 4359; x_wconf 77' lang='lat' dir='ltr'>ultimum</span> <span class='ocrx_word' id='word_1_226' title='bbox 1551 4305 1616 4360; x_wconf 87' lang='lat' dir='ltr'>et</span> <span class='ocrx_word' id='word_1_227' title='bbox 1650 4303 1985 4376; x_wconf 72' lang='lat' dir='ltr'>optimum.</span> 
     </span>
     <span class='ocr_line' id='line_1_38' title="bbox 448 4406 1987 4484; baseline -0.001 -15"><span class='ocrx_word' id='word_1_228' title='bbox 448 4408 752 4470; x_wconf 69' lang='lat' dir='ltr'>Similiter</span> <span class='ocrx_word' id='word_1_229' title='bbox 797 4406 923 4468; x_wconf 88' lang='lat' dir='ltr'>iste</span> <span class='ocrx_word' id='word_1_230' title='bbox 971 4408 1037 4468; x_wconf 99' lang='grc'><strong>2.</strong></span> <span class='ocrx_word' id='word_1_231' title='bbox 1081 4409 1353 4469; x_wconf 75' lang='lat' dir='ltr'>distinct.</span> <span class='ocrx_word' id='word_1_232' title='bbox 1393 4408 1625 4483; x_wconf 80' lang='lat' dir='ltr'>primi,</span> <span class='ocrx_word' id='word_1_233' title='bbox 1675 4413 1892 4484; x_wconf 75' lang='lat' dir='ltr'>quaest.</span> <span class='ocrx_word' id='word_1_234' title='bbox 1932 4408 1987 4467; x_wconf 93' lang='lat'>1.</span> 
     </span>
     <span class='ocr_line' id='line_1_39' title="bbox 447 4514 1989 4594; baseline -0.001 -17"><span class='ocrx_word' id='word_1_235' title='bbox 447 4515 621 4587; x_wconf 89' lang='lat' dir='ltr'>dicit,</span> <span class='ocrx_word' id='word_1_236' title='bbox 654 4514 836 4594; x_wconf 84' lang='lat' dir='ltr'>quod</span> <span class='ocrx_word' id='word_1_237' title='bbox 881 4515 1087 4576; x_wconf 81' lang='lat' dir='ltr'>omnis</span> <span class='ocrx_word' id='word_1_238' title='bbox 1117 4514 1275 4575; x_wconf 75' lang='lat' dir='ltr'>entis</span> <span class='ocrx_word' id='word_1_239' title='bbox 1305 4515 1374 4573; x_wconf 82' lang='lat' dir='ltr'>in</span> <span class='ocrx_word' id='word_1_240' title='bbox 1405 4518 1552 4574; x_wconf 79' lang='lat' dir='ltr'>actu</span> <span class='ocrx_word' id='word_1_241' title='bbox 1577 4516 1819 4591; x_wconf 77' lang='lat' dir='ltr'>primo,</span> <span class='ocrx_word' id='word_1_242' title='bbox 1839 4532 1989 4591; x_wconf 83' lang='lat' dir='ltr'>per-</span> 
     </span>
     <span class='ocr_line' id='line_1_40' title="bbox 445 4624 1991 4700; baseline -0.001 -14"><span class='ocrx_word' id='word_1_243' title='bbox 445 4625 635 4698; x_wconf 73' lang='lat' dir='ltr'>fectio</span> <span class='ocrx_word' id='word_1_244' title='bbox 666 4624 900 4686; x_wconf 80' lang='lat' dir='ltr'>ultima</span> <span class='ocrx_word' id='word_1_245' title='bbox 931 4624 1212 4685; x_wconf 75' lang='lat' dir='ltr'>consiscit</span> <span class='ocrx_word' id='word_1_246' title='bbox 1256 4624 1322 4682; x_wconf 79' lang='lat' dir='ltr'>iu</span> <span class='ocrx_word' id='word_1_247' title='bbox 1355 4629 1502 4683; x_wconf 78' lang='lat' dir='ltr'>actu</span> <span class='ocrx_word' id='word_1_248' title='bbox 1529 4625 1827 4695; x_wconf 84' lang='lat' dir='ltr'>secunde,</span> <span class='ocrx_word' id='word_1_249' title='bbox 1865 4639 1991 4700; x_wconf 83' lang='lat' dir='ltr'>quo</span> 
     </span>
     <span class='ocr_line' id='line_1_41' title="bbox 450 4728 1985 4807; baseline 0.001 -17"><span class='ocrx_word' id='word_1_250' title='bbox 450 4729 860 4807; x_wconf 75' lang='lat' dir='ltr'>conjunyitur</span> <span class='ocrx_word' id='word_1_251' title='bbox 889 4731 1156 4806; x_wconf 78' lang='lat' dir='ltr'>optimo,</span> <span class='ocrx_word' id='word_1_252' title='bbox 1215 4729 1436 4791; x_wconf 85' lang='lat' dir='ltr'>ultima</span> <span class='ocrx_word' id='word_1_253' title='bbox 1470 4734 1695 4791; x_wconf 87' lang='lat' dir='ltr'>autem</span> <span class='ocrx_word' id='word_1_254' title='bbox 1730 4728 1985 4806; x_wconf 80' lang='lat' dir='ltr'>perfec-</span> 
     </span>
     <span class='ocr_line' id='line_1_42' title="bbox 453 4842 1996 4925; baseline 0.001 -20"><span class='ocrx_word' id='word_1_255' title='bbox 453 4845 534 4909; x_wconf 91' lang='lat' dir='ltr'>tio</span> <span class='ocrx_word' id='word_1_256' title='bbox 565 4846 661 4906; x_wconf 88' lang='lat' dir='ltr'>rei</span> <span class='ocrx_word' id='word_1_257' title='bbox 689 4842 952 4908; x_wconf 88' lang='lat' dir='ltr'>videtur</span> <span class='ocrx_word' id='word_1_258' title='bbox 982 4861 1177 4906; x_wconf 86' lang='lat' dir='ltr'>causa</span> <span class='ocrx_word' id='word_1_259' title='bbox 1211 4843 1422 4906; x_wconf 88' lang='lat' dir='ltr'>finalis</span> <span class='ocrx_word' id='word_1_260' title='bbox 1469 4846 1636 4925; x_wconf 80' lang='lat' dir='ltr'>ejus,</span> <span class='ocrx_word' id='word_1_261' title='bbox 1689 4845 1996 4909; x_wconf 89' lang='lat' dir='ltr'>Similiter</span> 
     </span>
     <span class='ocr_line' id='line_1_43' title="bbox 452 4960 1993 5040; baseline 0.001 -18"><span class='ocrx_word' id='word_1_262' title='bbox 452 4960 627 5040; x_wconf 90' lang='lat' dir='ltr'>quod</span> <span class='ocrx_word' id='word_1_263' title='bbox 663 4961 871 5039; x_wconf 88' lang='lat' dir='ltr'>tangit</span> <span class='ocrx_word' id='word_1_264' title='bbox 903 4962 1143 5022; x_wconf 90' lang='lat' dir='ltr'>Doctor</span> <span class='ocrx_word' id='word_1_265' title='bbox 1173 4960 1256 5022; x_wconf 90' lang='lat' dir='ltr'>ibi</span> <span class='ocrx_word' id='word_1_266' title='bbox 1292 4960 1373 5022; x_wconf 91' lang='lat' dir='ltr'>de</span> <span class='ocrx_word' id='word_1_267' title='bbox 1407 4965 1800 5025; x_wconf 79' lang='lat' dir='ltr'>necessitato</span> <span class='ocrx_word' id='word_1_268' title='bbox 1837 4979 1993 5024; x_wconf 81' lang='lat' dir='ltr'>cau-</span> 
     </span>
     <span class='ocr_line' id='line_1_44' title="bbox 451 5077 1995 5152; baseline 0.001 -13"><span class='ocrx_word' id='word_1_269' title='bbox 451 5079 590 5152; x_wconf 86' lang='lat' dir='ltr'>sati,</span> <span class='ocrx_word' id='word_1_270' title='bbox 634 5077 898 5140; x_wconf 83' lang='lat' dir='ltr'>videtur</span> <span class='ocrx_word' id='word_1_271' title='bbox 954 5079 1112 5138; x_wconf 86' lang='lat' dir='ltr'>salis</span> <span class='ocrx_word' id='word_1_272' title='bbox 1165 5078 1463 5150; x_wconf 87' lang='lat' dir='ltr'>dubium,</span> <span class='ocrx_word' id='word_1_273' title='bbox 1517 5096 1600 5141; x_wconf 90' lang='lat' dir='ltr'>an</span> <span class='ocrx_word' id='word_1_274' title='bbox 1649 5082 1779 5141; x_wconf 88' lang='lat' dir='ltr'>sint</span> <span class='ocrx_word' id='word_1_275' title='bbox 1811 5096 1995 5141; x_wconf 89' lang='lat' dir='ltr'>com-</span> 
     </span>
     <span class='ocr_line' id='line_1_45' title="bbox 453 5194 1998 5274; baseline 0.001 -18"><span class='ocrx_word' id='word_1_276' title='bbox 453 5194 786 5274; x_wconf 88' lang='lat' dir='ltr'>possibilia</span> <span class='ocrx_word' id='word_1_277' title='bbox 873 5210 1021 5256; x_wconf 88' lang='lat' dir='ltr'>esse</span> <span class='ocrx_word' id='word_1_278' title='bbox 1096 5201 1437 5255; x_wconf 70' lang='lat' dir='ltr'>causatum</span> <span class='ocrx_word' id='word_1_279' title='bbox 1510 5201 1577 5259; x_wconf 89' lang='lat' dir='ltr'>et</span> <span class='ocrx_word' id='word_1_280' title='bbox 1633 5196 1998 5259; x_wconf 86' lang='lat' dir='ltr'>formaliter</span> 
     </span>
     <span class='ocr_line' id='line_1_46' title="bbox 456 5314 930 5377; baseline 0.008 -4"><span class='ocrx_word' id='word_1_281' title='bbox 456 5314 930 5377; x_wconf 85' lang='lat' dir='ltr'>necessarium.</span> 
     </span>
    </p>

    <p class='ocr_par' dir='ltr' id='par_1_4' title="bbox 534 5431 1994 5506">
     <span class='ocr_line' id='line_1_47' title="bbox 534 5431 1994 5506; baseline -0.001 -12"><span class='ocrx_word' id='word_1_282' title='bbox 534 5432 805 5506; x_wconf 84' lang='lat' dir='ltr'>QuartO,</span> <span class='ocrx_word' id='word_1_283' title='bbox 837 5434 1004 5497; x_wconf 90' lang='lat' dir='ltr'>circa</span> <span class='ocrx_word' id='word_1_284' title='bbox 1048 5441 1298 5495; x_wconf 87' lang='lat' dir='ltr'>sextam</span> <span class='ocrx_word' id='word_1_285' title='bbox 1344 5433 1835 5495; x_wconf 88' lang='lat' dir='ltr'>conclusionem</span> <span class='ocrx_word' id='word_1_286' title='bbox 1876 5431 1994 5493; x_wconf 92' lang='lat' dir='ltr'>du-</span> 
     </span>
    </p>
   </div>
   <div class='ocr_carea' id='block_1_4' title="bbox 456 5550 1998 5635">
    <p class='ocr_par' dir='ltr' id='par_1_5' title="bbox 456 5550 1998 5635">
     <span class='ocr_line' id='line_1_48' title="bbox 456 5550 1998 5635; baseline -0.004 -16"><span class='ocrx_word' id='word_1_287' title='bbox 456 5558 696 5619; x_wconf 83' lang='lat' dir='ltr'>bitatur</span> <span class='ocrx_word' id='word_1_288' title='bbox 732 5575 746 5616; x_wconf 90' lang='lat'>:</span> <span class='ocrx_word' id='word_1_289' title='bbox 783 5555 934 5635; x_wconf 89' lang='lat' dir='ltr'>quia</span> <span class='ocrx_word' id='word_1_290' title='bbox 965 5554 1033 5614; x_wconf 91' lang='lat' dir='ltr'>in</span> <span class='ocrx_word' id='word_1_291' title='bbox 1078 5550 1375 5614; x_wconf 84' lang='lat' dir='ltr'>doctrina</span> <span class='ocrx_word' id='word_1_292' title='bbox 1405 5550 1606 5629; x_wconf 81' lang='lat' dir='ltr'>hujus</span> <span class='ocrx_word' id='word_1_293' title='bbox 1657 5550 1831 5615; x_wconf 85' lang='lat' dir='ltr'>idem</span> <span class='ocrx_word' id='word_1_294' title='bbox 1883 5571 1998 5629; x_wconf 89' lang='lat' dir='ltr'>po-</span> 
     </span>
    </p>
   </div>
   <div class='ocr_carea' id='block_1_5' title="bbox 3477 450 3604 512">
    <p class='ocr_par' dir='ltr' id='par_1_6' title="bbox 3477 450 3604 512">
     <span class='ocr_line' id='line_1_49' title="bbox 3477 450 3604 512; baseline -0.016 0"><span class='ocrx_word' id='word_1_295' title='bbox 3477 450 3604 512; x_wconf 73' lang='lat'>747</span> 
     </span>
    </p>
   </div>
   <div class='ocr_carea' id='block_1_6' title="bbox 2059 611 3649 3924">
    <p class='ocr_par' dir='ltr' id='par_1_7' title="bbox 2059 611 3633 2506">
     <span class='ocr_line' id='line_1_50' title="bbox 2059 611 3610 694; baseline 0.001 -21"><span class='ocrx_word' id='word_1_296' title='bbox 2059 617 2283 690; x_wconf 88' lang='lat' dir='ltr'>potest</span> <span class='ocrx_word' id='word_1_297' title='bbox 2316 628 2464 674; x_wconf 91' lang='lat' dir='ltr'>esse</span> <span class='ocrx_word' id='word_1_298' title='bbox 2514 612 2790 675; x_wconf 86' lang='lat' dir='ltr'>materia</span> <span class='ocrx_word' id='word_1_299' title='bbox 2824 617 2889 674; x_wconf 84' lang='lat' dir='ltr'>et</span> <span class='ocrx_word' id='word_1_300' title='bbox 2936 611 3232 676; x_wconf 85' lang='lat' dir='ltr'>efficiens</span> <span class='ocrx_word' id='word_1_301' title='bbox 3262 612 3610 694; x_wconf 86' lang='lat' dir='ltr'>ejusdem:</span> 
     </span>
     <span class='ocr_line' id='line_1_51' title="bbox 2062 719 3616 801; baseline 0.001 -21"><span class='ocrx_word' id='word_1_302' title='bbox 2062 719 2241 781; x_wconf 90' lang='lat' dir='ltr'>idem</span> <span class='ocrx_word' id='word_1_303' title='bbox 2271 725 2491 781; x_wconf 88' lang='lat' dir='ltr'>autem</span> <span class='ocrx_word' id='word_1_304' title='bbox 2541 737 2672 782; x_wconf 89' lang='lat' dir='ltr'>non</span> <span class='ocrx_word' id='word_1_305' title='bbox 2718 725 2818 782; x_wconf 82' lang='lat' dir='ltr'>est</span> <span class='ocrx_word' id='word_1_306' title='bbox 2865 722 3045 800; x_wconf 89' lang='lat' dir='ltr'>prius</span> <span class='ocrx_word' id='word_1_307' title='bbox 3098 720 3360 800; x_wconf 88' lang='lat' dir='ltr'>seipso;</span> <span class='ocrx_word' id='word_1_308' title='bbox 3417 721 3616 801; x_wconf 90' lang='lat' dir='ltr'>igitur</span> 
     </span>
     <span class='ocr_line' id='line_1_52' title="bbox 2061 830 3615 908; baseline 0.003 -19"><span class='ocrx_word' id='word_1_309' title='bbox 2061 831 2267 908; x_wconf 75' lang='lat' dir='ltr'>prim-1</span> <span class='ocrx_word' id='word_1_310' title='bbox 2317 834 2383 890; x_wconf 89' lang='lat' dir='ltr'>et</span> <span class='ocrx_word' id='word_1_311' title='bbox 2428 830 2724 892; x_wconf 82' lang='lat' dir='ltr'>secunda</span> <span class='ocrx_word' id='word_1_312' title='bbox 2790 832 3217 908; x_wconf 84' lang='lat' dir='ltr'>probationes</span> <span class='ocrx_word' id='word_1_313' title='bbox 3274 848 3409 893; x_wconf 87' lang='lat' dir='ltr'>non</span> <span class='ocrx_word' id='word_1_314' title='bbox 3469 848 3615 893; x_wconf 87' lang='lat' dir='ltr'>cur-</span> 
     </span>
     <span class='ocr_line' id='line_1_53' title="bbox 2060 936 3606 1016; baseline 0.001 -17"><span class='ocrx_word' id='word_1_315' title='bbox 2060 944 2235 999; x_wconf 90' lang='lat' dir='ltr'>runt.</span> <span class='ocrx_word' id='word_1_316' title='bbox 2271 936 2888 1016; x_wconf 83' lang='lat' dir='ltr'>Exemplificaturin</span> <span class='ocrx_word' id='word_1_317' title='bbox 2945 940 3190 1011; x_wconf 77' lang='lat' dir='ltr'>multiS‚</span> <span class='ocrx_word' id='word_1_318' title='bbox 3244 945 3318 1000; x_wconf 92' lang='lat' dir='ltr'>ut</span> <span class='ocrx_word' id='word_1_319' title='bbox 3365 936 3606 1001; x_wconf 88' lang='lat' dir='ltr'>videli-</span> 
     </span>
     <span class='ocr_line' id='line_1_54' title="bbox 2070 1044 3617 1127; baseline 0 -20"><span class='ocrx_word' id='word_1_320' title='bbox 2070 1051 2175 1108; x_wconf 84' lang='lat' dir='ltr'>cet</span> <span class='ocrx_word' id='word_1_321' title='bbox 2231 1044 2314 1108; x_wconf 92' lang='lat' dir='ltr'>de</span> <span class='ocrx_word' id='word_1_322' title='bbox 2377 1046 2678 1127; x_wconf 76' lang='lat' dir='ltr'>subiecto</span> <span class='ocrx_word' id='word_1_323' title='bbox 2740 1051 2805 1109; x_wconf 91' lang='lat' dir='ltr'>et</span> <span class='ocrx_word' id='word_1_324' title='bbox 2878 1049 3211 1124; x_wconf 89' lang='lat' dir='ltr'>passione.</span> <span class='ocrx_word' id='word_1_325' title='bbox 3274 1048 3458 1107; x_wconf 88' lang='lat' dir='ltr'>Patet</span> <span class='ocrx_word' id='word_1_326' title='bbox 3531 1046 3617 1107; x_wconf 89' lang='lat' dir='ltr'>de</span> 
     </span>
     <span class='ocr_line' id='line_1_55' title="bbox 2069 1152 3620 1231; baseline -0.002 -16"><span class='ocrx_word' id='word_1_327' title='bbox 2069 1153 2362 1231; x_wconf 88' lang='lat' dir='ltr'>potentia</span> <span class='ocrx_word' id='word_1_328' title='bbox 2447 1156 2644 1215; x_wconf 89' lang='lat' dir='ltr'>etiam</span> <span class='ocrx_word' id='word_1_329' title='bbox 2713 1153 3067 1230; x_wconf 87' lang='lat' dir='ltr'>appetitiva</span> <span class='ocrx_word' id='word_1_330' title='bbox 3152 1157 3221 1214; x_wconf 91' lang='lat' dir='ltr'>et</span> <span class='ocrx_word' id='word_1_331' title='bbox 3294 1152 3620 1230; x_wconf 84' lang='lat' dir='ltr'>cognitiva</span> 
     </span>
     <span class='ocr_line' id='line_1_56' title="bbox 2066 1259 3621 1340; baseline -0.001 -18"><span class='ocrx_word' id='word_1_332' title='bbox 2066 1265 2379 1338; x_wconf 87' lang='lat' dir='ltr'>respectu</span> <span class='ocrx_word' id='word_1_333' title='bbox 2422 1261 2521 1322; x_wconf 92' lang='lat' dir='ltr'>sui</span> <span class='ocrx_word' id='word_1_334' title='bbox 2566 1267 2773 1334; x_wconf 81' lang='lat' dir='ltr'>actuS,</span> <span class='ocrx_word' id='word_1_335' title='bbox 2843 1260 2927 1322; x_wconf 89' lang='lat' dir='ltr'>de</span> <span class='ocrx_word' id='word_1_336' title='bbox 2976 1261 3158 1340; x_wconf 83' lang='lat' dir='ltr'>gravi</span> <span class='ocrx_word' id='word_1_337' title='bbox 3214 1259 3507 1321; x_wconf 87' lang='lat' dir='ltr'>similiter</span> <span class='ocrx_word' id='word_1_338' title='bbox 3548 1275 3621 1321; x_wconf 88' lang='lat' dir='ltr'>se</span> 
     </span>
     <span class='ocr_line' id='line_1_57' title="bbox 2067 1366 3620 1446; baseline -0.003 -16"><span class='ocrx_word' id='word_1_339' title='bbox 2067 1373 2400 1430; x_wconf 85' lang='lat' dir='ltr'>movente.</span> <span class='ocrx_word' id='word_1_340' title='bbox 2439 1367 2601 1430; x_wconf 87' lang='lat' dir='ltr'>illud</span> <span class='ocrx_word' id='word_1_341' title='bbox 2634 1369 2826 1430; x_wconf 87' lang='lat' dir='ltr'>etiam</span> <span class='ocrx_word' id='word_1_342' title='bbox 2860 1367 3041 1446; x_wconf 90' lang='lat' dir='ltr'>quod</span> <span class='ocrx_word' id='word_1_343' title='bbox 3074 1368 3281 1446; x_wconf 89' lang='lat' dir='ltr'>tangit</span> <span class='ocrx_word' id='word_1_344' title='bbox 3322 1366 3407 1428; x_wconf 89' lang='lat' dir='ltr'>de</span> <span class='ocrx_word' id='word_1_345' title='bbox 3452 1366 3620 1427; x_wconf 92' lang='lat' dir='ltr'>enti·</span> 
     </span>
     <span class='ocr_line' id='line_1_58' title="bbox 2073 1473 3622 1551; baseline -0.001 -15"><span class='ocrx_word' id='word_1_346' title='bbox 2073 1479 2207 1537; x_wconf 88' lang='lat' dir='ltr'>tate</span> <span class='ocrx_word' id='word_1_347' title='bbox 2271 1476 2615 1551; x_wconf 82' lang='lat' dir='ltr'>compositi</span> <span class='ocrx_word' id='word_1_348' title='bbox 2661 1475 2787 1536; x_wconf 86' lang='lat' dir='ltr'>alia</span> <span class='ocrx_word' id='word_1_349' title='bbox 2852 1476 2933 1536; x_wconf 92' lang='lat' dir='ltr'>ab</span> <span class='ocrx_word' id='word_1_350' title='bbox 2988 1476 3256 1537; x_wconf 84' lang='lat' dir='ltr'>entitate</span> <span class='ocrx_word' id='word_1_351' title='bbox 3318 1473 3622 1551; x_wconf 89' lang='lat' dir='ltr'>partium,</span> 
     </span>
     <span class='ocr_line' id='line_1_59' title="bbox 2071 1577 3620 1660; baseline -0.003 -16"><span class='ocrx_word' id='word_1_352' title='bbox 2071 1582 2275 1644; x_wconf 85' lang='lat' dir='ltr'>babet</span> <span class='ocrx_word' id='word_1_353' title='bbox 2322 1580 2802 1654; x_wconf 83' lang='lat' dir='ltr'>difficultatem,</span> <span class='ocrx_word' id='word_1_354' title='bbox 2841 1587 2916 1643; x_wconf 89' lang='lat' dir='ltr'>ut</span> <span class='ocrx_word' id='word_1_355' title='bbox 2957 1582 3147 1644; x_wconf 87' lang='lat' dir='ltr'>nosti.</span> <span class='ocrx_word' id='word_1_356' title='bbox 3201 1583 3385 1655; x_wconf 90' lang='lat' dir='ltr'>ltem,</span> <span class='ocrx_word' id='word_1_357' title='bbox 3438 1577 3620 1660; x_wconf 89' lang='lat' dir='ltr'>quod</span> 
     </span>
     <span class='ocr_line' id='line_1_60' title="bbox 2070 1686 3617 1767; baseline -0.003 -15"><span class='ocrx_word' id='word_1_358' title='bbox 2070 1689 2248 1752; x_wconf 87' lang='lat' dir='ltr'>idem</span> <span class='ocrx_word' id='word_1_359' title='bbox 2306 1703 2439 1751; x_wconf 87' lang='lat' dir='ltr'>non</span> <span class='ocrx_word' id='word_1_360' title='bbox 2495 1693 2577 1752; x_wconf 89' lang='lat' dir='ltr'>sit</span> <span class='ocrx_word' id='word_1_361' title='bbox 2620 1706 2657 1751; x_wconf 90' lang='lat' dir='ltr'>a</span> <span class='ocrx_word' id='word_1_362' title='bbox 2704 1689 3029 1767; x_wconf 80' lang='lat' dir='ltr'>pluribuS,</span> <span class='ocrx_word' id='word_1_363' title='bbox 3100 1689 3309 1766; x_wconf 91' lang='lat' dir='ltr'>primo</span> <span class='ocrx_word' id='word_1_364' title='bbox 3355 1686 3617 1749; x_wconf 85' lang='lat' dir='ltr'>videtur</span> 
     </span>
     <span class='ocr_line' id='line_1_61' title="bbox 2074 1795 3626 1876; baseline -0.003 -16"><span class='ocrx_word' id='word_1_365' title='bbox 2074 1813 2225 1860; x_wconf 89' lang='lat' dir='ltr'>esse</span> <span class='ocrx_word' id='word_1_366' title='bbox 2258 1802 2485 1860; x_wconf 87' lang='lat' dir='ltr'>contra</span> <span class='ocrx_word' id='word_1_367' title='bbox 2513 1798 2711 1860; x_wconf 88' lang='lat' dir='ltr'>istum</span> <span class='ocrx_word' id='word_1_368' title='bbox 2756 1800 2823 1858; x_wconf 89' lang='lat' dir='ltr'>in</span> <span class='ocrx_word' id='word_1_369' title='bbox 2866 1795 3201 1876; x_wconf 87' lang='lat' dir='ltr'>plerisque</span> <span class='ocrx_word' id='word_1_370' title='bbox 3253 1795 3463 1857; x_wconf 88' lang='lat' dir='ltr'>locis:</span> <span class='ocrx_word' id='word_1_371' title='bbox 3511 1811 3626 1874; x_wconf 91' lang='lat' dir='ltr'>po-</span> 
     </span>
     <span class='ocr_line' id='line_1_62' title="bbox 2076 1901 3626 1984; baseline -0.002 -19"><span class='ocrx_word' id='word_1_372' title='bbox 2076 1905 2168 1966; x_wconf 90' lang='lat' dir='ltr'>nit</span> <span class='ocrx_word' id='word_1_373' title='bbox 2226 1907 2402 1968; x_wconf 87' lang='lat' dir='ltr'>enim</span> <span class='ocrx_word' id='word_1_374' title='bbox 2464 1906 2675 1984; x_wconf 89' lang='lat' dir='ltr'>plura,</span> <span class='ocrx_word' id='word_1_375' title='bbox 2738 1909 2805 1965; x_wconf 89' lang='lat' dir='ltr'>et</span> <span class='ocrx_word' id='word_1_376' title='bbox 2854 1902 3165 1984; x_wconf 85' lang='lat' dir='ltr'>ejusdem</span> <span class='ocrx_word' id='word_1_377' title='bbox 3228 1908 3294 1963; x_wconf 90' lang='lat' dir='ltr'>et</span> <span class='ocrx_word' id='word_1_378' title='bbox 3354 1901 3626 1964; x_wconf 86' lang='lat' dir='ltr'>alterius</span> 
     </span>
     <span class='ocr_line' id='line_1_63' title="bbox 2073 2008 3626 2084; baseline -0.003 -10"><span class='ocrx_word' id='word_1_379' title='bbox 2073 2012 2345 2074; x_wconf 88' lang='lat' dir='ltr'>rationis</span> <span class='ocrx_word' id='word_1_380' title='bbox 2380 2028 2779 2075; x_wconf 85' lang='lat' dir='ltr'>concurrere</span> <span class='ocrx_word' id='word_1_381' title='bbox 2810 2010 2894 2073; x_wconf 88' lang='lat' dir='ltr'>ad</span> <span class='ocrx_word' id='word_1_382' title='bbox 2927 2008 3240 2073; x_wconf 89' lang='lat' dir='ltr'>eumdem</span> <span class='ocrx_word' id='word_1_383' title='bbox 3293 2009 3626 2084; x_wconf 81' lang='lat' dir='ltr'>effectum,</span> 
     </span>
     <span class='ocr_line' id='line_1_64' title="bbox 2070 2116 3633 2198; baseline -0.004 -16"><span class='ocrx_word' id='word_1_384' title='bbox 2070 2125 2148 2182; x_wconf 89' lang='lat' dir='ltr'>ut</span> <span class='ocrx_word' id='word_1_385' title='bbox 2193 2123 2374 2198; x_wconf 88' lang='lat' dir='ltr'>patet</span> <span class='ocrx_word' id='word_1_386' title='bbox 2420 2118 2503 2181; x_wconf 92' lang='lat' dir='ltr'>de</span> <span class='ocrx_word' id='word_1_387' title='bbox 2557 2118 2851 2197; x_wconf 87' lang='lat' dir='ltr'>potentia</span> <span class='ocrx_word' id='word_1_388' title='bbox 2904 2121 2971 2179; x_wconf 90' lang='lat' dir='ltr'>et</span> <span class='ocrx_word' id='word_1_389' title='bbox 3022 2116 3279 2197; x_wconf 88' lang='lat' dir='ltr'>objecto</span> <span class='ocrx_word' id='word_1_390' title='bbox 3321 2118 3633 2193; x_wconf 89' lang='lat' dir='ltr'>respectu</span> 
     </span>
     <span class='ocr_line' id='line_1_65' title="bbox 2077 2221 3631 2307; baseline -0.006 -16"><span class='ocrx_word' id='word_1_391' title='bbox 2077 2228 2500 2307; x_wconf 82' lang='lat' dir='ltr'>operationis,</span> <span class='ocrx_word' id='word_1_392' title='bbox 2548 2232 2731 2306; x_wconf 89' lang='lat' dir='ltr'>patre</span> <span class='ocrx_word' id='word_1_393' title='bbox 2775 2231 2841 2288; x_wconf 91' lang='lat' dir='ltr'>et</span> <span class='ocrx_word' id='word_1_394' title='bbox 2870 2231 3076 2288; x_wconf 90' lang='lat' dir='ltr'>matre</span> <span class='ocrx_word' id='word_1_395' title='bbox 3100 2226 3164 2286; x_wconf 92' lang='lat' dir='ltr'>in</span> <span class='ocrx_word' id='word_1_396' title='bbox 3197 2221 3631 2304; x_wconf 86' lang='lat' dir='ltr'>generatione</span> 
     </span>
     <span class='ocr_line' id='line_1_66' title="bbox 2078 2334 3632 2414; baseline -0.005 -17"><span class='ocrx_word' id='word_1_397' title='bbox 2078 2335 2302 2414; x_wconf 81' lang='lat' dir='ltr'>proliS‚</span> <span class='ocrx_word' id='word_1_398' title='bbox 2352 2335 2650 2413; x_wconf 89' lang='lat' dir='ltr'>pluribus</span> <span class='ocrx_word' id='word_1_399' title='bbox 2682 2338 2879 2397; x_wconf 87' lang='lat' dir='ltr'>etiam</span> <span class='ocrx_word' id='word_1_400' title='bbox 2907 2337 2974 2397; x_wconf 89' lang='lat' dir='ltr'>in</span> <span class='ocrx_word' id='word_1_401' title='bbox 3009 2338 3219 2396; x_wconf 88' lang='lat' dir='ltr'>tractu</span> <span class='ocrx_word' id='word_1_402' title='bbox 3246 2334 3428 2394; x_wconf 89' lang='lat' dir='ltr'>navis</span> <span class='ocrx_word' id='word_1_403' title='bbox 3470 2345 3632 2393; x_wconf 89' lang='lat' dir='ltr'>con-</span> 
     </span>
     <span class='ocr_line' id='line_1_67' title="bbox 2082 2443 2521 2506; baseline -0.005 0"><span class='ocrx_word' id='word_1_404' title='bbox 2082 2443 2521 2506; x_wconf 77' lang='lat' dir='ltr'>currentibus,</span> 
     </span>
    </p>

    <p class='ocr_par' dir='ltr' id='par_1_8' title="bbox 2075 2546 3641 3594">
     <span class='ocr_line' id='line_1_68' title="bbox 2163 2546 3629 2627; baseline -0.004 -17"><span class='ocrx_word' id='word_1_405' title='bbox 2163 2551 2426 2625; x_wconf 88' lang='lat' dir='ltr'>Quinte,</span> <span class='ocrx_word' id='word_1_406' title='bbox 2498 2550 2668 2611; x_wconf 88' lang='lat' dir='ltr'>circa</span> <span class='ocrx_word' id='word_1_407' title='bbox 2734 2551 3087 2627; x_wconf 89' lang='lat' dir='ltr'>septimam</span> <span class='ocrx_word' id='word_1_408' title='bbox 3139 2546 3629 2608; x_wconf 89' lang='lat' dir='ltr'>conclusionem</span> 
     </span>
     <span class='ocr_line' id='line_1_69' title="bbox 2084 2652 3631 2735; baseline -0.005 -18"><span class='ocrx_word' id='word_1_409' title='bbox 2084 2662 2150 2717; x_wconf 88' lang='lat' dir='ltr'>et</span> <span class='ocrx_word' id='word_1_410' title='bbox 2195 2657 2342 2735; x_wconf 88' lang='lat' dir='ltr'>ejus</span> <span class='ocrx_word' id='word_1_411' title='bbox 2375 2656 2855 2733; x_wconf 88' lang='lat' dir='ltr'>probationem,</span> <span class='ocrx_word' id='word_1_412' title='bbox 2888 2653 3244 2716; x_wconf 90' lang='lat' dir='ltr'>dubitatur.</span> <span class='ocrx_word' id='word_1_413' title='bbox 3288 2652 3447 2712; x_wconf 87' lang='lat' dir='ltr'>Nam</span> <span class='ocrx_word' id='word_1_414' title='bbox 3489 2667 3631 2711; x_wconf 89' lang='lat' dir='ltr'>om·</span> 
     </span>
     <span class='ocr_line' id='line_1_70' title="bbox 2079 2759 3629 2839; baseline -0.005 -16"><span class='ocrx_word' id='word_1_415' title='bbox 2079 2765 2180 2823; x_wconf 90' lang='lat' dir='ltr'>nis</span> <span class='ocrx_word' id='word_1_416' title='bbox 2222 2770 2524 2824; x_wconf 84' lang='lat' dir='ltr'>creatura</span> <span class='ocrx_word' id='word_1_417' title='bbox 2575 2768 2674 2824; x_wconf 92' lang='lat' dir='ltr'>est</span> <span class='ocrx_word' id='word_1_418' title='bbox 2721 2764 3110 2839; x_wconf 78' lang='lat' dir='ltr'>composita,</span> <span class='ocrx_word' id='word_1_419' title='bbox 3157 2765 3230 2821; x_wconf 90' lang='lat' dir='ltr'>ut</span> <span class='ocrx_word' id='word_1_420' title='bbox 3260 2760 3320 2821; x_wconf 85' lang='lat'>8.</span> <span class='ocrx_word' id='word_1_421' title='bbox 3353 2759 3629 2819; x_wconf 75' lang='lat' dir='ltr'>distinct.</span> 
     </span>
     <span class='ocr_line' id='line_1_71' title="bbox 2075 2871 3637 2949; baseline -0.003 -19"><span class='ocrx_word' id='word_1_422' title='bbox 2075 2871 2306 2947; x_wconf 74' lang='lat' dir='ltr'>primi,</span> <span class='ocrx_word' id='word_1_423' title='bbox 2338 2879 2553 2949; x_wconf 76' lang='lat' dir='ltr'>quaesc.</span> <span class='ocrx_word' id='word_1_424' title='bbox 2586 2871 2969 2943; x_wconf 77' lang='lat' dir='ltr'>2.liabetu1·,</span> <span class='ocrx_word' id='word_1_425' title='bbox 3011 2872 3392 2930; x_wconf 87' lang='lat' dir='ltr'>nontamen</span> <span class='ocrx_word' id='word_1_426' title='bbox 3433 2871 3637 2927; x_wconf 88' lang='lat' dir='ltr'>mate·</span> 
     </span>
     <span class='ocr_line' id='line_1_72' title="bbox 2083 2975 3638 3056; baseline -0.001 -18"><span class='ocrx_word' id='word_1_427' title='bbox 2083 2979 2267 3040; x_wconf 87' lang='lat' dir='ltr'>riata.</span> <span class='ocrx_word' id='word_1_428' title='bbox 2295 2980 2483 3054; x_wconf 81' lang='lat' dir='ltr'>Item,</span> <span class='ocrx_word' id='word_1_429' title='bbox 2509 2981 2788 3041; x_wconf 89' lang='lat' dir='ltr'>sustinet</span> <span class='ocrx_word' id='word_1_430' title='bbox 2812 2980 2931 3040; x_wconf 85' lang='lat' dir='ltr'>iste</span> <span class='ocrx_word' id='word_1_431' title='bbox 2954 2976 3381 3056; x_wconf 87' lang='lat' dir='ltr'>probabiliter</span> <span class='ocrx_word' id='word_1_432' title='bbox 3408 2975 3467 3035; x_wconf 93' lang='grc'>7.</span> <span class='ocrx_word' id='word_1_433' title='bbox 3491 2982 3557 3036; x_wconf 88' lang='lat' dir='ltr'>et</span> <span class='ocrx_word' id='word_1_434' title='bbox 3580 2975 3638 3036; x_wconf 88' lang='grc'><strong>8.</strong></span> 
     </span>
     <span class='ocr_line' id='line_1_73' title="bbox 2084 3082 3636 3161; baseline -0.002 -17"><span class='ocrx_word' id='word_1_435' title='bbox 2084 3086 2360 3161; x_wconf 78' lang='lat' dir='ltr'>Mecaph.</span> <span class='ocrx_word' id='word_1_436' title='bbox 2408 3084 2778 3146; x_wconf 86' lang='lat' dir='ltr'>accidentia</span> <span class='ocrx_word' id='word_1_437' title='bbox 2827 3101 2975 3147; x_wconf 89' lang='lat' dir='ltr'>esse</span> <span class='ocrx_word' id='word_1_438' title='bbox 3035 3101 3188 3146; x_wconf 90' lang='lat' dir='ltr'>vere</span> <span class='ocrx_word' id='word_1_439' title='bbox 3248 3082 3636 3158; x_wconf 87' lang='lat' dir='ltr'>composita,</span> 
     </span>
     <span class='ocr_line' id='line_1_74' title="bbox 2087 3192 3641 3270; baseline 0.001 -19"><span class='ocrx_word' id='word_1_440' title='bbox 2087 3198 2154 3254; x_wconf 85' lang='lat' dir='ltr'>et</span> <span class='ocrx_word' id='word_1_441' title='bbox 2197 3192 2495 3255; x_wconf 77' lang='lat' dir='ltr'>similiter</span> <span class='ocrx_word' id='word_1_442' title='bbox 2524 3209 2754 3254; x_wconf 90' lang='lat' dir='ltr'>omnes</span> <span class='ocrx_word' id='word_1_443' title='bbox 2782 3193 3042 3270; x_wconf 89' lang='lat' dir='ltr'>species</span> <span class='ocrx_word' id='word_1_444' title='bbox 3076 3192 3384 3255; x_wconf 71' lang='lat' dir='ltr'>⁴omnium</span> <span class='ocrx_word' id='word_1_445' title='bbox 3433 3205 3641 3270; x_wconf 90' lang='lat' dir='ltr'>gene-</span> 
     </span>
     <span class='ocr_line' id='line_1_75' title="bbox 2084 3299 3637 3377; baseline -0.003 -15"><span class='ocrx_word' id='word_1_446' title='bbox 2084 3317 2255 3372; x_wconf 88' lang='lat' dir='ltr'>rum,</span> <span class='ocrx_word' id='word_1_447' title='bbox 2288 3305 2360 3361; x_wconf 87' lang='lat' dir='ltr'>ut</span> <span class='ocrx_word' id='word_1_448' title='bbox 2386 3300 2443 3361; x_wconf 87' lang='lat'>8.</span> <span class='ocrx_word' id='word_1_449' title='bbox 2481 3302 2624 3362; x_wconf 74' lang='lat' dir='ltr'>disc.</span> <span class='ocrx_word' id='word_1_450' title='bbox 2650 3302 2880 3377; x_wconf 73' lang='lat' dir='ltr'>primi,</span> <span class='ocrx_word' id='word_1_451' title='bbox 2921 3306 3140 3377; x_wconf 75' lang='lat' dir='ltr'>quoesc.</span> <span class='ocrx_word' id='word_1_452' title='bbox 3176 3302 3236 3361; x_wconf 90' lang='grc'><strong>2.</strong></span> <span class='ocrx_word' id='word_1_453' title='bbox 3312 3299 3637 3371; x_wconf 80' lang='lat' dir='ltr'>liabetur;</span> 
     </span>
     <span class='ocr_line' id='line_1_76' title="bbox 2088 3407 3637 3488; baseline -0.003 -18"><span class='ocrx_word' id='word_1_454' title='bbox 2088 3423 2219 3471; x_wconf 91' lang='lat' dir='ltr'>non</span> <span class='ocrx_word' id='word_1_455' title='bbox 2248 3407 2509 3470; x_wconf 88' lang='lat' dir='ltr'>videtur</span> <span class='ocrx_word' id='word_1_456' title='bbox 2560 3424 2718 3488; x_wconf 89' lang='lat' dir='ltr'>ergo</span> <span class='ocrx_word' id='word_1_457' title='bbox 2765 3424 3016 3481; x_wconf 88' lang='lat' dir='ltr'>verum,</span> <span class='ocrx_word' id='word_1_458' title='bbox 3070 3407 3225 3468; x_wconf 84' lang='lat' dir='ltr'>nihil</span> <span class='ocrx_word' id='word_1_459' title='bbox 3261 3422 3408 3468; x_wconf 86' lang='lat' dir='ltr'>esse</span> <span class='ocrx_word' id='word_1_460' title='bbox 3456 3422 3637 3468; x_wconf 90' lang='lat' dir='ltr'>com-</span> 
     </span>
     <span class='ocr_line' id='line_1_77' title="bbox 2086 3511 3409 3594; baseline -0.002 -17"><span class='ocrx_word' id='word_1_461' title='bbox 2086 3517 2375 3593; x_wconf 90' lang='lat' dir='ltr'>positum</span> <span class='ocrx_word' id='word_1_462' title='bbox 2420 3511 2599 3594; x_wconf 91' lang='lat' dir='ltr'>quod</span> <span class='ocrx_word' id='word_1_463' title='bbox 2648 3531 2775 3576; x_wconf 90' lang='lat' dir='ltr'>non</span> <span class='ocrx_word' id='word_1_464' title='bbox 2808 3516 3009 3577; x_wconf 86' lang='lat' dir='ltr'>habet</span> <span class='ocrx_word' id='word_1_465' title='bbox 3048 3515 3409 3575; x_wconf 88' lang='lat' dir='ltr'>materiam.</span> 
     </span>
    </p>

    <p class='ocr_par' dir='ltr' id='par_1_9' title="bbox 2088 3622 3649 3924">
     <span class='ocr_line' id='line_1_78' title="bbox 2177 3622 3649 3697; baseline 0 -13"><span class='ocrx_word' id='word_1_466' title='bbox 2177 3624 2399 3697; x_wconf 81' lang='lat' dir='ltr'>Sexto,</span> <span class='ocrx_word' id='word_1_467' title='bbox 2482 3625 2650 3687; x_wconf 89' lang='lat' dir='ltr'>circa</span> <span class='ocrx_word' id='word_1_468' title='bbox 2727 3638 2969 3685; x_wconf 90' lang='lat' dir='ltr'>nonam</span> <span class='ocrx_word' id='word_1_469' title='bbox 3028 3622 3519 3684; x_wconf 89' lang='lat' dir='ltr'>conclusionem</span> <span class='ocrx_word' id='word_1_470' title='bbox 3580 3626 3649 3684; x_wconf 85' lang='lat' dir='ltr'>et</span> 
     </span>
     <span class='ocr_line' id='line_1_79' title="bbox 2088 3731 3633 3816; baseline -0.005 -18"><span class='ocrx_word' id='word_1_471' title='bbox 2088 3737 2513 3816; x_wconf 88' lang='lat' dir='ltr'>probationes</span> <span class='ocrx_word' id='word_1_472' title='bbox 2552 3736 2779 3813; x_wconf 72' lang='lat' dir='ltr'>ipsiuS.</span> <span class='ocrx_word' id='word_1_473' title='bbox 2836 3734 3171 3796; x_wconf 89' lang='lat' dir='ltr'>dubitatur</span> <span class='ocrx_word' id='word_1_474' title='bbox 3201 3731 3432 3809; x_wconf 85' lang='lat' dir='ltr'>prime,</span> <span class='ocrx_word' id='word_1_475' title='bbox 3483 3748 3633 3793; x_wconf 91' lang='lat' dir='ltr'>cum</span> 
     </span>
     <span class='ocr_line' id='line_1_80' title="bbox 2092 3840 3642 3924; baseline -0.005 -17"><span class='ocrx_word' id='word_1_476' title='bbox 2092 3847 2246 3907; x_wconf 87' lang='lat' dir='ltr'>dicit</span> <span class='ocrx_word' id='word_1_477' title='bbox 2277 3843 2458 3924; x_wconf 87' lang='lat' dir='ltr'>quod</span> <span class='ocrx_word' id='word_1_478' title='bbox 2513 3844 2782 3905; x_wconf 84' lang='lat' dir='ltr'>materia</span> <span class='ocrx_word' id='word_1_479' title='bbox 2819 3846 2921 3902; x_wconf 89' lang='lat' dir='ltr'>est</span> <span class='ocrx_word' id='word_1_480' title='bbox 2961 3840 3446 3918; x_wconf 88' lang='lat' dir='ltr'>independens.</span> <span class='ocrx_word' id='word_1_481' title='bbox 3484 3842 3642 3902; x_wconf 91' lang='lat' dir='ltr'>Nam</span> 
     </span>
    </p>
   </div>
   <div class='ocr_carea' id='block_1_7' title="bbox 2089 3947 3693 4030">
    <p class='ocr_par' dir='ltr' id='par_1_10' title="bbox 2089 3947 3693 4030">
     <span class='ocr_line' id='line_1_81' title="bbox 2089 3947 3693 4030; baseline -0.004 -17"><span class='ocrx_word' id='word_1_482' title='bbox 2089 3953 2467 4030; x_wconf 87' lang='lat' dir='ltr'>oppositum</span> <span class='ocrx_word' id='word_1_483' title='bbox 2498 3948 2758 4011; x_wconf 88' lang='lat' dir='ltr'>videtur</span> <span class='ocrx_word' id='word_1_484' title='bbox 2786 3947 2847 4009; x_wconf 88' lang='grc'>8.</span> <span class='ocrx_word' id='word_1_485' title='bbox 2884 3950 3157 4009; x_wconf 76' lang='lat' dir='ltr'>distinct.</span> <span class='ocrx_word' id='word_1_486' title='bbox 3195 3950 3414 4024; x_wconf 72' lang='lat' dir='ltr'>primi,</span> <span class='ocrx_word' id='word_1_487' title='bbox 3449 3963 3643 4023; x_wconf 73' lang='lat' dir='ltr'>quaes-</span> <span class='ocrx_word' id='word_1_488' title='bbox 3684 3984 3693 3995; x_wconf 84' lang='lat'><em>·</em></span> 
     </span>
    </p>
   </div>
   <div class='ocr_carea' id='block_1_8' title="bbox 2091 4055 3658 5638">
    <p class='ocr_par' dir='ltr' id='par_1_11' title="bbox 2091 4055 3658 5638">
     <span class='ocr_line' id='line_1_82' title="bbox 2091 4055 3649 4130; baseline -0.004 -10"><span class='ocrx_word' id='word_1_489' title='bbox 2091 4060 2313 4121; x_wconf 76' lang='lat' dir='ltr'>tionib.</span> <span class='ocrx_word' id='word_1_490' title='bbox 2374 4061 2425 4119; x_wconf 87' lang='lat' dir='ltr'>l.</span> <span class='ocrx_word' id='word_1_491' title='bbox 2482 4065 2547 4119; x_wconf 90' lang='lat' dir='ltr'>et</span> <span class='ocrx_word' id='word_1_492' title='bbox 2590 4059 2653 4117; x_wconf 91' lang='grc'><strong>2.</strong></span> <span class='ocrx_word' id='word_1_493' title='bbox 2702 4057 2974 4116; x_wconf 78' lang='lat' dir='ltr'>distinct.</span> <span class='ocrx_word' id='word_1_494' title='bbox 3032 4056 3083 4113; x_wconf 89' lang='lat' dir='ltr'>l.</span> <span class='ocrx_word' id='word_1_495' title='bbox 3131 4055 3433 4130; x_wconf 74' lang='lat' dir='ltr'>3.quaest.</span> <span class='ocrx_word' id='word_1_496' title='bbox 3489 4055 3542 4115; x_wconf 93' lang='lat' dir='ltr'>l.</span> <span class='ocrx_word' id='word_1_497' title='bbox 3580 4059 3649 4114; x_wconf 92' lang='lat' dir='ltr'>et</span> 
     </span>
     <span class='ocr_line' id='line_1_83' title="bbox 2097 4161 3642 4243; baseline -0.006 -13"><span class='ocrx_word' id='word_1_498' title='bbox 2097 4167 2247 4230; x_wconf 90' lang='lat' dir='ltr'>alibi</span> <span class='ocrx_word' id='word_1_499' title='bbox 2278 4182 2483 4243; x_wconf 84' lang='lat' dir='ltr'>saepe.</span> <span class='ocrx_word' id='word_1_500' title='bbox 2518 4165 2727 4241; x_wconf 79' lang='lat' dir='ltr'>Primo</span> <span class='ocrx_word' id='word_1_501' title='bbox 2756 4163 2952 4225; x_wconf 92' lang='lat' dir='ltr'>etiam</span> <span class='ocrx_word' id='word_1_502' title='bbox 2982 4161 3408 4240; x_wconf 79' lang='lat' dir='ltr'>physicorum</span> <span class='ocrx_word' id='word_1_503' title='bbox 3437 4161 3642 4223; x_wconf 86' lang='lat' dir='ltr'>habe·</span> 
     </span>
     <span class='ocr_line' id='line_1_84' title="bbox 2101 4267 3642 4354; baseline -0.005 -18"><span class='ocrx_word' id='word_1_504' title='bbox 2101 4281 2227 4346; x_wconf 83' lang='lat' dir='ltr'>tur,</span> <span class='ocrx_word' id='word_1_505' title='bbox 2254 4272 2435 4352; x_wconf 86' lang='lat' dir='ltr'>quod</span> <span class='ocrx_word' id='word_1_506' title='bbox 2459 4271 2877 4354; x_wconf 87' lang='lat' dir='ltr'>cognoscitur</span> <span class='ocrx_word' id='word_1_507' title='bbox 2891 4268 3256 4330; x_wconf 87' lang='lat' dir='ltr'>secundum</span> <span class='ocrx_word' id='word_1_508' title='bbox 3279 4267 3642 4345; x_wconf 89' lang='lat' dir='ltr'>analogiam</span> 
     </span>
     <span class='ocr_line' id='line_1_85' title="bbox 2102 4376 3645 4457; baseline -0.004 -13"><span class='ocrx_word' id='word_1_509' title='bbox 2102 4384 2186 4444; x_wconf 89' lang='lat' dir='ltr'>ad</span> <span class='ocrx_word' id='word_1_510' title='bbox 2224 4382 2529 4455; x_wconf 71' lang='lat' dir='ltr'>formam,</span> <span class='ocrx_word' id='word_1_511' title='bbox 2579 4376 3113 4457; x_wconf 87' lang='lat' dir='ltr'>unumquodque</span> <span class='ocrx_word' id='word_1_512' title='bbox 3169 4381 3393 4438; x_wconf 89' lang='lat' dir='ltr'>autem</span> <span class='ocrx_word' id='word_1_513' title='bbox 3438 4378 3532 4439; x_wconf 90' lang='lat' dir='ltr'>sic</span> <span class='ocrx_word' id='word_1_514' title='bbox 3572 4393 3645 4438; x_wconf 89' lang='lat' dir='ltr'>se</span> 
     </span>
     <span class='ocr_line' id='line_1_86' title="bbox 2099 4484 3653 4564; baseline -0.005 -12"><span class='ocrx_word' id='word_1_515' title='bbox 2099 4489 2412 4553; x_wconf 69' lang='lat' dir='ltr'>habetati</span> <span class='ocrx_word' id='word_1_516' title='bbox 2444 4507 2593 4560; x_wconf 81' lang='lat' dir='ltr'>esse,</span> <span class='ocrx_word' id='word_1_517' title='bbox 2630 4494 2759 4551; x_wconf 88' lang='lat' dir='ltr'>etc.</span> <span class='ocrx_word' id='word_1_518' title='bbox 2799 4488 2979 4559; x_wconf 91' lang='lat' dir='ltr'>ltem,</span> <span class='ocrx_word' id='word_1_519' title='bbox 3017 4484 3277 4548; x_wconf 89' lang='lat' dir='ltr'>videtur</span> <span class='ocrx_word' id='word_1_520' title='bbox 3309 4484 3488 4564; x_wconf 90' lang='lat' dir='ltr'>quod</span> <span class='ocrx_word' id='word_1_521' title='bbox 3514 4501 3653 4545; x_wconf 88' lang='lat' dir='ltr'>ma-</span> 
     </span>
     <span class='ocr_line' id='line_1_87' title="bbox 2105 4589 3657 4672; baseline -0.003 -15"><span class='ocrx_word' id='word_1_522' title='bbox 2105 4597 2264 4658; x_wconf 88' lang='lat' dir='ltr'>teria</span> <span class='ocrx_word' id='word_1_523' title='bbox 2297 4612 2428 4658; x_wconf 84' lang='lat' dir='ltr'>non</span> <span class='ocrx_word' id='word_1_524' title='bbox 2464 4594 2654 4656; x_wconf 92' lang='lat' dir='ltr'>modo</span> <span class='ocrx_word' id='word_1_525' title='bbox 2691 4593 2970 4672; x_wconf 87' lang='lat' dir='ltr'>origine,</span> <span class='ocrx_word' id='word_1_526' title='bbox 3003 4589 3125 4654; x_wconf 72' lang='lat' dir='ltr'>sed</span> <span class='ocrx_word' id='word_1_527' title='bbox 3160 4590 3565 4669; x_wconf 81' lang='lat' dir='ltr'>perfectione</span> <span class='ocrx_word' id='word_1_528' title='bbox 3591 4595 3657 4652; x_wconf 91' lang='lat' dir='ltr'>et</span> 
     </span>
     <span class='ocr_line' id='line_1_88' title="bbox 2105 4696 3655 4778; baseline -0.003 -15"><span class='ocrx_word' id='word_1_529' title='bbox 2105 4704 2486 4771; x_wconf 84' lang='lat' dir='ltr'>eminentia,</span> <span class='ocrx_word' id='word_1_530' title='bbox 2534 4702 2615 4761; x_wconf 90' lang='lat' dir='ltr'>sit</span> <span class='ocrx_word' id='word_1_531' title='bbox 2662 4700 2836 4777; x_wconf 90' lang='lat' dir='ltr'>prior</span> <span class='ocrx_word' id='word_1_532' title='bbox 2874 4696 3104 4771; x_wconf 81' lang='lat' dir='ltr'>forma,</span> <span class='ocrx_word' id='word_1_533' title='bbox 3156 4698 3346 4778; x_wconf 87' lang='lat' dir='ltr'>cujus</span> <span class='ocrx_word' id='word_1_534' title='bbox 3396 4699 3655 4777; x_wconf 90' lang='lat' dir='ltr'>opposi-</span> 
     </span>
     <span class='ocr_line' id='line_1_89' title="bbox 2104 4804 3650 4883; baseline -0.005 -10"><span class='ocrx_word' id='word_1_535' title='bbox 2104 4818 2237 4873; x_wconf 88' lang='lat' dir='ltr'>tum</span> <span class='ocrx_word' id='word_1_536' title='bbox 2298 4808 2473 4871; x_wconf 91' lang='lat' dir='ltr'>dicit.</span> <span class='ocrx_word' id='word_1_537' title='bbox 2531 4809 2691 4869; x_wconf 84' lang='lat' dir='ltr'>Nam</span> <span class='ocrx_word' id='word_1_538' title='bbox 2750 4804 2910 4868; x_wconf 91' lang='lat' dir='ltr'>illud</span> <span class='ocrx_word' id='word_1_539' title='bbox 2953 4804 3216 4867; x_wconf 88' lang='lat' dir='ltr'>videtur</span> <span class='ocrx_word' id='word_1_540' title='bbox 3272 4804 3650 4883; x_wconf 79' lang='lat' dir='ltr'>perfectius,</span> 
     </span>
     <span class='ocr_line' id='line_1_90' title="bbox 2106 4912 3653 4996; baseline -0.004 -19"><span class='ocrx_word' id='word_1_541' title='bbox 2106 4914 2285 4996; x_wconf 90' lang='lat' dir='ltr'>quod</span> <span class='ocrx_word' id='word_1_542' title='bbox 2307 4916 2519 4977; x_wconf 88' lang='lat' dir='ltr'>solum</span> <span class='ocrx_word' id='word_1_543' title='bbox 2548 4919 2648 4976; x_wconf 88' lang='lat' dir='ltr'>est</span> <span class='ocrx_word' id='word_1_544' title='bbox 2676 4912 3080 4991; x_wconf 90' lang='lat' dir='ltr'>producibile</span> <span class='ocrx_word' id='word_1_545' title='bbox 3105 4930 3137 4972; x_wconf 90' lang='lat' dir='ltr'>a</span> <span class='ocrx_word' id='word_1_546' title='bbox 3176 4929 3371 4975; x_wconf 63' lang='lat' dir='ltr'>causa</span> <span class='ocrx_word' id='word_1_547' title='bbox 3404 4912 3653 4991; x_wconf 83' lang='lat' dir='ltr'>perfec-</span> 
     </span>
     <span class='ocr_line' id='line_1_91' title="bbox 2103 5020 3650 5100; baseline -0.004 -14"><span class='ocrx_word' id='word_1_548' title='bbox 2103 5025 2349 5086; x_wconf 90' lang='lat' dir='ltr'>tissima</span> <span class='ocrx_word' id='word_1_549' title='bbox 2386 5042 2399 5084; x_wconf 91' lang='lat'><strong>:</strong></span> <span class='ocrx_word' id='word_1_550' title='bbox 2433 5021 2552 5083; x_wconf 88' lang='lat' dir='ltr'>sed</span> <span class='ocrx_word' id='word_1_551' title='bbox 2593 5024 2861 5084; x_wconf 88' lang='lat' dir='ltr'>materia</span> <span class='ocrx_word' id='word_1_552' title='bbox 2910 5027 3011 5082; x_wconf 90' lang='lat' dir='ltr'>est</span> <span class='ocrx_word' id='word_1_553' title='bbox 3048 5020 3448 5100; x_wconf 85' lang='lat' dir='ltr'>hujusmodi,</span> <span class='ocrx_word' id='word_1_554' title='bbox 3508 5037 3650 5083; x_wconf 90' lang='lat' dir='ltr'>cum</span> 
     </span>
     <span class='ocr_line' id='line_1_92' title="bbox 2103 5126 3654 5193; baseline -0.004 0"><span class='ocrx_word' id='word_1_555' title='bbox 2103 5132 2188 5193; x_wconf 91' lang='lat' dir='ltr'>sit</span> <span class='ocrx_word' id='word_1_556' title='bbox 2244 5131 2561 5192; x_wconf 87' lang='lat' dir='ltr'>terminus</span> <span class='ocrx_word' id='word_1_557' title='bbox 2621 5127 2991 5189; x_wconf 88' lang='lat' dir='ltr'>creationis.</span> <span class='ocrx_word' id='word_1_558' title='bbox 3064 5126 3500 5189; x_wconf 81' lang='lat' dir='ltr'>confirmatur</span> <span class='ocrx_word' id='word_1_559' title='bbox 3574 5144 3654 5188; x_wconf 87' lang='lat' dir='ltr'>ex</span> 
     </span>
     <span class='ocr_line' id='line_1_93' title="bbox 2106 5236 3653 5316; baseline -0.002 -17"><span class='ocrx_word' id='word_1_560' title='bbox 2106 5237 2297 5299; x_wconf 90' lang='lat' dir='ltr'>dictis</span> <span class='ocrx_word' id='word_1_561' title='bbox 2341 5237 2540 5316; x_wconf 82' lang='lat' dir='ltr'>hujus</span> <span class='ocrx_word' id='word_1_562' title='bbox 2594 5236 2654 5296; x_wconf 93' lang='grc'>8.</span> <span class='ocrx_word' id='word_1_563' title='bbox 2716 5238 2990 5298; x_wconf 75' lang='lat' dir='ltr'>distinct.</span> <span class='ocrx_word' id='word_1_564' title='bbox 3040 5236 3269 5312; x_wconf 75' lang='lat' dir='ltr'>primi,</span> <span class='ocrx_word' id='word_1_565' title='bbox 3314 5243 3528 5311; x_wconf 77' lang='lat' dir='ltr'>quoesc.</span> <span class='ocrx_word' id='word_1_566' title='bbox 3593 5236 3653 5296; x_wconf 90' lang='lat'>3.</span> 
     </span>
     <span class='ocr_line' id='line_1_94' title="bbox 2106 5341 3656 5422; baseline -0.005 -14"><span class='ocrx_word' id='word_1_567' title='bbox 2106 5354 2331 5409; x_wconf 81' lang='lat' dir='ltr'>contra</span> <span class='ocrx_word' id='word_1_568' title='bbox 2380 5350 2569 5407; x_wconf 83' lang='lat' dir='ltr'>Henr.</span> <span class='ocrx_word' id='word_1_569' title='bbox 2633 5346 2742 5407; x_wconf 89' lang='lat' dir='ltr'>ubi</span> <span class='ocrx_word' id='word_1_570' title='bbox 2791 5345 2967 5416; x_wconf 89' lang='lat' dir='ltr'>dicit,</span> <span class='ocrx_word' id='word_1_571' title='bbox 3021 5342 3198 5422; x_wconf 88' lang='lat' dir='ltr'>quod</span> <span class='ocrx_word' id='word_1_572' title='bbox 3267 5342 3424 5404; x_wconf 88' lang='lat' dir='ltr'>illud</span> <span class='ocrx_word' id='word_1_573' title='bbox 3476 5341 3656 5422; x_wconf 91' lang='lat' dir='ltr'>quod</span> 
     </span>
     <span class='ocr_line' id='line_1_95' title="bbox 2109 5452 3657 5531; baseline -0.001 -16"><span class='ocrx_word' id='word_1_574' title='bbox 2109 5460 2212 5515; x_wconf 87' lang='lat' dir='ltr'>est</span> <span class='ocrx_word' id='word_1_575' title='bbox 2244 5455 2573 5531; x_wconf 87' lang='lat' dir='ltr'>posterius</span> <span class='ocrx_word' id='word_1_576' title='bbox 2614 5457 2843 5515; x_wconf 88' lang='lat' dir='ltr'>natura</span> <span class='ocrx_word' id='word_1_577' title='bbox 2908 5452 3057 5522; x_wconf 87' lang='lat' dir='ltr'>alio,</span> <span class='ocrx_word' id='word_1_578' title='bbox 3092 5468 3227 5512; x_wconf 87' lang='lat' dir='ltr'>non</span> <span class='ocrx_word' id='word_1_579' title='bbox 3260 5453 3478 5529; x_wconf 79' lang='lat' dir='ltr'>potest</span> <span class='ocrx_word' id='word_1_580' title='bbox 3509 5467 3657 5513; x_wconf 87' lang='lat' dir='ltr'>esse</span> 
     </span>
     <span class='ocr_line' id='line_1_96' title="bbox 2114 5559 3658 5638; baseline -0.001 -16"><span class='ocrx_word' id='word_1_581' title='bbox 2114 5559 2468 5638; x_wconf 86' lang='lat' dir='ltr'>perfectius</span> <span class='ocrx_word' id='word_1_582' title='bbox 2498 5562 2604 5623; x_wconf 90' lang='lat' dir='ltr'>illo</span> <span class='ocrx_word' id='word_1_583' title='bbox 2642 5579 2655 5619; x_wconf 91' lang='lat'><strong>:</strong></span> <span class='ocrx_word' id='word_1_584' title='bbox 2692 5560 2964 5622; x_wconf 87' lang='lat' dir='ltr'>materia</span> <span class='ocrx_word' id='word_1_585' title='bbox 3009 5567 3228 5620; x_wconf 87' lang='lat' dir='ltr'>autem</span> <span class='ocrx_word' id='word_1_586' title='bbox 3288 5565 3388 5621; x_wconf 80' lang='lat' dir='ltr'>est</span> <span class='ocrx_word' id='word_1_587' title='bbox 3424 5559 3658 5638; x_wconf 86' lang='lat' dir='ltr'>hujus-</span> 
     </span>
    </p>
   </div>
   <div class='ocr_carea' id='block_1_9' title="bbox 460 5665 3655 5750">
    <p class='ocr_par' dir='ltr' id='par_1_12' title="bbox 460 5665 3655 5750">
     <span class='ocr_line' id='line_1_97' title="bbox 460 5665 3655 5750; baseline -0.003 -13"><span class='ocrx_word' id='word_1_588' title='bbox 460 5681 585 5738; x_wconf 90' lang='lat' dir='ltr'>test</span> <span class='ocrx_word' id='word_1_589' title='bbox 620 5689 770 5737; x_wconf 87' lang='lat' dir='ltr'>esse</span> <span class='ocrx_word' id='word_1_590' title='bbox 820 5671 1101 5734; x_wconf 85' lang='lat' dir='ltr'>activum</span> <span class='ocrx_word' id='word_1_591' title='bbox 1135 5674 1201 5731; x_wconf 84' lang='lat' dir='ltr'>et</span> <span class='ocrx_word' id='word_1_592' title='bbox 1231 5667 1597 5748; x_wconf 88' lang='lat' dir='ltr'>passivum;</span> <span class='ocrx_word' id='word_1_593' title='bbox 1637 5686 1795 5750; x_wconf 88' lang='lat' dir='ltr'>ergo</span> <span class='ocrx_word' id='word_1_594' title='bbox 1830 5668 2004 5735; x_wconf 88' lang='lat' dir='ltr'>idem</span> <span class='ocrx_word' id='word_1_595' title='bbox 2113 5667 2297 5732; x_wconf 88' lang='lat' dir='ltr'>modi</span> <span class='ocrx_word' id='word_1_596' title='bbox 2318 5671 2374 5734; x_wconf 84' lang='lat'>9.</span> <span class='ocrx_word' id='word_1_597' title='bbox 2401 5669 2811 5749; x_wconf 75' lang='lat' dir='ltr'>Metaphysic-</span> <span class='ocrx_word' id='word_1_598' title='bbox 2845 5673 3157 5750; x_wconf 86' lang='lat' dir='ltr'>respectu</span> <span class='ocrx_word' id='word_1_599' title='bbox 3177 5665 3427 5729; x_wconf 81' lang='lat' dir='ltr'>formae.</span> <span class='ocrx_word' id='word_1_600' title='bbox 3471 5668 3655 5746; x_wconf 83' lang='lat' dir='ltr'>item,</span> 
     </span>
    </p>
   </div>
   <div class='ocr_carea' id='block_1_10' title="bbox 3787 3634 3847 3682">
    <p class='ocr_par' dir='ltr' id='par_1_13' title="bbox 3787 3634 3847 3682">
     <span class='ocr_line' id='line_1_98' title="bbox 3787 3634 3847 3682; baseline 0.017 -1"><span class='ocrx_word' id='word_1_601' title='bbox 3787 3634 3847 3682; x_wconf 75' lang='lat'>⁴8</span> 
     </span>
    </p>
   </div>
  </div>
 </body>
</html>
