4252 6393
192 5551 255 5605 12.

1753 458 2113 534 QUAEs‘rlo
2161 459 2264 519 xv
3493 461 3611 524 553

410 638 551 710 per
624 616 938 691 radium
1015 617 1398 700 divinum,
1492 618 1626 710 qui
1697 638 1943 711 super

409 737 752 807 mentem
785 737 1158 807 nostram
1194 734 1563 807 irradiat.

486 853 602 925 De
644 852 1049 925 habitibus
1072 873 1296 935 vero,
1345 874 1545 944 quos
1582 853 1658 924 in
1694 875 1778 924 se
1813 852 1943 923 lia-

400 970 552 1051 bet,
603 971 831 1064 quasi
877 970 1125 1043 simili
1182 972 1439 1052 modo,
1495 992 1780 1043 eorum
1813 972 1942 1043 du-

403 1087 585 1178 plex
630 1088 751 1159 est
795 1087 1183 1179 cognitio.
1222 1088 1423 1167 Una,
1473 1107 1629 1180 qua
1673 1087 1945 1159 anima

398 1203 842 1294 cognoscit,
913 1224 1011 1274 an
1085 1203 1409 1277 habitus
1473 1205 1625 1276 sibi
1700 1205 1936 1285 insit;

396 1319 584 1401 alia,
623 1340 779 1412 qua
812 1321 1232 1411 cognoscit
1269 1320 1454 1412 quid
1488 1322 1618 1393 sit.
1658 1323 1799 1392 Hae
1829 1325 1942 1393 ta·

400 1456 578 1507 men
618 1437 790 1509 duae
840 1435 1351 1527 cognitiones
1395 1435 1639 1509 aliter
1688 1457 1772 1508 se
1816 1435 1944 1506 ha-

395 1552 578 1625 bent
610 1552 834 1625 circa
862 1553 1212 1634 habitus,
1251 1552 1495 1626 aliter
1526 1553 1749 1626 circa
1783 1554 1943 1625 ani-

399 1690 640 1741 mam.
679 1670 1054 1761 Cognitio
1088 1669 1327 1751 enim,
1369 1690 1524 1762 qua
1548 1670 1727 1762 quis
1761 1689 1942 1761 cog-

393 1786 658 1860 noscit
692 1807 777 1858 se
815 1786 1112 1859 habere
1145 1785 1532 1866 habitum,
1582 1808 1941 1880 praesup-

395 1901 621 1994 ponit
645 1901 1051 1982 notitiam,
1092 1922 1250 1994 qua
1284 1902 1461 1993 quis
1486 1902 1935 1996 cognoscit,

392 2018 579 2111 quid
612 2019 718 2091 sit
752 2018 1101 2091 habitus.
1145 2021 1325 2091 Non
1359 2019 1570 2091 enim
1608 2040 1939 2112 possum

391 2136 606 2209 scire
679 2157 803 2208 me
871 2137 1171 2208 habere
1222 2137 1719 2218 castitatem,
1783 2137 1938 2209 nisi

390 2254 650 2327 sciam
674 2254 857 2346 quid
877 2256 998 2326 est
1025 2253 1393 2336 castitas,
1437 2254 1569 2326 sed
1591 2276 1688 2326 ex
1708 2259 1940 2348 parte

392 2371 683 2443 animae
717 2374 840 2443 est
874 2393 915 2442 e
953 2371 1397 2444 contrario.
1447 2372 1682 2445 Multi
1725 2373 1939 2445 enim

391 2487 661 2559 sciunt
723 2507 807 2558 se
858 2487 1157 2559 habere
1201 2487 1557 2560 animam
1610 2509 1755 2581 per
1813 2507 1938 2563 ac-

390 2608 547 2686 tuS,
596 2624 800 2696 quos
868 2603 1410 2696 experiuntur
1462 2605 1540 2676 in
1602 2627 1712 2686 se,
1777 2610 1936 2678 eta

391 2743 499 2804 se,
557 2720 692 2812 qui
764 2720 1134 2792 nesciunt
1200 2721 1381 2813 quid
1453 2721 1556 2793 sit
1637 2722 1932 2793 anima.

393 2837 655 2929 Hujus
727 2839 1000 2909 autem
1088 2836 1600 2910 diversitatis
1687 2858 1938 2911 causa

386 2956 535 3035 est,
567 2957 654 3025 ut
679 2951 977 3033 dicunt,
1017 2951 1204 3044 quia
1234 2971 1378 3025 nee
1415 2954 1756 3037 animas,
1792 2976 1937 3028 nec

389 3071 714 3143 habitus
760 3070 1254 3164 percipimus
1324 3071 1400 3142 in
1441 3072 1675 3144 nobis
1730 3095 1932 3157 esse,

387 3187 542 3260 nisi
631 3187 1146 3281 percipiendo
1227 3189 1495 3271 actuS,
1588 3210 1937 3280 quorum

387 3305 664 3377 anima
721 3307 799 3376 et
859 3304 1192 3376 habitus·
1255 3309 1444 3377 sunt
1509 3306 1933 3400 principia.

385 3418 735 3490 Habitus
761 3421 1033 3490 autem
1074 3439 1215 3510 per
1235 3419 1681 3491 essentiam
1706 3441 1937 3492 suain

386 3535 507 3605 est
573 3551 825 3605 causa
868 3530 1057 3605 talis
1106 3536 1361 3613 aetus,
1409 3535 1487 3604 et
1533 3536 1761 3604 actus
1815 3536 1937 3604 est

387 3670 662 3731 causa,
711 3650 918 3742 quod
977 3652 1526 3741 cognoscatur
1589 3649 1934 3731 habitus,

375 3769 520 3862 qui
557 3771 685 3840 est
725 3767 902 3858 ejus
937 3765 1374 3838 mediatum
1415 3765 1935 3859 principium.

389 3884 467 3958 Si
517 3885 795 3955 autem
855 3887 1409 3974 cognoscatur
1465 3882 1786 3955 habitus
1832 3884 1940 3955 in-

389 4006 785 4094 quantum
830 4004 951 4073 est
1014 4000 1506 4094 principium
1547 4002 1741 4073 talis
1819 4022 1943 4075 ac·

385 4123 541 4200 tus,
619 4117 1153 4208 cognoscitur
1211 4116 1536 4189 habitus
1619 4146 1632 4188 :
1711 4123 1796 4192 ut
1874 4121 1940 4193 si

385 4235 640 4307 sciam
678 4233 882 4327 quod
917 4232 1260 4306 castitas
1322 4235 1470 4314 est,
1513 4254 1658 4325 per
1700 4255 1938 4326 quam

384 4354 561 4445 quis
594 4350 917 4425 cohibet
973 4369 1057 4421 se
1109 4350 1208 4421 ab
1260 4348 1576 4421 illicitis
1641 4352 1945 4441 cogita-

384 4469 737 4542 tionibus
764 4468 841 4538 in
861 4466 1384 4548 venereis,sic
1411 4465 1578 4538 scio
1604 4468 1693 4537 de
1710 4469 1944 4540 casti-

383 4590 576 4668 tate,
613 4588 777 4676 quid
816 4599 932 4653 est.
983 4583 1280 4656 Anima
1313 4586 1596 4655 autem
1631 4604 1787 4655 non
1821 4590 1943 4657 est

390 4700 881 4793 principium
957 4696 1532 4791 operationum
1602 4718 1749 4790 per
1827 4721 1944 4769 cs-

387 4818 734 4891 sentiam
769 4835 1026 4895 suam,
1075 4814 1210 4885 sed
1249 4834 1394 4905 per
1428 4812 1655 4884 vires
1701 4835 1937 4885 suas:

389 4934 588 5004 unde
615 4929 1021 5025 perceptis
1057 4929 1381 5004 actibus
1417 4928 1732 5008 animae,
1769 4950 1945 5021 per-

389 5046 694 5139 cipitur
747 5045 1013 5117 inesse
1086 5043 1580 5136 principium
1658 5042 1945 5115 talium

394 5163 832 5242 actionum,
873 5165 1158 5253 utpote
1197 5164 1468 5232 motus
1519 5163 1596 5231 et
1661 5180 1944 5231 sensus

393 5300 549 5351 non
605 5284 876 5353 tamen
945 5297 1044 5347 ex
1104 5275 1255 5349 hoc
1315 5279 1612 5349 natura
1656 5275 1944 5349 anima}

399 5396 679 5468 scitur.

481 5510 912 5603 Loquendo
976 5507 1235 5600 igitur
1294 5510 1384 5581 de
1443 5508 1938 5600 cognitione,

392 5649 544 5720 qua
606 5623 1129 5719 cognoscitur
1168 5626 1260 5697 de
1295 5624 1699 5698 habitibus
1763 5624 1945 5715 quid

2063 618 2283 691 sint?
2322 622 2648 712 oportet
2690 621 2842 693 duo
2889 618 3436 708 considerare,
3475 643 3607 718 ap-

2060 735 2680 827 prehensionem
2731 739 2808 809 et
2834 736 3253 830 judicium.
3320 743 3607 815 Secun-

2057 854 2242 925 dum
2313 852 3043 944 apprehensionem
3105 860 3457 948 oportet,
3521 862 3607 930 ut

2057 969 2459 1043 habeatur
2487 990 2774 1041 eorum
2807 970 3104 1043 notitia
3137 973 3234 1044 ab
3269 973 3607 1066 objectis

2058 1090 2136 1158 et
2180 1087 2521 1168 actibus,
2589 1087 2776 1181 quia
2832 1108 2993 1160 non
3056 1097 3401 1183 possunt
3462 1113 3608 1185 per

2059 1207 2498 1279 essentiam
2569 1225 2798 1278 suam
2869 1206 3391 1299 apprehendi.
3466 1215 3609 1284 Cu-

2049 1321 2187 1414 jus
2236 1321 2450 1395 ratio
2513 1326 2661 1403 est,
2721 1323 2908 1414 quia
2972 1323 3407 1418 cujuslibet
3477 1347 3609 1419 po-

2057 1438 2335 1509 tentiae
2399 1438 2688 1510 animae
2730 1440 2997 1513 virtus
3051 1444 3174 1514 est
3236 1441 3608 1514 determi-

2057 1556 2252 1626 nata
2293 1556 2388 1627 ad
2452 1554 2857 1646 objectum
2910 1578 3143 1629 suum
3188 1579 3459 1642 unum,
3529 1565 3609 1635 et

2060 1673 2236 1767 ejus
2285 1672 2501 1745 actio
2549 1672 2840 1765 primo,
2904 1677 2982 1745 et
3038 1675 3608 1769 principaliter

2061 1788 2141 1860 in
2223 1787 2626 1880 objectum
2688 1788 2939 1862 tendit
2997 1818 3010 1860 ε
3081 1790 3159 1862 in
3225 1812 3320 1864 ea
3377 1814 3601 1875 vero,

2059 1904 2345 1998 quibus
2408 1904 2485 1977 in
2530 1905 2932 1997 objectum
2973 1906 3385 2000 dirigitur,
3447 1928 3607 1980 non

2058 2026 2328 2115 potest
2361 2022 2518 2094 nisi
2558 2043 2701 2115 per
2736 2025 3161 2116 quamdam
3209 2026 3605 2099 reductio-

2056 2158 2266 2209 nem.
2352 2139 2574 2212 Sicut
2646 2139 3036 2221 videmus,
3112 2142 3319 2233 quod
3378 2142 3602 2215 visus

2056 2239 2326 2347 primo
2398 2254 2784 2346 dirigitur
2853 2256 2930 2329 in
3010 2257 3396 2340 colorem,
3473 2262 3605 2333 sed

2060 2372 2138 2443 in
2184 2376 2459 2446 actum
2499 2371 2838 2445 visionis
2891 2395 3055 2447 suae
3096 2395 3255 2447 non
3302 2377 3603 2450 reduci-

2055 2494 2218 2572 tur,
2286 2489 2445 2560 nisi
2507 2510 2654 2583 per
2723 2491 3150 2582 quamdam
3211 2494 3606 2567 reductio-

2055 2617 2266 2681 nem,
2303 2597 2485 2669 dum
2516 2597 2825 2671 scilicet
2850 2597 3184 2672 videndo
3208 2602 3597 2684 colorem,

2055 2715 2271 2788 videt
2315 2737 2399 2786 se
2441 2715 2740 2786 videre.
2789 2721 2978 2798 Quae
3024 2718 3411 2802 reductio,
3475 2719 3601 2790 vel

2060 2830 2385 2902 inflexio
2450 2829 2942 2924 incomplete
3013 2836 3136 2906 est
3192 2832 3268 2904 in
3333 2855 3598 2914 sensu,

2055 2948 2461 3039 complete
2505 2952 2777 3021 autem
2814 2949 2891 3020 in
2935 2948 3377 3032 intellectu,
3418 2952 3607 3044 quia

2057 3064 2423 3137 reductio
2466 3066 2875 3158 completa
2902 3067 3106 3140 redit
3142 3068 3236 3139 ad
3268 3087 3604 3158 cognos-

2055 3180 2392 3253 cendum
2435 3182 2878 3257 essentiam
2924 3205 3204 3256 suam:
3249 3184 3603 3260 intellec-

2053 3301 2186 3369 tus
2244 3303 2517 3371 autem
2587 3302 3071 3394 conjunctus
3142 3301 3290 3376 hoc
3368 3307 3600 3378 modo

2055 3419 2592 3507 comparatur
2624 3418 2718 3489 ad
2755 3418 3352 3510 phantasmata,
3391 3422 3603 3497 sicut

2053 3529 2280 3602 visus
2315 3532 2407 3602 ad
2450 3532 2801 3617 colores,
2891 3537 2977 3606 ut
3021 3534 3369 3608 habetur
3403 3540 3466 3609 3.
3522 3541 3604 3607 de

2056 3652 2323 3729 Anima,
2372 3661 2531 3718 text.
2566 3652 2676 3722 30.
2740 3664 2800 3719 ct
2838 3674 3012 3741 seqq.
3069 3671 3230 3723 non
3283 3653 3597 3745 quidem

2058 3765 2143 3833 ut
2222 3771 2663 3853 cognoscat
2718 3765 3317 3857 phantasmata,
3389 3771 3597 3843 sieut

2055 3878 2280 3950 visus
2327 3878 2674 3964 coloreS,
2761 3880 2893 3952 sed
2937 3881 3123 3974 quia
3174 3886 3598 3975 cognoscit

2059 3995 2224 4075 illa,
2301 4017 2647 4087 quorum
2704 4002 2892 4071 sunt
2954 3998 3526 4091 phantasmata
3579 4030 3592 4073 ε

2057 4111 2153 4183 ad
2197 4112 2335 4184 illa
2395 4113 2607 4185 enim
2677 4115 3235 4207 cognoscenda
3302 4118 3596 4211 primo,

2058 4233 2137 4300 et
2188 4230 2495 4302 directe
2536 4229 2845 4312 fertum
2918 4231 3192 4304 deinde
3254 4234 3458 4307 redit
3506 4236 3600 4307 ad

2059 4348 2704 4434 cognoscendum
2742 4351 3014 4422 actum
3048 4370 3326 4433 suum;
3366 4356 3444 4425 et
3492 4352 3600 4423 ul-

2059 4463 2321 4535 terius
2360 4463 2436 4533 in
2488 4465 2826 4558 speeies,
2868 4466 3276 4558 potentias
3310 4469 3387 4539 et
3430 4468 3601 4539 sub-

2062 4579 2450 4651 stantiam
2497 4579 2751 4672 ipsius
2805 4582 3125 4654 mentis.
3173 4585 3351 4655 Non
3388 4585 3600 4656 enim

2060 4697 2227 4768 hae-c
2273 4703 2865 4789 comparantur
2907 4701 2998 4771 ad
3073 4700 3598 4784 intellectum,

2063 4815 2148 4883 ut
2194 4813 2509 4903 objecta
2545 4814 2834 4904 prima,
2900 4817 3032 4887 sed
3069 4818 3152 4887 ut
3218 4817 3382 4899 illa,
3440 4819 3600 4911 qui-

2061 4929 2206 4999 bus
2242 4928 2497 5002 tendit
2550 4928 2627 4999 in
2662 4931 2961 5001 aetum.

2151 5042 2556 5115 Judicium
2620 5048 2891 5118 autem
2961 5046 3052 5118 de
3121 5067 3603 5139 unoquoque

2060 5159 2407 5233 habetur
2475 5162 2910 5233 secundum
2957 5161 3172 5244 illud,
3230 5163 3439 5255 quod
3480 5170 3602 5238 est

2063 5294 2445 5345 mensura
2515 5274 2736 5346 illius
2791 5302 2804 5343 :
2880 5297 3261 5348 mensura
3330 5281 3601 5351 autem

2062 5387 2482 5462 habituum
2521 5395 2644 5464 est
2698 5391 2915 5473 illud,
2980 5394 3075 5465 ad
3128 5395 3333 5484 quod
3399 5396 3603 5467 ordi-

2060 5511 2387 5587 nantur,
2470 5509 2676 5598 quod
2717 5509 3032 5599 quidem
3075 5511 3170 5581 ad
3226 5515 3601 5586 nostram

2059 5622 2616 5711 cognitionem
2685 5647 2767 5696 se
2822 5623 3062 5701 habet
3124 5626 3592 5721 tripliciter.
