4252 6393
98 4696 239 4806 Ῐοῐντιὲι
258 4770 324 4810 ω.

145 4826 294 4875 και-ιη’,

1649 412 2010 498 QuAEsT'uo
2060 413 2190 483 vul

339 574 563 665 nubis,
608 585 718 660 sit
753 584 1260 660 inflammata
1297 612 1312 655 z
1361 586 1635 659 etalio
1680 608 1844 658 mo-

336 705 433 784 do,
495 702 688 794 quia
731 724 893 775 non
960 703 1066 777 sit
1137 703 1706 776 inflammata:
1765 703 1846 775 et

337 842 815 914 quocumque
859 821 1092 893 modo
1193 821 1336 894 fiat
1397 840 1645 891 sonus
1682 819 1842 900 ille,

336 941 436 1010 est
486 937 806 1028 longus,
857 957 1200 1025 magnus
1298 941 1378 1009 et
1421 936 1689 1016 fortis,
1754 935 1848 1007 ad

336 1055 632 1127 modum
667 1075 1087 1134 sonorum,
1135 1054 1272 1145 qui
1313 1053 1515 1125 flunt
1560 1073 1659 1123 ex
1723 1071 1852 1122 ro-

338 1171 423 1243 tis
460 1170 1071 1262 quadrigarum,
1146 1175 1226 1244 et
1288 1170 1403 1243 sic
1473 1169 1670 1242 dicit
1722 1167 1852 1239 Al-

337 1286 613 1359 bertus.
690 1287 772 1358 Si
854 1287 1202 1360 secundo
1275 1285 1535 1366 modo,
1600 1284 1850 1358 etiam

339 1407 815 1494 potestesse,
866 1405 1056 1496 quia.
1123 1403 1539 1476 exhalatio
1585 1403 1691 1475 sit
1743 1402 1854 1473 in-

337 1518 750 1600 flammata,
786 1520 912 1592 vel
944 1541 1144 1592 non:
1183 1525 1264 1594 et
1310 1520 1479 1592 sive
1513 1521 1646 1600 sit,
1685 1519 1853 1591 sive

337 1657 493 1717 non,
528 1638 716 1708 dum
751 1643 1022 1711 tamen
1066 1639 1315 1710 nubes
1364 1642 1856 1731 rumpantur

338 1773 461 1845 per
494 1754 884 1847 impetum
916 1754 1489 1835 exhalationis,
1526 1755 1616 1827 fit
1651 1775 1855 1824 unus

340 1890 562 1942 sonus
607 1891 953 1962 magnus
1012 1877 1093 1946 et
1163 1872 1431 1953 sortis,
1502 1892 1663 1944 non
1734 1875 1855 1943 ta-

341 2005 497 2057 men
559 1987 876 2078 longuS,
935 1988 1148 2063 sicut
1182 1990 1248 2061 si
1283 2007 1598 2082 pannus
1637 2007 1857 2057 rum-

342 2108 653 2194 peretur
720 2105 1121 2177 velociter
1189 2105 1623 2176 secundum
1694 2102 1857 2174 lon-

339 2238 536 2306 gum,
625 2221 854 2293 verbi
925 2220 1222 2311 gratia,
1272 2221 1350 2292 in
1426 2220 1852 2313 exemplo:

339 2355 504 2406 nam
551 2358 732 2408 cum
793 2342 1200 2411 castaneae
1245 2337 1448 2410 fiunt
1497 2338 1693 2409 bene
1735 2357 1863 2408 ca-

342 2449 638 2525 lefactae
684 2454 764 2525 in
809 2454 1020 2545 igne,
1063 2455 1176 2528 ita
1236 2455 1440 2547 quod
1492 2453 1692 2525 fumi
1755 2453 1861 2525 in·

344 2569 535 2641 clusi
577 2570 793 2643 infra
838 2572 1128 2665 pellem
1162 2570 1723 2645 fortificantur
1784 2574 1864 2643 et

344 2684 876 2768 intenduntur,
973 2692 1166 2762 tunc
1247 2692 1610 2782 petentes
1703 2688 1865 2760 exi-

343 2805 524 2882 tum,
598 2809 942 2897 propter
1003 2805 1540 2880 intensionem
1617 2805 1864 2897 majo·

343 2941 497 2993 rem
558 2922 893 3003 caloris,
944 2927 1333 3014 rumpunt
1374 2923 1661 3015 pellem
1696 2942 1865 2993 cas-

344 3040 613 3120 taneae,
660 3043 742 3112 et
783 3038 874 3111 fit
911 3057 1255 3129 magnus
1298 3059 1544 3110 sonus
1593 3057 1866 3110 secun-

342 3153 507 3226 dum
588 3155 1133 3248 quantitatem
1220 3155 1611 3236 materiae,
1696 3176 1869 3248 quae

346 3275 604 3345 tamen
636 3277 760 3346 est
811 3273 1109 3345 brevis.
1165 3276 1287 3347 Ita
1327 3273 1873 3346 consimiliter

344 3389 576 3461 nubes
620 3409 929 3481 aquosa
969 3394 1093 3463 est
1136 3388 1364 3481 quasi
1436 3388 1667 3480 pellis
1718 3389 1870 3461 cir-

344 3506 716 3578 cumdans
775 3505 1409 3588 exhalationem,
1478 3527 1652 3597 quae
1712 3505 1871 3577 for-

349 3618 648 3695 tificata.
681 3621 1049 3695 concutit
1089 3621 1379 3694 nubem
1440 3627 1519 3695 et
1588 3625 1875 3695 causat

352 3757 656 3817 sonum,
714 3742 795 3811 et
864 3740 1336 3831 quandoque
1402 3738 1869 3832 disrumpit.

348 3851 571 3927 Patet
607 3855 864 3945 igitur
903 3876 999 3927 ex
1041 3854 1247 3937 istis,
1279 3857 1483 3947 quod
1515 3855 1873 3929 efficiens

349 3971 796 4045 tonitruum
874 3977 1000 4045 est
1081 3971 1496 4045 exhalatio
1595 3994 1873 4066 percu-

348 4084 545 4159 tiens
592 4087 852 4161 latera
926 4086 1186 4167 nubis,
1241 4091 1321 4160 et
1380 4086 1703 4159 flamma
1748 4106 1874 4158 co-

348 4204 837 4277 ruscationis
881 4209 1103 4278 mota
1166 4224 1309 4298 per
1376 4224 1675 4285 aerem,
1742 4204 1878 4276 sed

346 4316 796 4415 huJusmodi
842 4321 1192 4394 materia
1260 4324 1383 4393 est
1456 4319 1730 4399 nubes,
1782 4322 1876 4392 ad

350 4457 581 4527 quam
620 4420 1103 4530 percutitur,
1158 4437 1285 4509 vel
1327 4437 1577 4511 etiam
1637 4436 1876 4507 exha-

353 4551 570 4636 latio,
607 4557 728 4628 vel
763 4577 932 4637 aer,
980 4576 1125 4648 per
1166 4577 1402 4646 quem
1469 4559 1871 4628 movetur.

430 4674 573 4744 Sed
650 4674 919 4746 forma
997 4673 1348 4746 tonitrui
1407 4678 1531 4747 est
1600 4694 1873 4757 sonuS,

351 4788 529 4877 quia
560 4810 608 4862 a
656 4813 855 4863 sono
888 4790 1270 4864 exhalato
1302 4790 1879 4863 denominatur

351 4905 825 4990 tonitruum,
879 4912 959 4981 et
1001 4907 1321 4980 aliunde
1374 4928 1559 4980 non.
1610 4908 1756 4980 Sed
1787 4909 1878 4980 de

350 5021 815 5097 diversitate
847 5044 1239 5096 sonorum
1301 5023 1650 5096 tonitrui
1682 5023 1878 5097 dicit

351 5140 852 5222 Aristoteles,
890 5141 1096 5232 quod
1130 5140 1277 5213 hoc
1321 5141 1747 5233 proveniat
1778 5162 1876 5213 ex

352 5255 812 5332 diversitate
873 5257 1133 5336 nubis,
1199 5258 1638 5329 secundum
1719 5277 1877 5330 ma-

354 5371 835 5460 gnitudinem
918 5373 1047 5446 vel
1145 5373 1664 5466 parvitatem,
1738 5392 1877 5443 seu

353 5486 821 5565 densitatem
907 5497 987 5566 et
1079 5491 1556 5564 raritatem.
1632 5491 1711 5560 et
1765 5509 1877 5560 se-

356 5605 683 5680 cundum
749 5607 1365 5682 difformitatem
1408 5608 1690 5698 figurae
1744 5627 1877 5678 nu·

3384 409 3497 482 159

1957 581 2079 653 bis
2177 581 2256 652 in
2317 596 2463 652 sua
2514 580 3054 653 concavitate.
3123 578 3511 651 Provenit

1958 699 2209 772 etiam
2259 719 2359 769 ex
2431 696 3142 770 disconformitate
3183 694 3510 768 exhala-

1963 813 2215 887 tionis
2284 815 2720 886 secundum
2791 812 3356 888 fortitudinem
3428 816 3510 886 et

1960 931 2461 1004 debilitatem
2543 931 3049 1024 impellendo,
3159 934 3239 1003 et
3338 930 3512 1002 ideo

1964 1047 2210 1121 aliter
2241 1052 2636 1121 causatur
2697 1068 2944 1120 sonus
2989 1048 3304 1139 quando
3374 1067 3512 1117 nu-

1964 1162 2099 1236 bes
2132 1163 2658 1256 dirumpitur,
2708 1184 2948 1256 quam
2987 1162 3302 1254 quando
3339 1181 3513 1255 per-

1966 1282 2284 1355 cutitur
2320 1281 2754 1373 indirupta.

2055 1401 2272 1470 Tune
2314 1399 2405 1470 de
2439 1419 2688 1470 causa
2731 1397 2952 1469 finali
2991 1424 3005 1465 ε
3056 1399 3328 1490 potest
3360 1394 3513 1468 dici
3564 1406 3825 1489 Gangan-

1971 1535 2126 1586 uno
2173 1515 2407 1587 modo
2445 1515 2650 1605 quod
2695 1513 3151 1586 tonitruum
3197 1513 3287 1587 fit
3324 1511 3515 1583 fina-
3578 1477 3744 1527 ’mm'

1972 1633 2162 1706 liter
2233 1632 2326 1703 ad
2409 1630 2879 1704 terrendum
2958 1630 3352 1711 homineS,
3436 1632 3516 1701 et

1973 1769 2140 1840 prae
2184 1748 2485 1821 timore
2542 1747 2788 1828 illius,
2838 1746 3100 1838 magis
3145 1746 3310 1818 sint
3356 1765 3519 1817 mo·

1970 1865 2034 1938 ti
2076 1866 2172 1937 ad
2214 1865 2736 1954 cogitandum
2797 1867 2887 1937 de
2928 1867 3122 1947 Deo,
3169 1867 3250 1937 et
3282 1862 3518 1937 attri-

1970 1981 2369 2054 buendum
2439 1982 2589 2054 sibi
2653 1982 3183 2054 reverentias.
3257 1979 3522 2053 Aliter

1975 2101 2247 2189 potest
2304 2098 2459 2169 dici
2516 2099 2723 2189 quod
2796 2098 3258 2172 tonitruum
3300 2099 3389 2172 fit
3438 2098 3519 2170 fl-

1974 2213 2279 2286 naliter
2328 2216 2422 2286 ad
2458 2216 2965 2306 purgandum
3018 2234 3321 2295 aerem,
3374 2215 3519 2287 sci-

1974 2329 2166 2402 licet
2208 2331 2395 2421 quia
2436 2353 2535 2403 ex
2569 2337 2935 2405 tremore
2976 2334 3522 2423 consequente

1974 2448 2462 2530 tonitruum,
2510 2452 3106 2541 corrumpatur
3146 2447 3324 2538 ejus
3363 2445 3522 2517 vis-

1975 2564 2310 2646 cositas
2347 2570 2428 2639 et
2469 2565 2650 2638 aliae
2687 2564 3126 2657 qualitates
3172 2562 3523 2635 inficien-

1979 2686 2124 2755 tes,
2194 2684 2293 2755 Et
2349 2682 2522 2754 ideo
2586 2681 2815 2775 ponit
2876 2681 3260 2755 Albertus
3318 2678 3526 2772 quod

1979 2798 2413 2889 aliquando
2458 2797 2929 2872 mortalitas
2976 2797 3330 2870 cessabit
3383 2816 3528 2889 per

1980 2916 2466 2988 tonitruum.

2071 3034 2289 3103 Tunc
2338 3034 2431 3104 de
2465 3031 2884 3105 effectibus
2929 3030 3302 3111 tonitrui,
3339 3028 3527 3103 dici·
3591 3041 3840 3105 Effectum

1982 3153 2120 3223 tur
2176 3149 2754 3231 communiter,
2821 3149 3027 3241 quod
3094 3148 3249 3221 duo
3302 3147 3527 3221 effec-

1982 3271 2112 3340 tus
2224 3267 2486 3360 ipsum
2568 3270 3221 3358 consequuntur;
3323 3288 3527 3339 unus

1982 3386 2295 3477 quando
2340 3405 2484 3456 aer
2519 3384 2854 3458 fortiter
2896 3383 3217 3465 tremit,
3255 3404 3527 3456 conse-

1983 3506 2328 3594 quenter
2369 3502 2465 3573 ad
2534 3501 3021 3584 tonitruum,
3078 3505 3159 3574 et
3211 3522 3308 3573 ex
3369 3500 3528 3573 isto

1983 3624 2376 3700 tremore,
2434 3617 2603 3690 sive
2650 3617 2788 3688 illo
2824 3616 3187 3699 fulmine,
3225 3615 3529 3689 anima-

1985 3733 2095 3807 lia
2155 3737 2803 3827 prosternuntur
2869 3737 2950 3806 et
3009 3734 3379 3814 arbores,
3448 3735 3528 3806 et

1984 3852 2449 3945 hujusmodi
2491 3851 2855 3933 effectus,
2896 3851 3030 3943 qui
3065 3849 3385 3923 fulmini
3419 3853 3533 3922 at·

1985 3969 2490 4044 tribuuntur.
2583 3968 2814 4039 Alius
2895 3966 3257 4049 effectuS,
3341 3966 3530 4058 quia

1989 4085 2350 4176 quaedam
2385 4082 2778 4155 animalia
2830 4082 3300 4155 efficiuntur
3353 4101 3532 4153 sur-

1988 4203 2108 4283 da,
2157 4207 2237 4275 et
2281 4202 2759 4293 quandoque
2817 4200 3187 4273 homines
3231 4220 3377 4293 pcr
3417 4203 3533 4272 to-

1989 4318 2381 4391 nitruum.
2449 4321 2715 4391 Causa
2782 4321 2931 4398 est,
3006 4317 3194 4407 quia
3235 4338 3332 4388 ex
3386 4315 3534 4389 tali

1990 4434 2191 4507 forti
2270 4438 2635 4507 tremore
2730 4433 2947 4505 aeris
3036 4432 3536 4525 dirumpitur

1993 4552 2353 4644 quaedam
2436 4550 2758 4623 subtilis
2832 4550 3214 4643 pellicula
3286 4550 3533 4622 inclu-

1990 4669 2182 4740 dens
2258 4688 2533 4740 aerem
2611 4666 3231 4740 connaturalem
3321 4666 3528 4747 auri,

1960 4806 2169 4877 ‘quae
2197 4788 2548 4857 vocatur
2578 4787 2916 4872 Meninqa,
2979 4788 3059 4857 et
3113 4787 3302 4856 tunc
3353 4804 3533 4855 cva-

1993 4902 2253 4975 ncscit
2321 4921 2486 4982 aer,
2560 4900 2656 4971 ad
2726 4921 2985 4991 quem,
3071 4899 3239 4971 sive
3327 4903 3537 4993 apud

1994 5042 2230 5112 quem
2288 5017 2515 5090 debet
2573 5017 2753 5089 fieri
2806 5018 3137 5090 auditio.
3213 5020 3330 5089 Ex
3377 5039 3535 5109 quo

1998 5141 2216 5229 patet
2269 5155 2442 5226 quae
2495 5138 2681 5207 sunt
2732 5155 2996 5207 causae
3051 5133 3511 5226 hujusmodi

1993 5253 2327 5326 effectus
2357 5250 2718 5323 fulminis
2752 5256 2831 5324 et
2880 5251 3252 5324 tonitrui.

2084 5364 3533 5460 Scddubitaturprimo‚utrumexha-
3691 5383 3749 5459 ς».

1993 5487 2194 5561 latio
2240 5485 2550 5557 inclusa
2593 5483 2807 5556 infra
2849 5484 3140 5555 nubem
3200 5487 3540 5577 occupet
3564 5443 3877 5503 numm·

1994 5606 2260 5676 totum
2325 5600 2594 5674 locum
2661 5599 3202 5674 concavitatis
3272 5601 3533 5675 nubis.
