<?xml version="1.0" encoding="UTF-8"?>
<!DOCTYPE html PUBLIC "-//W3C//DTD XHTML 1.0 Transitional//EN"
    "http://www.w3.org/TR/xhtml1/DTD/xhtml1-transitional.dtd">
<html xmlns="http://www.w3.org/1999/xhtml" xml:lang="en" lang="en">
 <head>
  <title>
</title>
<meta http-equiv="Content-Type" content="text/html;charset=utf-8" />
  <meta name='ocr-system' content='tesseract 3.04.00' />
  <meta name='ocr-capabilities' content='ocr_page ocr_carea ocr_par ocr_line ocrx_word'/>
</head>
<body>
  <div class='ocr_page' id='page_1' title='image "./joannisdunsscot03waddgoog_0821.png"; bbox 0 0 4252 6393; ppageno 0'>
   <div class='ocr_carea' id='block_1_1' title="bbox 1810 450 2205 517">
    <p class='ocr_par' dir='ltr' id='par_1_1' title="bbox 1810 450 2205 517">
     <span class='ocr_line' id='line_1_1' title="bbox 1810 450 2205 517; baseline 0 -3"><span class='ocrx_word' id='word_1_1' title='bbox 1810 450 2060 517; x_wconf 77' lang='lat' dir='ltr'><strong>CAPUT</strong></span> <span class='ocrx_word' id='word_1_2' title='bbox 2107 454 2205 515; x_wconf 78' lang='lat' dir='ltr'>lv.</span> 
     </span>
    </p>
   </div>
   <div class='ocr_carea' id='block_1_2' title="bbox 67 613 1945 5505">
    <p class='ocr_par' dir='ltr' id='par_1_2' title="bbox 67 613 1942 1879">
     <span class='ocr_line' id='line_1_2' title="bbox 380 613 1940 710; baseline -0.003 -20"><span class='ocrx_word' id='word_1_3' title='bbox 380 613 566 691; x_wconf 91' lang='lat' dir='ltr'>bilis</span> <span class='ocrx_word' id='word_1_4' title='bbox 609 617 756 691; x_wconf 89' lang='lat' dir='ltr'>sub</span> <span class='ocrx_word' id='word_1_5' title='bbox 807 614 1410 710; x_wconf 85' lang='lat' dir='ltr'>perfectissima</span> <span class='ocrx_word' id='word_1_6' title='bbox 1463 614 1781 691; x_wconf 89' lang='lat' dir='ltr'>ratione</span> <span class='ocrx_word' id='word_1_7' title='bbox 1829 614 1940 687; x_wconf 90' lang='lat' dir='ltr'>in-</span> 
     </span>
     <span class='ocr_line' id='line_1_3' title="bbox 386 732 1942 826; baseline -0.002 -20"><span class='ocrx_word' id='word_1_8' title='bbox 386 734 818 826; x_wconf 81' lang='lat' dir='ltr'>telligibili.</span> <span class='ocrx_word' id='word_1_9' title='bbox 846 737 957 806; x_wconf 87' lang='lat' dir='ltr'>Tu</span> <span class='ocrx_word' id='word_1_10' title='bbox 984 755 1069 806; x_wconf 90' lang='lat' dir='ltr'>es</span> <span class='ocrx_word' id='word_1_11' title='bbox 1095 738 1236 808; x_wconf 87' lang='lat' dir='ltr'>tuo</span> <span class='ocrx_word' id='word_1_12' title='bbox 1264 732 1711 807; x_wconf 90' lang='lat' dir='ltr'>intellectui</span> <span class='ocrx_word' id='word_1_13' title='bbox 1749 753 1942 824; x_wconf 82' lang='lat' dir='ltr'>prae-</span> 
     </span>
     <span class='ocr_line' id='line_1_4' title="bbox 67 849 1936 941; baseline -0.002 -17"><span class='ocrx_word' id='word_1_14' title='bbox 67 858 360 933; x_wconf 60' lang='lat' dir='ltr'>Dwfolm</span> <span class='ocrx_word' id='word_1_15' title='bbox 387 872 598 924; x_wconf 89' lang='lat' dir='ltr'>sens.</span> <span class='ocrx_word' id='word_1_16' title='bbox 673 853 787 923; x_wconf 89' lang='lat' dir='ltr'>Tu</span> <span class='ocrx_word' id='word_1_17' title='bbox 850 851 1076 923; x_wconf 89' lang='lat' dir='ltr'>solus</span> <span class='ocrx_word' id='word_1_18' title='bbox 1135 871 1221 923; x_wconf 91' lang='lat' dir='ltr'>es</span> <span class='ocrx_word' id='word_1_19' title='bbox 1277 850 1587 923; x_wconf 84' lang='lat' dir='ltr'>veritas</span> <span class='ocrx_word' id='word_1_20' title='bbox 1643 849 1936 941; x_wconf 85' lang='lat' dir='ltr'>prima,</span> 
     </span>
     <span class='ocr_line' id='line_1_5' title="bbox 113 927 1934 1060; baseline -0.002 -18"><span class='ocrx_word' id='word_1_21' title='bbox 113 927 300 1046; x_wconf 46' lang='lat' dir='ltr'>{³23qu</span> <span class='ocrx_word' id='word_1_22' title='bbox 389 966 684 1060; x_wconf 86' lang='lat' dir='ltr'>quippe</span> <span class='ocrx_word' id='word_1_23' title='bbox 726 967 936 1060; x_wconf 86' lang='lat' dir='ltr'>quod</span> <span class='ocrx_word' id='word_1_24' title='bbox 977 987 1138 1038; x_wconf 92' lang='lat' dir='ltr'>non</span> <span class='ocrx_word' id='word_1_25' title='bbox 1179 965 1538 1058; x_wconf 88' lang='lat' dir='ltr'>estquod</span> <span class='ocrx_word' id='word_1_26' title='bbox 1563 968 1934 1058; x_wconf 88' lang='lat' dir='ltr'>apparet,</span> 
     </span>
     <span class='ocr_line' id='line_1_6' title="bbox 384 1081 1938 1176; baseline -0.003 -18"><span class='ocrx_word' id='word_1_27' title='bbox 384 1086 863 1164; x_wconf 85' lang='lat' dir='ltr'>falsumest;</span> <span class='ocrx_word' id='word_1_28' title='bbox 910 1103 1109 1176; x_wconf 82' lang='lat' dir='ltr'>ergo</span> <span class='ocrx_word' id='word_1_29' title='bbox 1130 1087 1255 1158; x_wconf 89' lang='lat' dir='ltr'>est</span> <span class='ocrx_word' id='word_1_30' title='bbox 1286 1083 1502 1155; x_wconf 89' lang='lat' dir='ltr'>aliud</span> <span class='ocrx_word' id='word_1_31' title='bbox 1536 1082 1689 1156; x_wconf 88' lang='lat' dir='ltr'>sibi</span> <span class='ocrx_word' id='word_1_32' title='bbox 1713 1081 1938 1156; x_wconf 87' lang='lat' dir='ltr'>ratio</span> 
     </span>
     <span class='ocr_line' id='line_1_7' title="bbox 376 1201 1939 1298; baseline -0.003 -21"><span class='ocrx_word' id='word_1_33' title='bbox 376 1202 845 1298; x_wconf 85' lang='lat' dir='ltr'>apparendi,</span> <span class='ocrx_word' id='word_1_34' title='bbox 895 1202 1085 1293; x_wconf 82' lang='lat' dir='ltr'>quia</span> <span class='ocrx_word' id='word_1_35' title='bbox 1114 1201 1181 1275; x_wconf 91' lang='lat' dir='ltr'>si</span> <span class='ocrx_word' id='word_1_36' title='bbox 1220 1202 1395 1275; x_wconf 87' lang='lat' dir='ltr'>sola</span> <span class='ocrx_word' id='word_1_37' title='bbox 1429 1201 1605 1296; x_wconf 90' lang='lat' dir='ltr'>ejus</span> <span class='ocrx_word' id='word_1_38' title='bbox 1639 1205 1939 1274; x_wconf 89' lang='lat' dir='ltr'>natura</span> 
     </span>
     <span class='ocr_line' id='line_1_8' title="bbox 369 1320 1940 1414; baseline 0 -22"><span class='ocrx_word' id='word_1_39' title='bbox 369 1325 592 1414; x_wconf 71' lang='lat' dir='ltr'>esset</span> <span class='ocrx_word' id='word_1_40' title='bbox 630 1320 786 1392; x_wconf 88' lang='lat' dir='ltr'>sibi</span> <span class='ocrx_word' id='word_1_41' title='bbox 832 1320 1050 1392; x_wconf 86' lang='lat' dir='ltr'>ratio</span> <span class='ocrx_word' id='word_1_42' title='bbox 1095 1320 1562 1413; x_wconf 87' lang='lat' dir='ltr'>apparendi,</span> <span class='ocrx_word' id='word_1_43' title='bbox 1602 1339 1940 1412; x_wconf 89' lang='lat' dir='ltr'>appare-</span> 
     </span>
     <span class='ocr_line' id='line_1_9' title="bbox 373 1435 1939 1529; baseline 0.002 -23"><span class='ocrx_word' id='word_1_44' title='bbox 373 1439 501 1508; x_wconf 91' lang='lat' dir='ltr'>ret</span> <span class='ocrx_word' id='word_1_45' title='bbox 536 1458 717 1509; x_wconf 88' lang='lat' dir='ltr'>esse</span> <span class='ocrx_word' id='word_1_46' title='bbox 754 1437 964 1529; x_wconf 85' lang='lat' dir='ltr'>quod</span> <span class='ocrx_word' id='word_1_47' title='bbox 993 1439 1143 1510; x_wconf 89' lang='lat' dir='ltr'>est.</span> <span class='ocrx_word' id='word_1_48' title='bbox 1192 1435 1364 1508; x_wconf 89' lang='lat' dir='ltr'>Tibi</span> <span class='ocrx_word' id='word_1_49' title='bbox 1409 1435 1610 1508; x_wconf 87' lang='lat' dir='ltr'>nibil</span> <span class='ocrx_word' id='word_1_50' title='bbox 1645 1439 1771 1511; x_wconf 88' lang='lat' dir='ltr'>est</span> <span class='ocrx_word' id='word_1_51' title='bbox 1806 1456 1939 1509; x_wconf 88' lang='lat' dir='ltr'>ra-</span> 
     </span>
     <span class='ocr_line' id='line_1_10' title="bbox 373 1552 1936 1647; baseline 0.001 -21"><span class='ocrx_word' id='word_1_52' title='bbox 373 1552 490 1626; x_wconf 90' lang='lat' dir='ltr'>tio</span> <span class='ocrx_word' id='word_1_53' title='bbox 526 1554 990 1647; x_wconf 86' lang='lat' dir='ltr'>apparendi,</span> <span class='ocrx_word' id='word_1_54' title='bbox 1023 1554 1210 1647; x_wconf 88' lang='lat' dir='ltr'>quia</span> <span class='ocrx_word' id='word_1_55' title='bbox 1238 1554 1511 1628; x_wconf 91' lang='lat' dir='ltr'>omnia</span> <span class='ocrx_word' id='word_1_56' title='bbox 1537 1556 1936 1646; x_wconf 75' lang='lat' dir='ltr'>apparent</span> 
     </span>
     <span class='ocr_line' id='line_1_11' title="bbox 374 1668 1933 1764; baseline 0 -23"><span class='ocrx_word' id='word_1_57' title='bbox 374 1669 456 1741; x_wconf 90' lang='lat' dir='ltr'>in</span> <span class='ocrx_word' id='word_1_58' title='bbox 493 1673 631 1743; x_wconf 91' lang='lat' dir='ltr'>tua</span> <span class='ocrx_word' id='word_1_59' title='bbox 663 1670 1047 1752; x_wconf 79' lang='lat' dir='ltr'>essentia,</span> <span class='ocrx_word' id='word_1_60' title='bbox 1086 1670 1230 1745; x_wconf 88' lang='lat' dir='ltr'>tibi</span> <span class='ocrx_word' id='word_1_61' title='bbox 1268 1668 1651 1764; x_wconf 87' lang='lat' dir='ltr'>primitus</span> <span class='ocrx_word' id='word_1_62' title='bbox 1695 1689 1933 1762; x_wconf 85' lang='lat' dir='ltr'>appa-</span> 
     </span>
     <span class='ocr_line' id='line_1_12' title="bbox 381 1785 1933 1879; baseline 0 -22"><span class='ocrx_word' id='word_1_63' title='bbox 381 1790 638 1867; x_wconf 80' lang='lat' dir='ltr'>rente,</span> <span class='ocrx_word' id='word_1_64' title='bbox 676 1806 769 1859; x_wconf 90' lang='lat' dir='ltr'>ac</span> <span class='ocrx_word' id='word_1_65' title='bbox 823 1806 969 1879; x_wconf 87' lang='lat' dir='ltr'>per</span> <span class='ocrx_word' id='word_1_66' title='bbox 1021 1786 1171 1859; x_wconf 90' lang='lat' dir='ltr'>hoc</span> <span class='ocrx_word' id='word_1_67' title='bbox 1217 1786 1418 1859; x_wconf 90' lang='lat' dir='ltr'>nihil</span> <span class='ocrx_word' id='word_1_68' title='bbox 1470 1785 1616 1861; x_wconf 90' lang='lat' dir='ltr'>tibi</span> <span class='ocrx_word' id='word_1_69' title='bbox 1670 1793 1933 1878; x_wconf 88' lang='lat' dir='ltr'>poste-</span> 
     </span>
    </p>

    <p class='ocr_par' dir='ltr' id='par_1_3' title="bbox 384 1903 1468 1998">
     <span class='ocr_line' id='line_1_13' title="bbox 384 1903 1468 1998; baseline 0.001 -24"><span class='ocrx_word' id='word_1_70' title='bbox 384 1905 560 1976; x_wconf 85' lang='lat' dir='ltr'>rius</span> <span class='ocrx_word' id='word_1_71' title='bbox 592 1907 714 1976; x_wconf 89' lang='lat' dir='ltr'>est</span> <span class='ocrx_word' id='word_1_72' title='bbox 750 1903 967 1977; x_wconf 84' lang='lat' dir='ltr'>ratio</span> <span class='ocrx_word' id='word_1_73' title='bbox 1001 1904 1468 1998; x_wconf 85' lang='lat' dir='ltr'>apparendi.</span> 
     </span>
    </p>

    <p class='ocr_par' dir='ltr' id='par_1_4' title="bbox 170 2019 1934 3401">
     <span class='ocr_line' id='line_1_14' title="bbox 170 2019 1931 2112; baseline 0.001 -23"><span class='ocrx_word' id='word_1_74' title='bbox 170 2039 246 2093; x_wconf 73' lang='lat'>37.</span> <span class='ocrx_word' id='word_1_75' title='bbox 479 2020 567 2091; x_wconf 93' lang='lat' dir='ltr'>In</span> <span class='ocrx_word' id='word_1_76' title='bbox 603 2019 768 2100; x_wconf 86' lang='lat' dir='ltr'>illa,</span> <span class='ocrx_word' id='word_1_77' title='bbox 811 2019 1542 2112; x_wconf 87' lang='lat' dir='ltr'>inqua1n,essentia</span> <span class='ocrx_word' id='word_1_78' title='bbox 1563 2040 1752 2092; x_wconf 88' lang='lat' dir='ltr'>omn</span> <span class='ocrx_word' id='word_1_79' title='bbox 1785 2045 1797 2065; x_wconf 79' lang='lat'>=</span> <span class='ocrx_word' id='word_1_80' title='bbox 1826 2020 1931 2091; x_wconf 93' lang='lat' dir='ltr'>in·</span> 
     </span>
     <span class='ocr_line' id='line_1_15' title="bbox 378 2136 1929 2231; baseline 0 -23"><span class='ocrx_word' id='word_1_81' title='bbox 378 2136 807 2227; x_wconf 80' lang='lat' dir='ltr'>telligibile</span> <span class='ocrx_word' id='word_1_82' title='bbox 868 2137 1013 2209; x_wconf 88' lang='lat' dir='ltr'>sub</span> <span class='ocrx_word' id='word_1_83' title='bbox 1045 2137 1644 2231; x_wconf 74' lang='lat' dir='ltr'>perfectissima</span> <span class='ocrx_word' id='word_1_84' title='bbox 1684 2137 1929 2211; x_wconf 88' lang='lat' dir='ltr'>ratio-</span> 
     </span>
     <span class='ocr_line' id='line_1_16' title="bbox 374 2252 1927 2345; baseline 0.003 -22"><span class='ocrx_word' id='word_1_85' title='bbox 374 2272 474 2324; x_wconf 92' lang='lat' dir='ltr'>ne</span> <span class='ocrx_word' id='word_1_86' title='bbox 524 2252 1085 2345; x_wconf 83' lang='lat' dir='ltr'>intelligibilis‚</span> <span class='ocrx_word' id='word_1_87' title='bbox 1123 2259 1247 2328; x_wconf 86' lang='lat' dir='ltr'>est</span> <span class='ocrx_word' id='word_1_88' title='bbox 1292 2253 1740 2328; x_wconf 84' lang='lat' dir='ltr'>intellectui</span> <span class='ocrx_word' id='word_1_89' title='bbox 1788 2259 1927 2327; x_wconf 91' lang='lat' dir='ltr'>tuo</span> 
     </span>
     <span class='ocr_line' id='line_1_17' title="bbox 379 2369 1913 2461; baseline 0.003 -24"><span class='ocrx_word' id='word_1_90' title='bbox 379 2387 764 2458; x_wconf 75' lang='lat' dir='ltr'>praesens.</span> <span class='ocrx_word' id='word_1_91' title='bbox 791 2372 902 2440; x_wconf 83' lang='lat' dir='ltr'>Tu</span> <span class='ocrx_word' id='word_1_92' title='bbox 928 2392 1012 2442; x_wconf 86' lang='lat' dir='ltr'>es</span> <span class='ocrx_word' id='word_1_93' title='bbox 1041 2370 1300 2461; x_wconf 81' lang='lat' dir='ltr'>igitur</span> <span class='ocrx_word' id='word_1_94' title='bbox 1340 2369 1913 2460; x_wconf 82' lang='lat' dir='ltr'>intelligibilis,</span> 
     </span>
     <span class='ocr_line' id='line_1_18' title="bbox 373 2485 1926 2576; baseline 0.003 -22"><span class='ocrx_word' id='word_1_95' title='bbox 373 2485 1021 2576; x_wconf 69' lang='lat' dir='ltr'>praeclarissima</span> <span class='ocrx_word' id='word_1_96' title='bbox 1085 2486 1422 2569; x_wconf 81' lang='lat' dir='ltr'>veritaS,</span> <span class='ocrx_word' id='word_1_97' title='bbox 1479 2491 1557 2559; x_wconf 92' lang='lat' dir='ltr'>et</span> <span class='ocrx_word' id='word_1_98' title='bbox 1612 2487 1926 2560; x_wconf 84' lang='lat' dir='ltr'>veritas</span> 
     </span>
     <span class='ocr_line' id='line_1_19' title="bbox 374 2603 1928 2687; baseline 0.001 -11"><span class='ocrx_word' id='word_1_99' title='bbox 374 2603 855 2687; x_wconf 84' lang='lat' dir='ltr'>infallibilis,</span> <span class='ocrx_word' id='word_1_100' title='bbox 923 2610 1004 2680; x_wconf 90' lang='lat' dir='ltr'>et</span> <span class='ocrx_word' id='word_1_101' title='bbox 1054 2604 1494 2680; x_wconf 88' lang='lat' dir='ltr'>veritatem</span> <span class='ocrx_word' id='word_1_102' title='bbox 1564 2604 1928 2678; x_wconf 90' lang='lat' dir='ltr'>omnium</span> 
     </span>
     <span class='ocr_line' id='line_1_20' title="bbox 373 2721 1934 2815; baseline 0.002 -23"><span class='ocrx_word' id='word_1_103' title='bbox 373 2721 1009 2814; x_wconf 77' lang='lat' dir='ltr'>intelligibilium</span> <span class='ocrx_word' id='word_1_104' title='bbox 1061 2722 1522 2797; x_wconf 81' lang='lat' dir='ltr'>certissime</span> <span class='ocrx_word' id='word_1_105' title='bbox 1564 2742 1934 2815; x_wconf 87' lang='lat' dir='ltr'>compre-</span> 
     </span>
     <span class='ocr_line' id='line_1_21' title="bbox 370 2836 1930 2931; baseline 0.003 -24"><span class='ocrx_word' id='word_1_106' title='bbox 370 2836 747 2910; x_wconf 83' lang='lat' dir='ltr'>hendens.</span> <span class='ocrx_word' id='word_1_107' title='bbox 823 2841 1004 2912; x_wconf 90' lang='lat' dir='ltr'>Non</span> <span class='ocrx_word' id='word_1_108' title='bbox 1071 2840 1288 2912; x_wconf 91' lang='lat' dir='ltr'>enim</span> <span class='ocrx_word' id='word_1_109' title='bbox 1355 2839 1545 2922; x_wconf 89' lang='lat' dir='ltr'>alia,</span> <span class='ocrx_word' id='word_1_110' title='bbox 1613 2860 1789 2931; x_wconf 77' lang='lat' dir='ltr'>quae</span> <span class='ocrx_word' id='word_1_111' title='bbox 1851 2839 1930 2911; x_wconf 92' lang='lat' dir='ltr'>in</span> 
     </span>
     <span class='ocr_line' id='line_1_22' title="bbox 372 2955 1929 3049; baseline -0.001 -21"><span class='ocrx_word' id='word_1_112' title='bbox 372 2958 451 3028; x_wconf 91' lang='lat' dir='ltr'>te</span> <span class='ocrx_word' id='word_1_113' title='bbox 492 2961 918 3048; x_wconf 84' lang='lat' dir='ltr'>apparent,</span> <span class='ocrx_word' id='word_1_114' title='bbox 984 2956 1156 3029; x_wconf 88' lang='lat' dir='ltr'>ideo</span> <span class='ocrx_word' id='word_1_115' title='bbox 1212 2955 1353 3030; x_wconf 89' lang='lat' dir='ltr'>tibi</span> <span class='ocrx_word' id='word_1_116' title='bbox 1408 2957 1808 3049; x_wconf 86' lang='lat' dir='ltr'>apparent</span> <span class='ocrx_word' id='word_1_117' title='bbox 1844 2957 1929 3026; x_wconf 89' lang='lat' dir='ltr'>ut</span> 
     </span>
     <span class='ocr_line' id='line_1_23' title="bbox 373 3069 1930 3166; baseline -0.003 -20"><span class='ocrx_word' id='word_1_118' title='bbox 373 3075 452 3146; x_wconf 91' lang='lat' dir='ltr'>te</span> <span class='ocrx_word' id='word_1_119' title='bbox 488 3070 802 3154; x_wconf 85' lang='lat' dir='ltr'>fallant,</span> <span class='ocrx_word' id='word_1_120' title='bbox 832 3072 1024 3166; x_wconf 89' lang='lat' dir='ltr'>quia</span> <span class='ocrx_word' id='word_1_121' title='bbox 1048 3072 1130 3143; x_wconf 91' lang='lat' dir='ltr'>in</span> <span class='ocrx_word' id='word_1_122' title='bbox 1154 3076 1232 3145; x_wconf 90' lang='lat' dir='ltr'>te</span> <span class='ocrx_word' id='word_1_123' title='bbox 1265 3074 1701 3164; x_wconf 85' lang='lat' dir='ltr'>apparent;</span> <span class='ocrx_word' id='word_1_124' title='bbox 1741 3069 1930 3161; x_wconf 88' lang='lat' dir='ltr'>quia</span> 
     </span>
     <span class='ocr_line' id='line_1_24' title="bbox 374 3184 1931 3282; baseline 0.001 -23"><span class='ocrx_word' id='word_1_125' title='bbox 374 3187 544 3263; x_wconf 81' lang='lat' dir='ltr'>haec</span> <span class='ocrx_word' id='word_1_126' title='bbox 581 3188 796 3265; x_wconf 89' lang='lat' dir='ltr'>ratio</span> <span class='ocrx_word' id='word_1_127' title='bbox 847 3188 1288 3282; x_wconf 88' lang='lat' dir='ltr'>apparendi</span> <span class='ocrx_word' id='word_1_128' title='bbox 1338 3209 1503 3263; x_wconf 89' lang='lat' dir='ltr'>non</span> <span class='ocrx_word' id='word_1_129' title='bbox 1553 3184 1931 3280; x_wconf 88' lang='lat' dir='ltr'>prohibet</span> 
     </span>
     <span class='ocr_line' id='line_1_25' title="bbox 382 3304 1933 3401; baseline -0.003 -22"><span class='ocrx_word' id='word_1_130' title='bbox 382 3307 808 3401; x_wconf 88' lang='lat' dir='ltr'>propriam</span> <span class='ocrx_word' id='word_1_131' title='bbox 898 3306 1303 3381; x_wconf 88' lang='lat' dir='ltr'>rationem</span> <span class='ocrx_word' id='word_1_132' title='bbox 1398 3304 1707 3379; x_wconf 88' lang='lat' dir='ltr'>ostensi</span> <span class='ocrx_word' id='word_1_133' title='bbox 1786 3323 1933 3397; x_wconf 90' lang='lat' dir='ltr'>per</span> 
     </span>
    </p>

    <p class='ocr_par' dir='ltr' id='par_1_5' title="bbox 156 3419 1933 3518">
     <span class='ocr_line' id='line_1_26' title="bbox 156 3419 1933 3518; baseline -0.003 -21"><span class='ocrx_word' id='word_1_134' title='bbox 156 3436 298 3487; x_wconf 70' lang='lat' dir='ltr'>Visus</span> <span class='ocrx_word' id='word_1_135' title='bbox 380 3424 643 3518; x_wconf 91' lang='lat' dir='ltr'>ipsam</span> <span class='ocrx_word' id='word_1_136' title='bbox 679 3429 819 3499; x_wconf 89' lang='lat' dir='ltr'>tuo</span> <span class='ocrx_word' id='word_1_137' title='bbox 856 3424 1304 3499; x_wconf 85' lang='lat' dir='ltr'>intellectui</span> <span class='ocrx_word' id='word_1_138' title='bbox 1349 3443 1773 3516; x_wconf 88' lang='lat' dir='ltr'>apparere.</span> <span class='ocrx_word' id='word_1_139' title='bbox 1814 3419 1933 3493; x_wconf 78' lang='lat' dir='ltr'>si-</span> 
     </span>
    </p>

    <p class='ocr_par' dir='ltr' id='par_1_6' title="bbox 75 3507 1931 3632">
     <span class='ocr_line' id='line_1_27' title="bbox 75 3507 1931 3632; baseline -0.002 -19"><span class='ocrx_word' id='word_1_140' title='bbox 75 3507 354 3623; x_wconf 55' lang='grc' dir='ltr'>ηῧῖῗῖαῗιῗῗ</span> <span class='ocrx_word' id='word_1_141' title='bbox 382 3545 519 3615; x_wconf 91' lang='lat' dir='ltr'>cut</span> <span class='ocrx_word' id='word_1_142' title='bbox 553 3546 839 3615; x_wconf 88' lang='lat' dir='ltr'>noster</span> <span class='ocrx_word' id='word_1_143' title='bbox 893 3541 1117 3614; x_wconf 90' lang='lat' dir='ltr'>visus</span> <span class='ocrx_word' id='word_1_144' title='bbox 1203 3540 1544 3622; x_wconf 88' lang='lat' dir='ltr'>fallitur,</span> <span class='ocrx_word' id='word_1_145' title='bbox 1618 3537 1931 3632; x_wconf 84' lang='lat' dir='ltr'>quando</span> 
     </span>
    </p>

    <p class='ocr_par' dir='ltr' id='par_1_7' title="bbox 158 3631 1933 3753">
     <span class='ocr_line' id='line_1_28' title="bbox 158 3631 1933 3753; baseline -0.004 -18"><span class='ocrx_word' id='word_1_146' title='bbox 158 3631 254 3676; x_wconf 56' lang='lat'><strong>‘&#39;⁰&#39;‘</strong></span> <span class='ocrx_word' id='word_1_147' title='bbox 379 3660 751 3734; x_wconf 87' lang='lat' dir='ltr'>extranei</span> <span class='ocrx_word' id='word_1_148' title='bbox 786 3658 1270 3753; x_wconf 84' lang='lat' dir='ltr'>apparentia</span> <span class='ocrx_word' id='word_1_149' title='bbox 1313 3658 1688 3752; x_wconf 85' lang='lat' dir='ltr'>prohibet</span> <span class='ocrx_word' id='word_1_150' title='bbox 1742 3656 1933 3728; x_wconf 88' lang='lat' dir='ltr'>illud</span> 
     </span>
    </p>

    <p class='ocr_par' dir='ltr' id='par_1_8' title="bbox 101 3773 1945 5505">
     <span class='ocr_line' id='line_1_29' title="bbox 381 3773 1933 3870; baseline -0.003 -21"><span class='ocrx_word' id='word_1_151' title='bbox 381 3778 589 3870; x_wconf 89' lang='lat' dir='ltr'>quod</span> <span class='ocrx_word' id='word_1_152' title='bbox 639 3781 762 3850; x_wconf 86' lang='lat' dir='ltr'>est</span> <span class='ocrx_word' id='word_1_153' title='bbox 811 3796 1238 3870; x_wconf 88' lang='lat' dir='ltr'>apparere,</span> <span class='ocrx_word' id='word_1_154' title='bbox 1294 3797 1455 3850; x_wconf 92' lang='lat' dir='ltr'>non</span> <span class='ocrx_word' id='word_1_155' title='bbox 1512 3778 1635 3848; x_wconf 89' lang='lat' dir='ltr'>est</span> <span class='ocrx_word' id='word_1_156' title='bbox 1688 3774 1803 3847; x_wconf 90' lang='lat' dir='ltr'>ita</span> <span class='ocrx_word' id='word_1_157' title='bbox 1854 3773 1933 3845; x_wconf 91' lang='lat' dir='ltr'>in</span> 
     </span>
     <span class='ocr_line' id='line_1_30' title="bbox 378 3890 1931 3983; baseline -0.005 -14"><span class='ocrx_word' id='word_1_158' title='bbox 378 3898 518 3969; x_wconf 90' lang='lat' dir='ltr'>tuo</span> <span class='ocrx_word' id='word_1_159' title='bbox 555 3893 995 3975; x_wconf 91' lang='lat' dir='ltr'>intellectu,</span> <span class='ocrx_word' id='word_1_160' title='bbox 1036 3893 1197 3965; x_wconf 91' lang='lat' dir='ltr'>imo</span> <span class='ocrx_word' id='word_1_161' title='bbox 1235 3899 1372 3967; x_wconf 90' lang='lat' dir='ltr'>tua</span> <span class='ocrx_word' id='word_1_162' title='bbox 1413 3890 1768 3965; x_wconf 89' lang='lat' dir='ltr'>essentia</span> <span class='ocrx_word' id='word_1_163' title='bbox 1802 3911 1931 3983; x_wconf 88' lang='lat' dir='ltr'>ap·</span> 
     </span>
     <span class='ocr_line' id='line_1_31' title="bbox 380 4010 1933 4104; baseline -0.005 -22"><span class='ocrx_word' id='word_1_164' title='bbox 380 4015 740 4104; x_wconf 89' lang='lat' dir='ltr'>parente,</span> <span class='ocrx_word' id='word_1_165' title='bbox 781 4010 1191 4102; x_wconf 83' lang='lat' dir='ltr'>quodlibet</span> <span class='ocrx_word' id='word_1_166' title='bbox 1227 4010 1405 4083; x_wconf 89' lang='lat' dir='ltr'>inte</span> <span class='ocrx_word' id='word_1_167' title='bbox 1443 4010 1810 4081; x_wconf 80' lang='lat' dir='ltr'>relucens</span> <span class='ocrx_word' id='word_1_168' title='bbox 1845 4027 1933 4078; x_wconf 86' lang='lat' dir='ltr'>ex</span> 
     </span>
     <span class='ocr_line' id='line_1_32' title="bbox 374 4126 1934 4221; baseline -0.003 -22"><span class='ocrx_word' id='word_1_169' title='bbox 374 4129 553 4221; x_wconf 90' lang='lat' dir='ltr'>ejus</span> <span class='ocrx_word' id='word_1_170' title='bbox 591 4127 1186 4221; x_wconf 82' lang='lat' dir='ltr'>perfectissima</span> <span class='ocrx_word' id='word_1_171' title='bbox 1230 4126 1614 4200; x_wconf 87' lang='lat' dir='ltr'>claritate</span> <span class='ocrx_word' id='word_1_172' title='bbox 1651 4144 1934 4198; x_wconf 90' lang='lat' dir='ltr'>secun-</span> 
     </span>
     <span class='ocr_line' id='line_1_33' title="bbox 375 4245 1927 4338; baseline -0.004 -21"><span class='ocrx_word' id='word_1_173' title='bbox 375 4245 561 4317; x_wconf 85' lang='lat' dir='ltr'>dum</span> <span class='ocrx_word' id='word_1_174' title='bbox 610 4246 1031 4338; x_wconf 86' lang='lat' dir='ltr'>propriam</span> <span class='ocrx_word' id='word_1_175' title='bbox 1094 4245 1502 4318; x_wconf 86' lang='lat' dir='ltr'>rationem</span> <span class='ocrx_word' id='word_1_176' title='bbox 1558 4245 1927 4336; x_wconf 87' lang='lat' dir='ltr'>apparet.</span> 
     </span>
     <span class='ocr_line' id='line_1_34' title="bbox 379 4360 1933 4442; baseline -0.002 -8"><span class='ocrx_word' id='word_1_177' title='bbox 379 4364 493 4434; x_wconf 90' lang='lat' dir='ltr'>Dc</span> <span class='ocrx_word' id='word_1_178' title='bbox 518 4361 870 4436; x_wconf 83' lang='lat' dir='ltr'>veritate</span> <span class='ocrx_word' id='word_1_179' title='bbox 895 4366 1034 4435; x_wconf 87' lang='lat' dir='ltr'>tua</span> <span class='ocrx_word' id='word_1_180' title='bbox 1060 4365 1140 4435; x_wconf 92' lang='lat' dir='ltr'>et</span> <span class='ocrx_word' id='word_1_181' title='bbox 1168 4360 1363 4434; x_wconf 86' lang='lat' dir='ltr'>ideis</span> <span class='ocrx_word' id='word_1_182' title='bbox 1393 4360 1595 4442; x_wconf 89' lang='lat' dir='ltr'>inte,</span> <span class='ocrx_word' id='word_1_183' title='bbox 1625 4380 1784 4430; x_wconf 90' lang='lat' dir='ltr'>non</span> <span class='ocrx_word' id='word_1_184' title='bbox 1808 4361 1933 4431; x_wconf 86' lang='lat' dir='ltr'>est</span> 
     </span>
     <span class='ocr_line' id='line_1_35' title="bbox 382 4477 1933 4572; baseline -0.004 -20"><span class='ocrx_word' id='word_1_185' title='bbox 382 4500 583 4572; x_wconf 90' lang='lat' dir='ltr'>opus</span> <span class='ocrx_word' id='word_1_186' title='bbox 619 4479 970 4572; x_wconf 88' lang='lat' dir='ltr'>amplius</span> <span class='ocrx_word' id='word_1_187' title='bbox 1000 4477 1556 4571; x_wconf 85' lang='lat' dir='ltr'>pertractandi</span> <span class='ocrx_word' id='word_1_188' title='bbox 1594 4479 1933 4569; x_wconf 88' lang='lat' dir='ltr'>propter</span> 
     </span>
     <span class='ocr_line' id='line_1_36' title="bbox 386 4594 1927 4687; baseline -0.004 -21"><span class='ocrx_word' id='word_1_189' title='bbox 386 4595 904 4687; x_wconf 87' lang='lat' dir='ltr'>propositum</span> <span class='ocrx_word' id='word_1_190' title='bbox 991 4616 1257 4667; x_wconf 90' lang='lat' dir='ltr'>meum</span> <span class='ocrx_word' id='word_1_191' title='bbox 1352 4594 1927 4686; x_wconf 80' lang='lat' dir='ltr'>exequendum.</span> 
     </span>
     <span class='ocr_line' id='line_1_37' title="bbox 382 4710 1933 4801; baseline -0.001 -20"><span class='ocrx_word' id='word_1_192' title='bbox 382 4710 643 4790; x_wconf 91' lang='lat' dir='ltr'>Multa</span> <span class='ocrx_word' id='word_1_193' title='bbox 675 4712 765 4783; x_wconf 86' lang='lat' dir='ltr'>de</span> <span class='ocrx_word' id='word_1_194' title='bbox 826 4710 1021 4783; x_wconf 86' lang='lat' dir='ltr'>ideis</span> <span class='ocrx_word' id='word_1_195' title='bbox 1055 4711 1439 4785; x_wconf 85' lang='lat' dir='ltr'>dicuntur</span> <span class='ocrx_word' id='word_1_196' title='bbox 1483 4710 1769 4801; x_wconf 88' lang='lat' dir='ltr'>quibus</span> <span class='ocrx_word' id='word_1_197' title='bbox 1813 4712 1933 4781; x_wconf 87' lang='lat' dir='ltr'>ta-</span> 
     </span>
     <span class='ocr_line' id='line_1_38' title="bbox 384 4825 1933 4920; baseline -0.001 -21"><span class='ocrx_word' id='word_1_198' title='bbox 384 4847 564 4899; x_wconf 89' lang='lat' dir='ltr'>men</span> <span class='ocrx_word' id='word_1_199' title='bbox 588 4848 1002 4920; x_wconf 87' lang='lat' dir='ltr'>nunquam</span> <span class='ocrx_word' id='word_1_200' title='bbox 1024 4826 1287 4909; x_wconf 88' lang='lat' dir='ltr'>dictis,</span> <span class='ocrx_word' id='word_1_201' title='bbox 1330 4828 1490 4900; x_wconf 91' lang='lat' dir='ltr'>imo</span> <span class='ocrx_word' id='word_1_202' title='bbox 1515 4847 1658 4899; x_wconf 91' lang='lat' dir='ltr'>ncc</span> <span class='ocrx_word' id='word_1_203' title='bbox 1683 4825 1933 4899; x_wconf 90' lang='lat' dir='ltr'>nomi·</span> 
     </span>
     <span class='ocr_line' id='line_1_39' title="bbox 378 4944 1935 5038; baseline 0.001 -25"><span class='ocrx_word' id='word_1_204' title='bbox 378 4944 593 5018; x_wconf 87' lang='lat' dir='ltr'>natis</span> <span class='ocrx_word' id='word_1_205' title='bbox 638 4944 859 5028; x_wconf 90' lang='lat' dir='ltr'>ideis,</span> <span class='ocrx_word' id='word_1_206' title='bbox 917 4965 1079 5017; x_wconf 92' lang='lat' dir='ltr'>non</span> <span class='ocrx_word' id='word_1_207' title='bbox 1136 4945 1402 5017; x_wconf 88' lang='lat' dir='ltr'>minus</span> <span class='ocrx_word' id='word_1_208' title='bbox 1454 4946 1546 5017; x_wconf 92' lang='lat' dir='ltr'>de</span> <span class='ocrx_word' id='word_1_209' title='bbox 1589 4949 1727 5018; x_wconf 88' lang='lat' dir='ltr'>tua</span> <span class='ocrx_word' id='word_1_210' title='bbox 1765 4963 1935 5038; x_wconf 90' lang='lat' dir='ltr'>per-</span> 
     </span>
     <span class='ocr_line' id='line_1_40' title="bbox 380 5061 1938 5154; baseline 0.001 -21"><span class='ocrx_word' id='word_1_211' title='bbox 380 5061 730 5135; x_wconf 84' lang='lat' dir='ltr'>fectione</span> <span class='ocrx_word' id='word_1_212' title='bbox 756 5062 1135 5136; x_wconf 90' lang='lat' dir='ltr'>sciretur.</span> <span class='ocrx_word' id='word_1_213' title='bbox 1170 5063 1337 5135; x_wconf 89' lang='lat' dir='ltr'>IIoc</span> <span class='ocrx_word' id='word_1_214' title='bbox 1371 5065 1719 5143; x_wconf 88' lang='lat' dir='ltr'>constat,</span> <span class='ocrx_word' id='word_1_215' title='bbox 1751 5062 1938 5154; x_wconf 84' lang='lat' dir='ltr'>quia</span> 
     </span>
     <span class='ocr_line' id='line_1_41' title="bbox 384 5178 1939 5271; baseline -0.001 -20"><span class='ocrx_word' id='word_1_216' title='bbox 384 5180 524 5252; x_wconf 83' lang='lat' dir='ltr'>tua</span> <span class='ocrx_word' id='word_1_217' title='bbox 556 5179 917 5252; x_wconf 85' lang='lat' dir='ltr'>essentia</span> <span class='ocrx_word' id='word_1_218' title='bbox 949 5184 1074 5253; x_wconf 88' lang='lat' dir='ltr'>est</span> <span class='ocrx_word' id='word_1_219' title='bbox 1130 5178 1492 5271; x_wconf 87' lang='lat' dir='ltr'>perfecta</span> <span class='ocrx_word' id='word_1_220' title='bbox 1550 5178 1765 5250; x_wconf 89' lang='lat' dir='ltr'>ratio</span> <span class='ocrx_word' id='word_1_221' title='bbox 1814 5200 1939 5250; x_wconf 90' lang='lat' dir='ltr'>co-</span> 
     </span>
     <span class='ocr_line' id='line_1_42' title="bbox 391 5293 1943 5388; baseline 0 -23"><span class='ocrx_word' id='word_1_222' title='bbox 391 5296 826 5385; x_wconf 84' lang='lat' dir='ltr'>gnoscendi</span> <span class='ocrx_word' id='word_1_223' title='bbox 907 5298 1461 5388; x_wconf 84' lang='lat' dir='ltr'>quodcumque</span> <span class='ocrx_word' id='word_1_224' title='bbox 1530 5293 1943 5387; x_wconf 79' lang='lat' dir='ltr'>cognosci·</span> 
     </span>
     <span class='ocr_line' id='line_1_43' title="bbox 101 5409 1945 5505; baseline 0 -22"><span class='ocrx_word' id='word_1_225' title='bbox 101 5409 330 5465; x_wconf 60' lang='lat' dir='ltr'>‘&#39;³⁸⁸⁶n‘fa</span> <span class='ocrx_word' id='word_1_226' title='bbox 390 5411 572 5494; x_wconf 86' lang='lat' dir='ltr'>bile,</span> <span class='ocrx_word' id='word_1_227' title='bbox 604 5414 749 5485; x_wconf 89' lang='lat' dir='ltr'>sub</span> <span class='ocrx_word' id='word_1_228' title='bbox 775 5433 1277 5505; x_wconf 85' lang='lat' dir='ltr'>quacumque</span> <span class='ocrx_word' id='word_1_229' title='bbox 1306 5413 1623 5485; x_wconf 88' lang='lat' dir='ltr'>ratione</span> <span class='ocrx_word' id='word_1_230' title='bbox 1658 5432 1945 5503; x_wconf 75' lang='lat' dir='ltr'>cogno·</span> 
     </span>
    </p>
   </div>
   <div class='ocr_carea' id='block_1_3' title="bbox 78 5469 365 5529">
    <p class='ocr_par' dir='ltr' id='par_1_9' title="bbox 78 5469 365 5529">
     <span class='ocr_line' id='line_1_44' title="bbox 78 5469 365 5529; baseline 0.035 -10"><span class='ocrx_word' id='word_1_231' title='bbox 78 5469 162 5519; x_wconf 80' lang='lat' dir='ltr'>Dei</span> <span class='ocrx_word' id='word_1_232' title='bbox 187 5481 365 5529; x_wconf 76' lang='lat' dir='ltr'>onmia</span> 
     </span>
    </p>
   </div>
   <div class='ocr_carea' id='block_1_4' title="bbox 97 5529 1943 5624">
    <p class='ocr_par' dir='ltr' id='par_1_10' title="bbox 97 5529 1943 5624">
     <span class='ocr_line' id='line_1_45' title="bbox 97 5529 1943 5624; baseline 0.001 -27"><span class='ocrx_word' id='word_1_233' title='bbox 97 5547 376 5597; x_wconf 66' lang='lat' dir='ltr'>reproesen-</span> <span class='ocrx_word' id='word_1_234' title='bbox 396 5530 682 5603; x_wconf 86' lang='lat' dir='ltr'>scibili.</span> <span class='ocrx_word' id='word_1_235' title='bbox 721 5531 1093 5624; x_wconf 90' lang='lat' dir='ltr'>Appellet</span> <span class='ocrx_word' id='word_1_236' title='bbox 1127 5534 1368 5613; x_wconf 81' lang='lat' dir='ltr'>ideam,</span> <span class='ocrx_word' id='word_1_237' title='bbox 1408 5529 1540 5622; x_wconf 89' lang='lat' dir='ltr'>qui</span> <span class='ocrx_word' id='word_1_238' title='bbox 1574 5530 1780 5611; x_wconf 88' lang='lat' dir='ltr'>vult;</span> <span class='ocrx_word' id='word_1_239' title='bbox 1812 5529 1943 5600; x_wconf 86' lang='lat' dir='ltr'>hic</span> 
     </span>
    </p>
   </div>
   <div class='ocr_carea' id='block_1_5' title="bbox 78 5606 342 5669">
    <p class='ocr_par' dir='ltr' id='par_1_11' title="bbox 78 5606 342 5669">
     <span class='ocr_line' id='line_1_46' title="bbox 78 5606 342 5669; baseline 0.053 -24"><span class='ocrx_word' id='word_1_240' title='bbox 78 5606 342 5669; x_wconf 73' lang='lat' dir='ltr'>tacperfeo-</span> 
     </span>
    </p>
   </div>
   <div class='ocr_carea' id='block_1_6' title="bbox 101 5648 1945 5724">
    <p class='ocr_par' dir='ltr' id='par_1_12' title="bbox 101 5648 1945 5724">
     <span class='ocr_line' id='line_1_47' title="bbox 101 5648 1945 5724; baseline 0.003 -10"><span class='ocrx_word' id='word_1_241' title='bbox 101 5667 205 5720; x_wconf 64' lang='lat' dir='ltr'>um·</span> <span class='ocrx_word' id='word_1_242' title='bbox 229 5685 322 5723; x_wconf 70' lang='lat' dir='ltr'>me.</span> <span class='ocrx_word' id='word_1_243' title='bbox 395 5668 554 5722; x_wconf 90' lang='lat' dir='ltr'>non</span> <span class='ocrx_word' id='word_1_244' title='bbox 578 5649 901 5724; x_wconf 87' lang='lat' dir='ltr'>intendo</span> <span class='ocrx_word' id='word_1_245' title='bbox 949 5649 1172 5724; x_wconf 86' lang='lat' dir='ltr'>circa</span> <span class='ocrx_word' id='word_1_246' title='bbox 1221 5653 1594 5724; x_wconf 77' lang='lat' dir='ltr'>Graecum</span> <span class='ocrx_word' id='word_1_247' title='bbox 1640 5648 1834 5722; x_wconf 90' lang='lat' dir='ltr'>illud</span> <span class='ocrx_word' id='word_1_248' title='bbox 1865 5649 1945 5719; x_wconf 90' lang='lat' dir='ltr'>et</span> 
     </span>
    </p>
   </div>
   <div class='ocr_carea' id='block_1_7' title="bbox 71 4349 354 4527">
    <p class='ocr_par' dir='ltr' id='par_1_13' title="bbox 71 4349 354 4527">
     <span class='ocr_line' id='line_1_48' title="bbox 75 4349 330 4404; baseline 0.031 -8"><span class='ocrx_word' id='word_1_249' title='bbox 75 4349 171 4399; x_wconf 73' lang='lat' dir='ltr'>Non</span> <span class='ocrx_word' id='word_1_250' title='bbox 196 4357 330 4404; x_wconf 76' lang='lat' dir='ltr'>tanei</span> 
     </span>
     <span class='ocr_line' id='line_1_49' title="bbox 73 4411 354 4470; baseline 0.025 -10"><span class='ocrx_word' id='word_1_251' title='bbox 73 4411 186 4470; x_wconf 77' lang='lat' dir='ltr'>facit</span> <span class='ocrx_word' id='word_1_252' title='bbox 212 4417 354 4467; x_wconf 68' lang='lat' dir='ltr'>ideas</span> 
     </span>
     <span class='ocr_line' id='line_1_50' title="bbox 71 4475 272 4527; baseline 0.045 -8"><span class='ocrx_word' id='word_1_253' title='bbox 71 4475 107 4520; x_wconf 87' lang='lat'>1.</span> <span class='ocrx_word' id='word_1_254' title='bbox 124 4476 172 4523; x_wconf 77' lang='lat' dir='ltr'>d.</span> <span class='ocrx_word' id='word_1_255' title='bbox 199 4478 272 4527; x_wconf 83' lang='lat'>35.</span> 
     </span>
    </p>
   </div>
   <div class='ocr_carea' id='block_1_8' title="bbox 3485 457 3603 520">
    <p class='ocr_par' dir='ltr' id='par_1_14' title="bbox 3485 457 3603 520">
     <span class='ocr_line' id='line_1_51' title="bbox 3485 457 3603 520; baseline 0.034 -4"><span class='ocrx_word' id='word_1_256' title='bbox 3485 457 3603 520; x_wconf 89' lang='grc'>787</span> 
     </span>
    </p>
   </div>
   <div class='ocr_carea' id='block_1_9' title="bbox 2043 617 3952 1882">
    <p class='ocr_par' dir='ltr' id='par_1_15' title="bbox 2043 617 3952 1882">
     <span class='ocr_line' id='line_1_52' title="bbox 2057 617 3603 693; baseline 0.001 -5"><span class='ocrx_word' id='word_1_257' title='bbox 2057 617 2568 691; x_wconf 81' lang='lat' dir='ltr'>Platonicum</span> <span class='ocrx_word' id='word_1_258' title='bbox 2614 618 3099 692; x_wconf 84' lang='lat' dir='ltr'>vocabulum</span> <span class='ocrx_word' id='word_1_259' title='bbox 3144 619 3603 693; x_wconf 87' lang='lat' dir='ltr'>immorari.</span> 
     </span>
     <span class='ocr_line' id='line_1_53' title="bbox 2055 735 3607 829; baseline 0.001 -22"><span class='ocrx_word' id='word_1_260' title='bbox 2055 737 2369 808; x_wconf 80' lang='lat' dir='ltr'>Praeter</span> <span class='ocrx_word' id='word_1_261' title='bbox 2419 735 2809 829; x_wconf 77' lang='lat' dir='ltr'>proedicta</span> <span class='ocrx_word' id='word_1_262' title='bbox 2860 737 2951 809; x_wconf 91' lang='lat' dir='ltr'>de</span> <span class='ocrx_word' id='word_1_263' title='bbox 3000 741 3103 819; x_wconf 88' lang='lat' dir='ltr'>te,</span> <span class='ocrx_word' id='word_1_264' title='bbox 3161 757 3208 809; x_wconf 90' lang='lat' dir='ltr'>a</span> <span class='ocrx_word' id='word_1_265' title='bbox 3242 736 3607 810; x_wconf 87' lang='lat' dir='ltr'>Philoso-</span> 
     </span>
     <span class='ocr_line' id='line_1_54' title="bbox 2056 851 3604 946; baseline 0.003 -26"><span class='ocrx_word' id='word_1_266' title='bbox 2056 851 2233 944; x_wconf 82' lang='lat' dir='ltr'>phis</span> <span class='ocrx_word' id='word_1_267' title='bbox 2272 854 2639 946; x_wconf 88' lang='lat' dir='ltr'>probata,</span> <span class='ocrx_word' id='word_1_268' title='bbox 2672 875 2882 946; x_wconf 59' lang='lat' dir='ltr'>sse-pe</span> <span class='ocrx_word' id='word_1_269' title='bbox 2907 853 3309 928; x_wconf 88' lang='lat' dir='ltr'>Catholici</span> <span class='ocrx_word' id='word_1_270' title='bbox 3342 856 3420 926; x_wconf 89' lang='lat' dir='ltr'>te</span> <span class='ocrx_word' id='word_1_271' title='bbox 3445 853 3604 924; x_wconf 90' lang='lat' dir='ltr'>lau-</span> 
     </span>
     <span class='ocr_line' id='line_1_55' title="bbox 2048 969 3598 1064; baseline 0.001 -24"><span class='ocrx_word' id='word_1_272' title='bbox 2048 969 2241 1042; x_wconf 85' lang='lat' dir='ltr'>dant</span> <span class='ocrx_word' id='word_1_273' title='bbox 2330 972 2997 1064; x_wconf 87' lang='lat' dir='ltr'>omnipotentem,</span> <span class='ocrx_word' id='word_1_274' title='bbox 3087 970 3598 1052; x_wconf 87' lang='lat' dir='ltr'>immensum,</span> 
     </span>
     <span class='ocr_line' id='line_1_56' title="bbox 2051 1086 3673 1180; baseline 0 -23"><span class='ocrx_word' id='word_1_275' title='bbox 2051 1086 2342 1179; x_wconf 88' lang='lat' dir='ltr'>ubique</span> <span class='ocrx_word' id='word_1_276' title='bbox 2378 1094 2886 1180; x_wconf 78' lang='lat' dir='ltr'>praesentem,</span> <span class='ocrx_word' id='word_1_277' title='bbox 2938 1109 3251 1171; x_wconf 83' lang='lat' dir='ltr'>verum,</span> <span class='ocrx_word' id='word_1_278' title='bbox 3288 1087 3603 1180; x_wconf 86' lang='lat' dir='ltr'>justum</span> <span class='ocrx_word' id='word_1_279' title='bbox 3666 1111 3673 1120; x_wconf 86' lang='grc'><em>·</em></span> 
     </span>
     <span class='ocr_line' id='line_1_57' title="bbox 2049 1203 3598 1286; baseline 0 -11"><span class='ocrx_word' id='word_1_280' title='bbox 2049 1206 2130 1276; x_wconf 90' lang='lat' dir='ltr'>et</span> <span class='ocrx_word' id='word_1_281' title='bbox 2156 1203 2794 1286; x_wconf 80' lang='lat' dir='ltr'>misericordem,</span> <span class='ocrx_word' id='word_1_282' title='bbox 2825 1203 3141 1278; x_wconf 90' lang='lat' dir='ltr'>cunctis</span> <span class='ocrx_word' id='word_1_283' title='bbox 3166 1203 3598 1283; x_wconf 89' lang='lat' dir='ltr'>creaturis,</span> 
     </span>
     <span class='ocr_line' id='line_1_58' title="bbox 2048 1318 3605 1422; baseline 0 -32"><span class='ocrx_word' id='word_1_284' title='bbox 2048 1324 2129 1392; x_wconf 89' lang='lat' dir='ltr'>et</span> <span class='ocrx_word' id='word_1_285' title='bbox 2156 1320 2626 1413; x_wconf 88' lang='lat' dir='ltr'>specialiter</span> <span class='ocrx_word' id='word_1_286' title='bbox 2658 1320 3317 1422; x_wconf 25' lang='lat' dir='ltr'>intelligibilibus·</span> <span class='ocrx_word' id='word_1_287' title='bbox 3343 1318 3605 1412; x_wconf 86' lang='lat' dir='ltr'>provi·</span> 
     </span>
     <span class='ocr_line' id='line_1_59' title="bbox 2045 1436 3599 1533; baseline -0.001 -25"><span class='ocrx_word' id='word_1_288' title='bbox 2045 1436 2389 1523; x_wconf 88' lang='lat' dir='ltr'>dentem,</span> <span class='ocrx_word' id='word_1_289' title='bbox 2448 1461 2621 1533; x_wconf 81' lang='lat' dir='ltr'>quae</span> <span class='ocrx_word' id='word_1_290' title='bbox 2677 1441 2772 1512; x_wconf 88' lang='lat' dir='ltr'>ad</span> <span class='ocrx_word' id='word_1_291' title='bbox 2839 1441 3288 1513; x_wconf 86' lang='lat' dir='ltr'>tractatum</span> <span class='ocrx_word' id='word_1_292' title='bbox 3349 1436 3599 1509; x_wconf 88' lang='lat' dir='ltr'>alium</span> 
     </span>
     <span class='ocr_line' id='line_1_60' title="bbox 2049 1554 3952 1655; baseline 0.003 -28"><span class='ocrx_word' id='word_1_293' title='bbox 2049 1556 2515 1646; x_wconf 84' lang='lat' dir='ltr'>proximum</span> <span class='ocrx_word' id='word_1_294' title='bbox 2539 1557 3041 1631; x_wconf 86' lang='lat' dir='ltr'>differentur.</span> <span class='ocrx_word' id='word_1_295' title='bbox 3089 1558 3179 1629; x_wconf 88' lang='lat' dir='ltr'>In</span> <span class='ocrx_word' id='word_1_296' title='bbox 3203 1554 3597 1647; x_wconf 89' lang='lat' dir='ltr'>hocquip-</span> <span class='ocrx_word' id='word_1_297' title='bbox 3630 1578 3796 1655; x_wconf 56' lang='lat' dir='ltr'>mod„</span> <span class='ocrx_word' id='word_1_298' title='bbox 3841 1584 3952 1635; x_wconf 78' lang='lat' dir='ltr'>va-</span> 
     </span>
     <span class='ocr_line' id='line_1_61' title="bbox 2049 1649 3947 1773; baseline 0.005 -32"><span class='ocrx_word' id='word_1_299' title='bbox 2049 1690 2142 1762; x_wconf 91' lang='lat' dir='ltr'>pe</span> <span class='ocrx_word' id='word_1_300' title='bbox 2161 1673 2524 1746; x_wconf 84' lang='lat' dir='ltr'>tractatu</span> <span class='ocrx_word' id='word_1_301' title='bbox 2554 1672 2887 1755; x_wconf 85' lang='lat' dir='ltr'>tentavi,</span> <span class='ocrx_word' id='word_1_302' title='bbox 2921 1671 3320 1766; x_wconf 89' lang='lat' dir='ltr'>quomodo</span> <span class='ocrx_word' id='word_1_303' title='bbox 3356 1674 3596 1759; x_wconf 78' lang='lat' dir='ltr'>Physi—</span> <span class='ocrx_word' id='word_1_304' title='bbox 3629 1649 3947 1773; x_wconf 52' lang='grc' dir='ltr'>Μρῑζξζὶῑμῑ-</span> 
     </span>
     <span class='ocr_line' id='line_1_62' title="bbox 2043 1784 3807 1882; baseline 0.003 -30"><span class='ocrx_word' id='word_1_305' title='bbox 2043 1807 2147 1868; x_wconf 82' lang='lat' dir='ltr'>ca,</span> <span class='ocrx_word' id='word_1_306' title='bbox 2173 1785 2364 1859; x_wconf 85' lang='lat' dir='ltr'>dete</span> <span class='ocrx_word' id='word_1_307' title='bbox 2390 1787 2627 1869; x_wconf 87' lang='lat' dir='ltr'>dicta,</span> <span class='ocrx_word' id='word_1_308' title='bbox 2673 1789 2994 1863; x_wconf 76' lang='lat' dir='ltr'>ratIone</span> <span class='ocrx_word' id='word_1_309' title='bbox 3037 1786 3398 1861; x_wconf 88' lang='lat' dir='ltr'>naturali</span> <span class='ocrx_word' id='word_1_310' title='bbox 3448 1784 3595 1857; x_wconf 89' lang='lat' dir='ltr'>ali·</span> <span class='ocrx_word' id='word_1_311' title='bbox 3631 1787 3807 1882; x_wconf 55' lang='lat'><strong>„2⁰⁸-</strong></span> 
     </span>
    </p>
   </div>
   <div class='ocr_carea' id='block_1_10' title="bbox 3712 1849 3946 1884">
    <p class='ocr_par' dir='ltr' id='par_1_16' title="bbox 3712 1849 3946 1884">
     <span class='ocr_line' id='line_1_63' title="bbox 3712 1849 3946 1884; baseline 0.009 -3"><span class='ocrx_word' id='word_1_312' title='bbox 3712 1849 3946 1884; x_wconf 67' lang='lat' dir='ltr'>corenla·</span> 
     </span>
    </p>
   </div>
   <div class='ocr_carea' id='block_1_11' title="bbox 2046 1897 3929 2023">
    <p class='ocr_par' dir='ltr' id='par_1_17' title="bbox 2046 1897 3929 2023">
     <span class='ocr_line' id='line_1_64' title="bbox 2046 1897 3929 2023; baseline 0.004 -54"><span class='ocrx_word' id='word_1_313' title='bbox 2046 1901 2403 1992; x_wconf 87' lang='lat' dir='ltr'>qualiter</span> <span class='ocrx_word' id='word_1_314' title='bbox 2434 1906 3240 1990; x_wconf 89' lang='lat' dir='ltr'>concluderentur,1n</span> <span class='ocrx_word' id='word_1_315' title='bbox 3274 1922 3596 1996; x_wconf 89' lang='lat' dir='ltr'>sequen·</span> <span class='ocrx_word' id='word_1_316' title='bbox 3625 1897 3929 2023; x_wconf 51' lang='lat' dir='ltr'>‘ssossssrtissffi</span> 
     </span>
    </p>
   </div>
   <div class='ocr_carea' id='block_1_12' title="bbox 2041 2015 3947 2930">
    <p class='ocr_par' dir='ltr' id='par_1_18' title="bbox 2041 2015 3947 2930">
     <span class='ocr_line' id='line_1_65' title="bbox 2045 2015 3947 2113; baseline 0.001 -25"><span class='ocrx_word' id='word_1_317' title='bbox 2045 2015 2135 2095; x_wconf 86' lang='lat' dir='ltr'>ti,</span> <span class='ocrx_word' id='word_1_318' title='bbox 2165 2016 2476 2091; x_wconf 87' lang='lat' dir='ltr'>scilicet</span> <span class='ocrx_word' id='word_1_319' title='bbox 2513 2019 2589 2090; x_wconf 92' lang='lat' dir='ltr'>in</span> <span class='ocrx_word' id='word_1_320' title='bbox 2631 2023 3159 2090; x_wconf 58' lang='lat' dir='ltr'>Theoi-emacitas</span> <span class='ocrx_word' id='word_1_321' title='bbox 3193 2021 3599 2113; x_wconf 87' lang='lat' dir='ltr'>ponentur</span> <span class='ocrx_word' id='word_1_322' title='bbox 3632 2031 3947 2075; x_wconf 63' lang='lat' dir='ltr'>eracemum.</span> 
     </span>
     <span class='ocr_line' id='line_1_66' title="bbox 2042 2134 3609 2230; baseline 0.004 -28"><span class='ocrx_word' id='word_1_323' title='bbox 2042 2134 2482 2220; x_wconf 87' lang='lat' dir='ltr'>credibilia,</span> <span class='ocrx_word' id='word_1_324' title='bbox 2508 2137 2819 2229; x_wconf 90' lang='lat' dir='ltr'>quibus,</span> <span class='ocrx_word' id='word_1_325' title='bbox 2847 2141 2973 2211; x_wconf 87' lang='lat' dir='ltr'>vel</span> <span class='ocrx_word' id='word_1_326' title='bbox 2998 2140 3092 2210; x_wconf 88' lang='lat' dir='ltr'>ad</span> <span class='ocrx_word' id='word_1_327' title='bbox 3117 2158 3465 2230; x_wconf 87' lang='lat' dir='ltr'>quorum</span> <span class='ocrx_word' id='word_1_328' title='bbox 3492 2155 3609 2208; x_wconf 85' lang='lat' dir='ltr'>as-</span> 
     </span>
     <span class='ocr_line' id='line_1_67' title="bbox 2043 2253 3607 2349; baseline 0.004 -30"><span class='ocrx_word' id='word_1_329' title='bbox 2043 2268 2394 2332; x_wconf 88' lang='lat' dir='ltr'>sensum,</span> <span class='ocrx_word' id='word_1_330' title='bbox 2437 2253 2651 2326; x_wconf 89' lang='lat' dir='ltr'>ratio</span> <span class='ocrx_word' id='word_1_331' title='bbox 2722 2255 3215 2348; x_wconf 89' lang='lat' dir='ltr'>captivatur,</span> <span class='ocrx_word' id='word_1_332' title='bbox 3289 2276 3460 2349; x_wconf 79' lang='lat' dir='ltr'>quae</span> <span class='ocrx_word' id='word_1_333' title='bbox 3495 2258 3607 2328; x_wconf 89' lang='lat' dir='ltr'>ta-</span> 
     </span>
     <span class='ocr_line' id='line_1_68' title="bbox 2045 2368 3599 2465; baseline 0.007 -32"><span class='ocrx_word' id='word_1_334' title='bbox 2045 2384 2226 2435; x_wconf 87' lang='lat' dir='ltr'>men</span> <span class='ocrx_word' id='word_1_335' title='bbox 2248 2386 2341 2438; x_wconf 93' lang='lat' dir='ltr'>eo</span> <span class='ocrx_word' id='word_1_336' title='bbox 2369 2373 2553 2441; x_wconf 90' lang='lat' dir='ltr'>sunt</span> <span class='ocrx_word' id='word_1_337' title='bbox 2581 2368 3029 2444; x_wconf 84' lang='lat' dir='ltr'>Catholicis</span> <span class='ocrx_word' id='word_1_338' title='bbox 3053 2372 3422 2446; x_wconf 89' lang='lat' dir='ltr'>certiora</span> <span class='ocrx_word' id='word_1_339' title='bbox 3442 2394 3599 2465; x_wconf 86' lang='lat' dir='ltr'>quo</span> 
     </span>
     <span class='ocr_line' id='line_1_69' title="bbox 2041 2482 3597 2569; baseline 0.012 -18"><span class='ocrx_word' id='word_1_340' title='bbox 2041 2501 2205 2553; x_wconf 92' lang='lat' dir='ltr'>non</span> <span class='ocrx_word' id='word_1_341' title='bbox 2261 2482 2709 2559; x_wconf 88' lang='lat' dir='ltr'>intellectui</span> <span class='ocrx_word' id='word_1_342' title='bbox 2762 2493 3053 2563; x_wconf 89' lang='lat' dir='ltr'>nostro</span> <span class='ocrx_word' id='word_1_343' title='bbox 3109 2490 3597 2569; x_wconf 75' lang='lat' dir='ltr'>caecutienti,</span> 
     </span>
     <span class='ocr_line' id='line_1_70' title="bbox 2043 2598 3601 2692; baseline 0.006 -24"><span class='ocrx_word' id='word_1_344' title='bbox 2043 2600 2121 2670; x_wconf 89' lang='lat' dir='ltr'>et</span> <span class='ocrx_word' id='word_1_345' title='bbox 2190 2598 2266 2669; x_wconf 93' lang='lat' dir='ltr'>in</span> <span class='ocrx_word' id='word_1_346' title='bbox 2322 2601 2689 2692; x_wconf 88' lang='lat' dir='ltr'>pluribus</span> <span class='ocrx_word' id='word_1_347' title='bbox 2748 2605 3195 2688; x_wconf 87' lang='lat' dir='ltr'>vacillanti,</span> <span class='ocrx_word' id='word_1_348' title='bbox 3249 2606 3381 2678; x_wconf 88' lang='lat' dir='ltr'>sed</span> <span class='ocrx_word' id='word_1_349' title='bbox 3442 2611 3601 2680; x_wconf 76' lang='lat' dir='ltr'>tuae</span> 
     </span>
     <span class='ocr_line' id='line_1_71' title="bbox 2046 2713 3606 2794; baseline 0.006 -12"><span class='ocrx_word' id='word_1_350' title='bbox 2046 2713 2563 2792; x_wconf 77' lang='lat' dir='ltr'>solidissimae</span> <span class='ocrx_word' id='word_1_351' title='bbox 2605 2719 2940 2792; x_wconf 85' lang='lat' dir='ltr'>veritati</span> <span class='ocrx_word' id='word_1_352' title='bbox 2994 2719 3349 2794; x_wconf 84' lang='lat' dir='ltr'>firmiter</span> <span class='ocrx_word' id='word_1_353' title='bbox 3401 2720 3606 2793; x_wconf 92' lang='lat' dir='ltr'>inni-</span> 
     </span>
     <span class='ocr_line' id='line_1_72' title="bbox 2046 2834 3600 2930; baseline 0.005 -27"><span class='ocrx_word' id='word_1_354' title='bbox 2046 2834 2361 2915; x_wconf 85' lang='lat' dir='ltr'>tuntur,</span> <span class='ocrx_word' id='word_1_355' title='bbox 2406 2854 2651 2908; x_wconf 89' lang='lat' dir='ltr'>unum</span> <span class='ocrx_word' id='word_1_356' title='bbox 2686 2840 2961 2910; x_wconf 87' lang='lat' dir='ltr'>tamen</span> <span class='ocrx_word' id='word_1_357' title='bbox 3005 2841 3153 2921; x_wconf 90' lang='lat' dir='ltr'>est,</span> <span class='ocrx_word' id='word_1_358' title='bbox 3212 2838 3420 2930; x_wconf 87' lang='lat' dir='ltr'>quod</span> <span class='ocrx_word' id='word_1_359' title='bbox 3470 2838 3600 2910; x_wconf 82' lang='lat' dir='ltr'>hic</span> 
     </span>
    </p>
   </div>
   <div class='ocr_carea' id='block_1_13' title="bbox 2045 2954 3601 3142">
    <p class='ocr_par' dir='ltr' id='par_1_19' title="bbox 2045 2954 3601 3142">
     <span class='ocr_line' id='line_1_73' title="bbox 2047 2954 3601 3049; baseline 0.005 -29"><span class='ocrx_word' id='word_1_360' title='bbox 2047 2969 2285 3040; x_wconf 89' lang='lat' dir='ltr'>pono,</span> <span class='ocrx_word' id='word_1_361' title='bbox 2361 2957 2441 3025; x_wconf 90' lang='lat' dir='ltr'>et</span> <span class='ocrx_word' id='word_1_362' title='bbox 2512 2954 2593 3025; x_wconf 90' lang='lat' dir='ltr'>in</span> <span class='ocrx_word' id='word_1_363' title='bbox 2663 2976 2821 3047; x_wconf 88' lang='lat' dir='ltr'>quo</span> <span class='ocrx_word' id='word_1_364' title='bbox 2893 2955 3043 3028; x_wconf 91' lang='lat' dir='ltr'>hoc</span> <span class='ocrx_word' id='word_1_365' title='bbox 3117 2956 3601 3049; x_wconf 90' lang='lat' dir='ltr'>opusculum</span> 
     </span>
     <span class='ocr_line' id='line_1_74' title="bbox 2045 3071 2661 3142; baseline 0.01 -6"><span class='ocrx_word' id='word_1_366' title='bbox 2045 3071 2661 3142; x_wconf 88' lang='lat' dir='ltr'>consummabo.</span> 
     </span>
    </p>
   </div>
   <div class='ocr_carea' id='block_1_14' title="bbox 2477 3267 3173 3330">
    <p class='ocr_par' dir='ltr' id='par_1_20' title="bbox 2477 3267 3173 3330">
     <span class='ocr_line' id='line_1_75' title="bbox 2477 3267 3173 3330; baseline 0.01 -8"><span class='ocrx_word' id='word_1_367' title='bbox 2477 3267 2923 3327; x_wconf 88' lang='lat' dir='ltr'>SCHOLIUM</span> <span class='ocrx_word' id='word_1_368' title='bbox 3011 3274 3173 3330; x_wconf 83' lang='lat' dir='ltr'>xil.</span> 
     </span>
    </p>
   </div>
   <div class='ocr_carea' id='block_1_15' title="bbox 2040 3449 3602 4509">
    <p class='ocr_par' dir='ltr' id='par_1_21' title="bbox 2040 3449 3602 4509">
     <span class='ocr_line' id='line_1_76' title="bbox 2121 3449 3600 3515; baseline 0.007 -12"><span class='ocrx_word' id='word_1_369' title='bbox 2121 3449 2349 3504; x_wconf 86' lang='lat' dir='ltr'>Ultima</span> <span class='ocrx_word' id='word_1_370' title='bbox 2380 3451 2695 3507; x_wconf 90' lang='lat' dir='ltr'>conclusio</span> <span class='ocrx_word' id='word_1_371' title='bbox 2742 3454 3018 3510; x_wconf 83' lang='lat' dir='ltr'>eontinet</span> <span class='ocrx_word' id='word_1_372' title='bbox 3067 3455 3374 3513; x_wconf 85' lang='lat' dir='ltr'>intentum</span> <span class='ocrx_word' id='word_1_373' title='bbox 3413 3458 3600 3515; x_wconf 88' lang='lat' dir='ltr'>totius</span> 
     </span>
     <span class='ocr_line' id='line_1_77' title="bbox 2047 3550 3597 3626; baseline 0.008 -24"><span class='ocrx_word' id='word_1_374' title='bbox 2047 3550 2365 3614; x_wconf 60' lang='lat' dir='ltr'>tractum,</span> <span class='ocrx_word' id='word_1_375' title='bbox 2402 3563 2644 3620; x_wconf 87' lang='lat' dir='ltr'>nempe,</span> <span class='ocrx_word' id='word_1_376' title='bbox 2680 3554 2865 3607; x_wconf 87' lang='lat' dir='ltr'>Deum</span> <span class='ocrx_word' id='word_1_377' title='bbox 2907 3568 3038 3608; x_wconf 74' lang='lat' dir='ltr'>esse</span> <span class='ocrx_word' id='word_1_378' title='bbox 3074 3569 3267 3610; x_wconf 90' lang='lat' dir='ltr'>unum</span> <span class='ocrx_word' id='word_1_379' title='bbox 3314 3571 3597 3626; x_wconf 84' lang='lat' dir='ltr'>numero,</span> 
     </span>
     <span class='ocr_line' id='line_1_78' title="bbox 2048 3644 3599 3724; baseline 0.008 -25"><span class='ocrx_word' id='word_1_380' title='bbox 2048 3644 2237 3715; x_wconf 84' lang='lat' dir='ltr'>idque</span> <span class='ocrx_word' id='word_1_381' title='bbox 2280 3647 2517 3702; x_wconf 87' lang='lat' dir='ltr'>ratione</span> <span class='ocrx_word' id='word_1_382' title='bbox 2552 3648 2826 3704; x_wconf 87' lang='lat' dir='ltr'>naturali</span> <span class='ocrx_word' id='word_1_383' title='bbox 2868 3650 3130 3707; x_wconf 63' lang='lat' dir='ltr'>ostendi.</span> <span class='ocrx_word' id='word_1_384' title='bbox 3174 3653 3288 3708; x_wconf 85' lang='lat' dir='ltr'>Pro</span> <span class='ocrx_word' id='word_1_385' title='bbox 3335 3669 3457 3724; x_wconf 89' lang='lat' dir='ltr'>quo</span> <span class='ocrx_word' id='word_1_386' title='bbox 3488 3655 3599 3710; x_wconf 85' lang='lat' dir='ltr'>ad-</span> 
     </span>
     <span class='ocr_line' id='line_1_79' title="bbox 2045 3741 3595 3824; baseline 0.009 -27"><span class='ocrx_word' id='word_1_387' title='bbox 2045 3741 2218 3798; x_wconf 86' lang='lat' dir='ltr'>ducit</span> <span class='ocrx_word' id='word_1_388' title='bbox 2275 3746 2556 3817; x_wconf 85' lang='lat' dir='ltr'>quinque</span> <span class='ocrx_word' id='word_1_389' title='bbox 2625 3748 2899 3804; x_wconf 81' lang='lat' dir='ltr'>ratione3</span> <span class='ocrx_word' id='word_1_390' title='bbox 2961 3751 3248 3819; x_wconf 62' lang='lat' dir='ltr'>optimax.</span> <span class='ocrx_word' id='word_1_391' title='bbox 3321 3754 3595 3824; x_wconf 86' lang='lat' dir='ltr'>idipsum</span> 
     </span>
     <span class='ocr_line' id='line_1_80' title="bbox 2048 3842 3599 3923; baseline 0.01 -28"><span class='ocrx_word' id='word_1_392' title='bbox 2048 3842 2268 3911; x_wconf 87' lang='lat' dir='ltr'>probat</span> <span class='ocrx_word' id='word_1_393' title='bbox 2290 3843 2493 3901; x_wconf 79' lang='lat' dir='ltr'>fusius</span> <span class='ocrx_word' id='word_1_394' title='bbox 2514 3851 2726 3903; x_wconf 87' lang='lat' dir='ltr'>contra</span> <span class='ocrx_word' id='word_1_395' title='bbox 2750 3850 3086 3907; x_wconf 87' lang='lat' dir='ltr'>Varronem</span> <span class='ocrx_word' id='word_1_396' title='bbox 3128 3857 3361 3923; x_wconf 86' lang='lat' dir='ltr'>septem</span> <span class='ocrx_word' id='word_1_397' title='bbox 3395 3854 3521 3909; x_wconf 81' lang='lat' dir='ltr'>viis</span> <span class='ocrx_word' id='word_1_398' title='bbox 3552 3856 3599 3910; x_wconf 85' lang='lat'>1.</span> 
     </span>
     <span class='ocr_line' id='line_1_81' title="bbox 2046 3939 3599 4018; baseline 0.009 -22"><span class='ocrx_word' id='word_1_399' title='bbox 2046 3939 2104 3996; x_wconf 87' lang='lat' dir='ltr'>d.</span> <span class='ocrx_word' id='word_1_400' title='bbox 2138 3942 2192 3995; x_wconf 84' lang='lat'>2.</span> <span class='ocrx_word' id='word_1_401' title='bbox 2218 3947 2435 4011; x_wconf 58' lang='lat' dir='ltr'>quaest.</span> <span class='ocrx_word' id='word_1_402' title='bbox 2468 3946 2524 3999; x_wconf 84' lang='grc'>3.</span> <span class='ocrx_word' id='word_1_403' title='bbox 2558 3946 2830 4002; x_wconf 87' lang='lat' dir='ltr'>Tandem</span> <span class='ocrx_word' id='word_1_404' title='bbox 2863 3951 3202 4018; x_wconf 85' lang='lat' dir='ltr'>concludit,</span> <span class='ocrx_word' id='word_1_405' title='bbox 3229 3954 3390 4009; x_wconf 82' lang='lat' dir='ltr'>sicut</span> <span class='ocrx_word' id='word_1_406' title='bbox 3422 3955 3599 4009; x_wconf 88' lang='lat' dir='ltr'>ince-</span> 
     </span>
     <span class='ocr_line' id='line_1_82' title="bbox 2043 4039 3602 4109; baseline 0.006 -15"><span class='ocrx_word' id='word_1_407' title='bbox 2043 4039 2136 4109; x_wconf 86' lang='lat' dir='ltr'>pit</span> <span class='ocrx_word' id='word_1_408' title='bbox 2192 4043 2253 4093; x_wconf 86' lang='lat' dir='ltr'>et</span> <span class='ocrx_word' id='word_1_409' title='bbox 2307 4044 2719 4109; x_wconf 74' lang='lat' dir='ltr'>continuavit,</span> <span class='ocrx_word' id='word_1_410' title='bbox 2754 4045 3024 4102; x_wconf 78' lang='lat' dir='ltr'>ferventi</span> <span class='ocrx_word' id='word_1_411' title='bbox 3059 4052 3117 4107; x_wconf 86' lang='lat' dir='ltr'>et</span> <span class='ocrx_word' id='word_1_412' title='bbox 3155 4047 3378 4107; x_wconf 85' lang='lat' dir='ltr'>devota</span> <span class='ocrx_word' id='word_1_413' title='bbox 3426 4064 3602 4106; x_wconf 89' lang='lat' dir='ltr'>men-</span> 
     </span>
     <span class='ocr_line' id='line_1_83' title="bbox 2044 4137 3599 4218; baseline 0.01 -26"><span class='ocrx_word' id='word_1_414' title='bbox 2044 4137 2125 4192; x_wconf 86' lang='lat' dir='ltr'>tis</span> <span class='ocrx_word' id='word_1_415' title='bbox 2148 4139 2224 4194; x_wconf 87' lang='lat' dir='ltr'>ad</span> <span class='ocrx_word' id='word_1_416' title='bbox 2258 4143 2444 4195; x_wconf 85' lang='lat' dir='ltr'>Deum</span> <span class='ocrx_word' id='word_1_417' title='bbox 2457 4143 2927 4211; x_wconf 84' lang='lat' dir='ltr'>ascensione,de</span> <span class='ocrx_word' id='word_1_418' title='bbox 2960 4160 3080 4216; x_wconf 88' lang='lat' dir='ltr'>quo</span> <span class='ocrx_word' id='word_1_419' title='bbox 3103 4145 3401 4205; x_wconf 84' lang='lat' dir='ltr'>hactenus</span> <span class='ocrx_word' id='word_1_420' title='bbox 3415 4149 3599 4218; x_wconf 85' lang='lat' dir='ltr'>dicta,</span> 
     </span>
     <span class='ocr_line' id='line_1_84' title="bbox 2041 4239 3597 4321; baseline 0.009 -29"><span class='ocrx_word' id='word_1_421' title='bbox 2041 4250 2233 4308; x_wconf 85' lang='lat' dir='ltr'>supra</span> <span class='ocrx_word' id='word_1_422' title='bbox 2265 4239 2629 4307; x_wconf 87' lang='lat' dir='ltr'>humanum,</span> <span class='ocrx_word' id='word_1_423' title='bbox 2664 4247 2731 4298; x_wconf 89' lang='lat' dir='ltr'>ut</span> <span class='ocrx_word' id='word_1_424' title='bbox 2760 4243 3031 4311; x_wconf 83' lang='lat' dir='ltr'>videtur,</span> <span class='ocrx_word' id='word_1_425' title='bbox 3061 4247 3411 4317; x_wconf 81' lang='lat' dir='ltr'>ingenium,</span> <span class='ocrx_word' id='word_1_426' title='bbox 3453 4264 3597 4321; x_wconf 87' lang='lat' dir='ltr'>spe-</span> 
     </span>
     <span class='ocr_line' id='line_1_85' title="bbox 2040 4335 3595 4413; baseline 0.01 -24"><span class='ocrx_word' id='word_1_427' title='bbox 2040 4335 2309 4393; x_wconf 85' lang='lat' dir='ltr'>cialibus</span> <span class='ocrx_word' id='word_1_428' title='bbox 2340 4338 2613 4407; x_wconf 84' lang='lat' dir='ltr'>ejusdem</span> <span class='ocrx_word' id='word_1_429' title='bbox 2649 4341 2750 4397; x_wconf 84' lang='lat' dir='ltr'>Dei</span> <span class='ocrx_word' id='word_1_430' title='bbox 2793 4341 3046 4413; x_wconf 74' lang='lat' dir='ltr'>adjutus</span> <span class='ocrx_word' id='word_1_431' title='bbox 3077 4346 3356 4413; x_wconf 80' lang='lat' dir='ltr'>auxiliiS,</span> <span class='ocrx_word' id='word_1_432' title='bbox 3390 4347 3595 4404; x_wconf 87' lang='lat' dir='ltr'>subti-</span> 
     </span>
     <span class='ocr_line' id='line_1_86' title="bbox 2045 4433 2686 4509; baseline 0.012 -21"><span class='ocrx_word' id='word_1_433' title='bbox 2045 4433 2285 4491; x_wconf 86' lang='lat' dir='ltr'>lissime</span> <span class='ocrx_word' id='word_1_434' title='bbox 2318 4437 2686 4509; x_wconf 83' lang='lat' dir='ltr'>disputavit.</span> 
     </span>
    </p>
   </div>
   <div class='ocr_carea' id='block_1_16' title="bbox 2045 4591 3956 5625">
    <p class='ocr_par' dir='ltr' id='par_1_22' title="bbox 2045 4591 3923 4887">
     <span class='ocr_line' id='line_1_87' title="bbox 2141 4591 3923 4690; baseline 0.011 -37"><span class='ocrx_word' id='word_1_435' title='bbox 2141 4591 2330 4665; x_wconf 72' lang='lat' dir='ltr'>Quod</span> <span class='ocrx_word' id='word_1_436' title='bbox 2355 4594 2608 4659; x_wconf 74' lang='lat' dir='ltr'>scilicet</span> <span class='ocrx_word' id='word_1_437' title='bbox 2638 4617 2808 4661; x_wconf 77' lang='lat' dir='ltr'>unus</span> <span class='ocrx_word' id='word_1_438' title='bbox 2832 4598 3003 4664; x_wconf 78' lang='lat' dir='ltr'>Deus</span> <span class='ocrx_word' id='word_1_439' title='bbox 3028 4601 3142 4679; x_wconf 66' lang='grc' dir='ltr'>εἰς,</span> <span class='ocrx_word' id='word_1_440' title='bbox 3170 4613 3365 4668; x_wconf 74' lang='lat' dir='ltr'>extra</span> <span class='ocrx_word' id='word_1_441' title='bbox 3394 4626 3578 4690; x_wconf 79' lang='lat' dir='ltr'>quem</span> <span class='ocrx_word' id='word_1_442' title='bbox 3683 4610 3923 4662; x_wconf 64' lang='lat' dir='ltr'>Conaelus.</span> 
     </span>
     <span class='ocr_line' id='line_1_88' title="bbox 2045 4680 3784 4805; baseline 0.011 -37"><span class='ocrx_word' id='word_1_443' title='bbox 2045 4725 2180 4772; x_wconf 78' lang='lat' dir='ltr'>non</span> <span class='ocrx_word' id='word_1_444' title='bbox 2234 4719 2326 4773; x_wconf 78' lang='lat' dir='ltr'>esc</span> <span class='ocrx_word' id='word_1_445' title='bbox 2372 4710 2565 4789; x_wconf 78' lang='lat' dir='ltr'>aller,</span> <span class='ocrx_word' id='word_1_446' title='bbox 2623 4713 2797 4778; x_wconf 77' lang='lat' dir='ltr'>sicut</span> <span class='ocrx_word' id='word_1_447' title='bbox 2831 4736 2955 4800; x_wconf 83' lang='lat' dir='ltr'>per</span> <span class='ocrx_word' id='word_1_448' title='bbox 3013 4717 3417 4805; x_wconf 81' lang='lat' dir='ltr'>Prophecam</span> <span class='ocrx_word' id='word_1_449' title='bbox 3475 4722 3585 4788; x_wconf 72' lang='lat' dir='ltr'>di·</span> <span class='ocrx_word' id='word_1_450' title='bbox 3706 4680 3784 4726; x_wconf 51' lang='grc' dir='ltr'>η’</span> 
     </span>
     <span class='ocr_line' id='line_1_89' title="bbox 2045 4820 2236 4887; baseline 0.021 -4"><span class='ocrx_word' id='word_1_451' title='bbox 2045 4820 2236 4887; x_wconf 73' lang='lat' dir='ltr'>xisti.</span> 
     </span>
    </p>

    <p class='ocr_par' dir='ltr' id='par_1_23' title="bbox 2048 4933 3956 5625">
     <span class='ocr_line' id='line_1_90' title="bbox 2148 4933 3835 5047; baseline 0.012 -43"><span class='ocrx_word' id='word_1_452' title='bbox 2148 4933 2261 5005; x_wconf 78' lang='lat' dir='ltr'>Ad</span> <span class='ocrx_word' id='word_1_453' title='bbox 2322 4939 2526 5029; x_wconf 87' lang='lat' dir='ltr'>quod</span> <span class='ocrx_word' id='word_1_454' title='bbox 2572 4942 3147 5017; x_wconf 87' lang='lat' dir='ltr'>ostendendum</span> <span class='ocrx_word' id='word_1_455' title='bbox 3188 4968 3348 5019; x_wconf 91' lang='lat' dir='ltr'>non</span> <span class='ocrx_word' id='word_1_456' title='bbox 3400 4956 3593 5042; x_wconf 90' lang='lat' dir='ltr'>puto</span> <span class='ocrx_word' id='word_1_457' title='bbox 3750 4994 3835 5047; x_wconf 60' lang='lat'>33,</span> 
     </span>
     <span class='ocr_line' id='line_1_91' title="bbox 2048 5055 3597 5139; baseline 0.005 -9"><span class='ocrx_word' id='word_1_458' title='bbox 2048 5058 2387 5131; x_wconf 81' lang='lat' dir='ltr'>deiicere</span> <span class='ocrx_word' id='word_1_459' title='bbox 2424 5055 2811 5130; x_wconf 76' lang='lat' dir='ltr'>rationes,</span> <span class='ocrx_word' id='word_1_460' title='bbox 2858 5060 2972 5132; x_wconf 81' lang='lat' dir='ltr'>Ad</span> <span class='ocrx_word' id='word_1_461' title='bbox 3014 5061 3217 5136; x_wconf 88' lang='lat' dir='ltr'>hanc</span> <span class='ocrx_word' id='word_1_462' title='bbox 3279 5067 3597 5139; x_wconf 90' lang='lat' dir='ltr'>conclu-</span> 
     </span>
     <span class='ocr_line' id='line_1_92' title="bbox 2053 5174 3599 5275; baseline 0.006 -29"><span class='ocrx_word' id='word_1_463' title='bbox 2053 5174 2366 5248; x_wconf 89' lang='lat' dir='ltr'>sionem</span> <span class='ocrx_word' id='word_1_464' title='bbox 2396 5175 3002 5267; x_wconf 87' lang='lat' dir='ltr'>propositiones</span> <span class='ocrx_word' id='word_1_465' title='bbox 3039 5180 3389 5272; x_wconf 89' lang='lat' dir='ltr'>quinque</span> <span class='ocrx_word' id='word_1_466' title='bbox 3416 5204 3599 5275; x_wconf 90' lang='lat' dir='ltr'>pro-</span> 
     </span>
     <span class='ocr_line' id='line_1_93' title="bbox 2057 5295 3599 5391; baseline 0.008 -29"><span class='ocrx_word' id='word_1_467' title='bbox 2057 5313 2294 5384; x_wconf 88' lang='lat' dir='ltr'>pon0,</span> <span class='ocrx_word' id='word_1_468' title='bbox 2354 5313 2702 5384; x_wconf 84' lang='lat' dir='ltr'>quarum</span> <span class='ocrx_word' id='word_1_469' title='bbox 2779 5295 3157 5386; x_wconf 83' lang='lat' dir='ltr'>quaelibet</span> <span class='ocrx_word' id='word_1_470' title='bbox 3229 5302 3599 5391; x_wconf 88' lang='lat' dir='ltr'>probata,</span> 
     </span>
     <span class='ocr_line' id='line_1_94' title="bbox 2061 5412 3605 5508; baseline 0.008 -25"><span class='ocrx_word' id='word_1_471' title='bbox 2061 5412 2307 5485; x_wconf 84' lang='lat' dir='ltr'>infert</span> <span class='ocrx_word' id='word_1_472' title='bbox 2352 5412 2872 5504; x_wconf 88' lang='lat' dir='ltr'>propositum</span> <span class='ocrx_word' id='word_1_473' title='bbox 2916 5414 3394 5508; x_wconf 87' lang='lat' dir='ltr'>principale.</span> <span class='ocrx_word' id='word_1_474' title='bbox 3436 5421 3605 5495; x_wconf 80' lang='lat' dir='ltr'>Pri-</span> 
     </span>
     <span class='ocr_line' id='line_1_95' title="bbox 2063 5531 3956 5625; baseline 0.008 -33"><span class='ocrx_word' id='word_1_475' title='bbox 2063 5549 2193 5599; x_wconf 83' lang='lat' dir='ltr'>ma</span> <span class='ocrx_word' id='word_1_476' title='bbox 2234 5533 2383 5610; x_wconf 80' lang='lat' dir='ltr'>ost,</span> <span class='ocrx_word' id='word_1_477' title='bbox 2428 5531 2670 5597; x_wconf 75' lang='lat' dir='ltr'>Unicus</span> <span class='ocrx_word' id='word_1_478' title='bbox 2720 5543 2974 5598; x_wconf 78' lang='lat' dir='ltr'>tantum</span> <span class='ocrx_word' id='word_1_479' title='bbox 3003 5556 3281 5606; x_wconf 81' lang='lat' dir='ltr'>numero</span> <span class='ocrx_word' id='word_1_480' title='bbox 3321 5553 3415 5608; x_wconf 78' lang='lat' dir='ltr'>est</span> <span class='ocrx_word' id='word_1_481' title='bbox 3449 5544 3605 5625; x_wconf 67' lang='lat' dir='ltr'>iuli·</span> <span class='ocrx_word' id='word_1_482' title='bbox 3634 5562 3809 5611; x_wconf 68' lang='lat' dir='ltr'>Deam</span> <span class='ocrx_word' id='word_1_483' title='bbox 3841 5575 3956 5611; x_wconf 74' lang='lat' dir='ltr'>esse</span> 
     </span>
    </p>
   </div>
   <div class='ocr_carea' id='block_1_17' title="bbox 2058 5634 3904 5742">
    <p class='ocr_par' dir='ltr' id='par_1_24' title="bbox 2058 5634 3904 5742">
     <span class='ocr_line' id='line_1_96' title="bbox 2058 5634 3904 5742; baseline 0.012 -31"><span class='ocrx_word' id='word_1_484' title='bbox 2058 5649 2242 5715; x_wconf 78' lang='lat' dir='ltr'>nitus</span> <span class='ocrx_word' id='word_1_485' title='bbox 2284 5648 2678 5717; x_wconf 76' lang='lat' dir='ltr'>intellectus.</span> <span class='ocrx_word' id='word_1_486' title='bbox 2726 5650 3107 5733; x_wconf 74' lang='lat' dir='ltr'>Secunda,</span> <span class='ocrx_word' id='word_1_487' title='bbox 3153 5656 3295 5723; x_wconf 77' lang='lat' dir='ltr'>Una</span> <span class='ocrx_word' id='word_1_488' title='bbox 3328 5682 3603 5728; x_wconf 77' lang='lat' dir='ltr'>numero</span> <span class='ocrx_word' id='word_1_489' title='bbox 3681 5634 3904 5742; x_wconf 47' lang='lat' dir='ltr'>ss‘ssssfssm</span> 
     </span>
    </p>
   </div>
  </div>
 </body>
</html>
