4252 6393
1751 462 2111 542 QUAES'rlo
2156 464 2261 529 v11

447 625 789 698 materia
830 623 936 698 sit
975 644 1169 697 vere
1218 644 1360 698 ens
1411 628 1596 698 actu
1646 624 1729 697 in
1770 643 1979 698 com·

444 739 734 832 posito,
795 744 875 815 et
935 744 1059 815 est
1120 741 1456 817 effectus
1507 740 1976 822 creationis,

441 861 517 930 et
578 877 770 950 pars
826 859 1288 953 compositi,
1350 879 1739 952 expresse
1787 857 1979 931 dicit

445 974 945 1066 Augustinus
979 979 1086 1049 12.
1124 977 1488 1051 Confess.
1526 996 1700 1069 cap.
1734 978 1800 1049 3.
1838 977 1983 1044 Non

442 1103 584 1159 crat
637 1091 958 1184 (inquit)
1023 1095 1310 1184 aliquid,
1372 1116 1509 1162 non
1575 1096 1778 1176 color,
1850 1115 1987 1161 non

443 1210 683 1296 ᾕρητο,
727 1231 864 1277 ηοη
901 1232 1162 1297 corpus,
1197 1233 1333 1278 non
1367 1213 1677 1298 spiritus,
1724 1232 1859 1278 non
1890 1221 1987 1277 ta-

444 1346 593 1392 men
617 1329 891 1394 omnino
928 1327 1131 1393 nihil.
1179 1327 1402 1418 Ergo
1438 1325 1740 1418 aliquid
1781 1325 1989 1417 quod

446 1458 494 1511 a
530 1441 698 1515 Deo
742 1445 866 1516 est
909 1443 1243 1526 factum,
1289 1448 1532 1537 atque
1571 1448 1975 1518 creatum.

189 1586 391 1636 uma
447 1560 830 1641 Quamvis
862 1566 1137 1636 autem
1174 1562 1523 1635 materia
1571 1581 1619 1634 a
1665 1563 1834 1635 Deo
1883 1560 1992 1633 sit

168 1648 425 1786 *3235*
447 1672 689 1758 facta,
735 1695 828 1752 ac
869 1698 1016 1772 per
1053 1678 1208 1751 hoc
1248 1678 1539 1752 habeat
1592 1698 1823 1750 suam
1868 1697 1991 1750 ac·

162 1772 407 1886 “aff“
450 1796 939 1881 tualitatem‚
978 1798 1148 1874 haec
1181 1799 1618 1874 actualitas
1660 1803 1784 1873 est
1829 1797 1994 1870 alia

449 1914 544 1986 ab
585 1915 752 1996 illa,
819 1935 1061 2007 quam
1120 1915 1367 1990 habet
1427 1917 1730 1998 forma,
1806 1913 1993 2008 quia

451 2031 800 2105 materia
858 2032 1046 2106 licet
1108 2053 1271 2106 non
1333 2033 1438 2106 sit
1498 2052 1547 2106 a
1607 2034 1773 2106 Deo
1835 2030 1992 2103 nisi

452 2148 595 2219 sub
636 2147 928 2229 forma,
966 2154 1048 2225 et
1088 2155 1177 2224 ut
1221 2150 1338 2223 sic
1378 2169 1703 2242 semper
1750 2147 1993 2220 simul

452 2268 820 2358 tempore
861 2263 1111 2339 fuerit
1173 2265 1549 2347 materia,
1615 2268 1692 2337 et
1749 2263 1993 2336 simul

450 2381 743 2464 forma,
793 2383 1070 2456 ordine
1103 2387 1376 2458 tamen
1406 2386 1725 2456 naturae
1769 2382 1995 2475 prius

449 2503 571 2572 cst
641 2520 846 2580 esse,
918 2506 999 2575 et
1067 2501 1378 2574 creatio
1452 2499 1845 2582 materiae,
1918 2503 1996 2572 et

452 2635 598 2708 per
710 2636 1213 2709 consequens
1310 2636 1458 2689 sua
1562 2615 1999 2690 actualitas

454 2752 696 2826 quam
762 2733 1055 2814 forma,
1109 2733 1237 2807 vel
1290 2733 1465 2827 ejus
1517 2733 1855 2807 creatio.
1904 2734 2001 2804 Et

455 2847 688 2922 illum
752 2850 1116 2921 ordinem
1176 2848 1440 2922 innuit
1494 2849 2001 2940 Augustinus

199 2982 432 3034 protam
456 2969 561 3038 13.
611 2969 911 3054 Confess.
948 2989 1095 3055 cap.
1139 2967 1248 3037 33.
1300 2963 1429 3036 ubi
1473 2965 1868 3057 loquendo
1909 2965 2000 3037 de

181 3054 432 3158 aueegua-
457 3091 810 3164 matePia
864 3089 1057 3163 dicit
1120 3088 1234 3162 sie
1282 3115 1295 3158 :
1341 3093 1438 3158 De
1476 3093 1695 3159 nihilo
1747 3094 1923 3158 enim
1960 3114 2003 3157 a

455 3224 538 3291 te,
580 3232 715 3277 non
745 3212 827 3277 de
856 3222 916 3277 te
942 3212 1129 3295 sacta
1156 3221 1331 3290 sunt,
1370 3231 1505 3277 non
1533 3211 1615 3277 de
1644 3222 1705 3277 te
1741 3211 1995 3297 aliqua,

456 3349 593 3393 non
636 3327 719 3394 de
757 3339 893 3405 tua,
938 3329 1042 3393 vel
1080 3349 1223 3414 quae
1261 3339 1460 3393 antea
1486 3328 1721 3413 suerit,
1769 3326 1884 3393 sed
1923 3327 2005 3393 de

456 3455 834 3523 concreata,
873 3442 947 3509 id
987 3455 1103 3517 est,
1138 3443 1342 3509 simul
1370 3465 1412 3508 a
1452 3454 1514 3509 te
1555 3454 1777 3509 creata
1807 3454 2003 3508 mate-

456 3560 589 3650 ria,
652 3561 769 3648 qui
832 3563 975 3646 ejus
1022 3561 1511 3646 informitatem
1568 3560 1808 3646 absque
1864 3560 2004 3625 ulla

458 3675 774 3763 temporis
842 3676 1352 3762 interpositione
1415 3678 1760 3761 formasti.
1833 3675 2008 3741 Nam

458 3817 602 3862 cum
661 3793 854 3859 aliud
908 3795 995 3859 sit
1051 3794 1226 3874 coeti,
1288 3804 1349 3859 et
1407 3805 1604 3859 terroe
1667 3796 2000 3871 materies,

456 3909 650 3975 aliud
714 3909 885 3988 caeti,
956 3920 1017 3975 et
1082 3921 1280 3975 terroe
1312 3910 1586 3996 species,
1649 3910 2008 3974 materiam

457 4026 734 4113 qnidam
780 4025 864 4092 de
901 4027 1175 4092 omnino
1224 4026 1466 4101 nihilo,
1511 4026 1750 4092 mandi
1788 4037 2007 4091 autem

454 4145 742 4229 speciem
769 4142 851 4208 de
890 4143 1176 4227 informi
1205 4145 1515 4220 materia,
1555 4142 1758 4207 simul
1788 4152 2010 4207 tamen

457 4270 808 4345 utrumque
836 4258 1083 4344 fecisti,
1122 4269 1190 4322 ut
1220 4259 1574 4324 materiam
1600 4260 1828 4343 forma
1856 4258 2008 4323 nut-

461 4374 529 4440 la
566 4397 770 4441 moroe
797 4373 1299 4460 intercapedine
1340 4384 1743 4459 sequeretur.
1791 4371 2009 4443 Unde

458 4488 653 4562 licet
717 4486 1065 4561 materia
1115 4490 1390 4559 actum
1451 4505 1710 4567 suum,
1772 4508 2008 4577 quem

465 4604 704 4677 habet
756 4608 843 4677 ut
900 4608 1026 4678 est
1086 4604 1488 4677 terminus
1532 4603 2002 4687 creationis,

464 4739 624 4792 non
666 4718 955 4792 habeat
986 4716 1079 4790 de
1111 4717 1456 4798 actione,
1493 4716 1650 4789 nisi
1686 4716 1763 4788 in
1795 4737 2006 4789 com·

469 4833 763 4926 posito,
812 4839 899 4908 ut
940 4838 1065 4907 est
1115 4833 1260 4905 sub
1317 4832 1610 4914 forma,
1671 4852 1833 4904 non
1893 4837 2007 4906 ta-

467 4970 647 5022 men
687 4949 928 5024 habet
972 4949 1191 5030 illud,
1238 4949 1443 5041 quod
1483 4952 1608 5021 est
1649 4953 1832 5022 actu
1877 4969 2006 5020 ex-

472 5071 597 5139 tra
660 5064 888 5146 nihil,
959 5069 1041 5139 et
1094 5065 1496 5138 terminus
1555 5063 2005 5137 creationis

465 5202 511 5253 a
541 5182 836 5262 forma,
883 5181 1016 5253 sed
1065 5185 1385 5255 tantum
1428 5179 1613 5261 tale,
1674 5179 1802 5251 vel
1844 5179 2007 5252 tale

466 5317 665 5379 esse,
714 5301 803 5370 ut
844 5295 1050 5378 coeli,
1095 5296 1223 5368 vel
1260 5300 1529 5369 terrae.

555 5416 818 5507 Hujus
870 5414 1085 5488 ratio
1133 5418 1282 5497 est,
1329 5415 1536 5505 quod
1580 5414 1841 5486 omnis
1876 5434 2007 5485 res

473 5536 653 5607 actu
712 5533 1071 5604 existens
1131 5531 1369 5604 habet
1430 5552 1608 5603 esse
1673 5551 1813 5623 per
1870 5529 2008 5602 ali-

478 5650 675 5743 quod
718 5647 1091 5729 formale,
1156 5647 1289 5720 sed
1350 5647 1618 5720 forma
1674 5668 1835 5720 non
1886 5651 2011 5723 est

3537 459 3656 527 347

2089 644 2340 697 causa
2378 624 2758 699 formalis
2810 624 3204 707 materiae,
3250 629 3339 699 ut
3391 629 3635 698 mate·

2093 742 2219 814 ria
2260 747 2384 816 est
2424 742 2725 836 aliquid
2759 743 3222 836 compositi.
3278 746 3404 818 Ita
3441 743 3638 818 dicit

2092 860 2507 932 Avicenna
2536 862 2602 932 6.
2638 863 2926 950 Metaph.
2959 884 3117 942 suae,
3152 886 3209 930 c.
3258 864 3321 933 1.
3366 861 3638 935 forma

2095 995 2258 1048 non
2299 980 2448 1056 est,
2495 975 2653 1048 nisi
2703 975 3079 1048 formalis
3120 996 3370 1048 causa
3426 997 3638 1048 com-

2097 1092 2375 1185 positi.
2424 1093 2630 1165 Hinc
2663 1096 2788 1167 est
2822 1093 3027 1184 quod
3068 1113 3247 1165 esse
3282 1093 3634 1176 actuale,

2099 1209 2307 1302 quod
2363 1208 2600 1283 habet
2641 1230 2687 1282 a
2727 1210 3169 1293 creatione,
3215 1214 3485 1302 potest
3524 1231 3641 1283 es-

2100 1347 2211 1409 se,
2255 1327 2382 1398 vel
2417 1326 2708 1400 saltem
2741 1327 3114 1419 intelligi,
3161 1331 3438 1400 amota
3480 1327 3640 1401 for·

2103 1464 2234 1517 ma
2282 1444 2380 1516 ab
2426 1467 2522 1518 ea
2565 1467 2676 1527 re,
2729 1446 2857 1518 vel
2904 1446 3319 1518 intellectu
3377 1469 3392 1514 ε
3438 1446 3643 1537 quod

2101 1562 2328 1635 nullo
2390 1563 2624 1636 modo
2681 1568 2921 1644 esset,
2986 1563 3054 1635 si
3097 1562 3366 1636 forma
3427 1566 3644 1636 esset

2102 1700 2352 1752 causa
2384 1678 2756 1753 formalis
2790 1680 3183 1763 materiae,
3211 1684 3298 1754 ut
3329 1684 3454 1755 est
3486 1699 3649 1752 ma-

2103 1799 2318 1872 teria
2361 1824 2375 1868 :
2425 1799 2668 1873 sicuti
2710 1798 2953 1872 homo
3010 1819 3171 1871 non
3223 1803 3493 1892 potest
3532 1820 3648 1870 es-

2106 1936 2215 1995 se,
2289 1916 2414 1987 vel
2485 1914 2832 2006 intelligi
2903 1914 3075 1987 sine
3133 1914 3431 1996 anima,
3502 1933 3648 1986 nec

2104 2031 2376 2104 album
2445 2032 2618 2104 sine
2685 2031 3068 2114 albedine,
3123 2052 3267 2104 nec
3378 2030 3652 2122 aliqua

2109 2169 2240 2220 res
2277 2148 2448 2221 sine
2491 2148 2790 2240 aliquo,
2830 2169 2987 2241 quo
3021 2147 3261 2222 habet
3301 2145 3648 2221 formale

2104 2286 2309 2337 esse.

2198 2381 2327 2455 Sic
2380 2382 2637 2474 igitur
2694 2382 3014 2457 falsitas
3067 2381 3308 2475 hujus
3369 2380 3649 2473 imagi·
3804 2392 3854 2442 3-
3921 2455 3932 2467 ,

2106 2500 2466 2573 nationis
2525 2501 2617 2572 de
2672 2499 3045 2582 materia,
3109 2503 3336 2593 patet
3376 2503 3650 2572 aucto·
3706 2461 3998 2570 rexno-

2109 2615 2358 2688 ritate
2416 2641 2430 2683 :
2480 2619 2703 2708 patet
2760 2614 3010 2690 etiam
3070 2614 3416 2697 ratione,
3465 2614 3652 2706 quia

2110 2732 2180 2804 si
2252 2732 2600 2805 materia
2667 2752 2830 2804 non
2896 2737 3112 2805 esset
3181 2731 3454 2824 aliqua
3522 2752 3653 2802 res

2110 2853 2325 2929 actu,
2371 2848 2546 2940 ejus
2579 2849 2882 2923 entitas
2924 2869 3083 2920 non
3123 2848 3656 2941 distinguere-

2112 2969 2251 3036 tur
2284 2964 2381 3034 ab
2421 2963 2789 3044 entitate,
2836 2967 2916 3038 et
2969 2964 3450 3038 actualitate
3500 2962 3659 3035 for-

2114 3101 2290 3163 mae,
2343 3085 2423 3154 et
2475 3080 2589 3152 sic
2640 3080 2942 3152 nullam
3003 3081 3306 3152 realem
3338 3100 3660 3174 compo-

2116 3198 2499 3272 sitionem
2543 3196 2853 3272 faceret
2895 3219 3077 3271 cum
3110 3218 3229 3270 ea.

2206 3315 2592 3395 Secundo,
2640 3313 2828 3406 quia
2873 3314 3087 3387 inter
3135 3334 3277 3385 ens
3328 3317 3542 3394 actu,
3579 3317 3659 3386 et

2115 3431 2341 3512 nihil,
2379 3452 2539 3502 non
2572 3436 2696 3504 cst
2731 3431 3115 3512 medium;
3162 3449 3361 3521 ergo
3396 3429 3462 3502 si
3500 3450 3659 3502 ma-

2114 3549 2328 3622 teria
2397 3551 2700 3639 praeter
2764 3547 3117 3619 formam
3185 3567 3344 3618 non
3421 3545 3659 3619 habet

2117 3664 2470 3755 aliquem
2505 3669 2778 3737 actum
2812 3661 3149 3743 essendi,
3196 3662 3356 3735 erit
3406 3660 3651 3742 nihil;

2118 3804 2317 3874 ergo
2364 3802 2612 3873 agens
2654 3786 3024 3855 creatum
3076 3787 3360 3871 ageret
3407 3782 3499 3854 de
3546 3782 3661 3853 ni-

2120 3898 2317 3980 hilo,
2364 3920 2545 3971 cum
2581 3903 2775 3990 agat
2816 3900 2905 3971 de
2943 3898 3314 3971 materia.

2217 4015 2444 4096 Item,
2507 4015 2942 4087 secundum
2988 4035 3265 4086 omnes
3310 4013 3668 4085 Philoso-

2124 4131 2351 4224 phos,
2410 4131 2762 4207 materia
2821 4136 2946 4206 est
3016 4132 3096 4203 in
3159 4132 3526 4225 potentia
3577 4131 3672 4203 ad

2122 4250 2323 4329 alia;
2381 4250 2515 4320 sed
2593 4249 3026 4322 secundum
3086 4269 3251 4330 e08,
3315 4248 3516 4321 nihil
3577 4249 3671 4321 ad

2122 4366 2326 4440 nihil
2386 4371 2513 4441 est
2576 4366 2651 4438 in
2707 4365 3072 4458 potentia
3119 4389 3133 4433 :
3180 4385 3377 4456 ergo
3424 4370 3669 4439 mate-

2124 4485 2275 4565 ria,
2341 4489 2429 4557 ut
2472 4483 2846 4565 materia,
2892 4503 3052 4554 non
3101 4487 3227 4556 est
3267 4481 3509 4564 nihil;
3547 4504 3668 4555 er-

2122 4622 2226 4692 go
2271 4600 2509 4674 habet
2550 4599 2903 4691 aliquem
2956 4604 3227 4673 actum
3280 4601 3371 4672 de
3423 4621 3530 4682 se,
3585 4606 3665 4675 ot

2123 4718 2190 4790 si
2251 4738 2412 4789 non
2481 4717 3053 4797 subsistentiae,
3120 4720 3392 4790 tamen
3458 4717 3664 4791 exis-

2120 4835 2423 4911 tentiae.

2227 4953 2464 5031 Item,
2548 4970 2786 5043 posse
2847 4949 3014 5042 pati
3083 4951 3180 5022 ad
3232 4950 3665 5023 materiam
3724 4990 3965 5041 Memfi,

2120 5067 2562 5147 reducitur,
2610 5065 2822 5139 sicut
2852 5085 3098 5157 agere
3129 5067 3224 5139 ad
3266 5066 3661 5147 formam;
3720 5058 3954 5180 pffgfi‘gg·

2121 5184 2253 5256 sed
2289 5182 2493 5275 quod
2526 5202 2684 5254 non
2725 5187 2849 5256 est
2901 5184 3200 5275 aliquid
3242 5187 3456 5264 actu,
3502 5202 3664 5254 non
3785 5184 3916 5248 «τρίε-

2119 5306 2243 5373 est
2300 5299 2787 5392 principium
2855 5300 3225 5392 patiendi,
3290 5320 3433 5371 nco
3494 5298 3662 5370 fun-

2118 5417 2621 5497 damentum;
2668 5436 2867 5507 ergo
2909 5416 3374 5488 necessario
3420 5421 3664 5490 mate-

2126 5534 2251 5606 ria
2318 5533 2558 5607 habet
2617 5532 3182 5607 actualitatem
3250 5534 3497 5606 aliam
3568 5533 3666 5605 ab

2123 5651 2603 5726 actualitate
2637 5649 2950 5732 formae,
2999 5650 3078 5722 in
3125 5671 3280 5742 qua
3329 5651 3664 5725 actuali-
