4252 6393
60 1137 73 1600 ffl—*u‘*
64 993 71 1038 ...-
64 945 69 954 -
66 823 69 834 -
62 757 71 770 ιι
62 633 69 654 -

50 3840 63 4029 ...ι-ι·-
54 3626 63 3777 -ι-ι-ι-ι-
58 3518 63 3531 -

219 2094 261 2144 8.

157 2157 185 2203 ‚4
192 2157 317 2206 nimoe

1742 407 2101 484 QUAESTlo
2147 408 2200 469 X

383 569 546 650 bili,
591 574 672 644 et
709 575 897 643 tunc
945 569 1122 662 ipsa
1164 576 1288 641 est
1340 564 1928 659 corruptibilis.

388 687 783 766 Quartum
866 684 1319 757 membrum
1378 688 1503 758 est
1564 680 1933 776 impossi-

387 800 564 882 bile,
618 802 828 894 quod
869 800 1180 874 scilieet
1232 800 1582 890 indigeat
1635 800 1929 871 instru-

391 921 688 1000 mento,
725 922 803 990 et
847 939 1007 990 non
1044 916 1416 991 materia.

476 1034 706 1114 Item,
762 1033 945 1105 finis
996 1037 1073 1106 et
1116 1033 1473 1107 efficiens
1526 1037 1713 1106 sunt
1756 1053 1929 1104 cor-

394 1149 760 1233 relativa,
836 1153 969 1224 sed
1025 1152 1502 1245 experimur
1552 1151 1753 1244 quod
1797 1149 1932 1222 ho-

391 1287 516 1338 mo
550 1267 865 1359 appetit
899 1268 1134 1339 finem
1180 1267 1925 1361 supernatura10m3

385 1403 581 1474 ergo
624 1385 801 1477 ejus
851 1385 1206 1458 efficiens
1265 1390 1391 1458 est
1447 1389 1931 1478 supernatu-

390 1497 580 1570 rale.
633 1499 980 1574 Infinitae
1045 1506 1383 1594 possunt
1445 1504 1538 1575 ad
1590 1501 1741 1575 hoc
1798 1503 1931 1574 ad-

381 1613 553 1686 duci
634 1617 1027 1699 rationes‚
1112 1619 1246 1691 sed
1325 1620 1513 1712 quia
1580 1641 1741 1691 non
1808 1624 1932 1693 est

388 1733 715 1806 omniuo
794 1736 889 1808 ad
965 1737 1505 1829 propositum,
1602 1737 1927 1817 omitto;

384 1867 579 1942 ergo
650 1872 812 1923 non
869 1858 994 1926 est
1080 1853 1355 1926 anima
1433 1853 1933 1927 intellectiva

388 1969 671 2042 educta
711 1969 804 2041 de
846 1970 1121 2062 aliquo
1166 1971 1568 2045 seminali.

471 2088 693 2168 Quod
763 2108 909 2161 nec
976 2089 1230 2162 etiam
1310 2089 1779 2179 originatur
1843 2088 1935 2160 de

135 2230 209 2265 uon
228 2200 964 2294 orm-aliquaanirna,
993 2205 1205 2280 sicut
1251 2206 1584 2279 candela
1619 2207 1711 2277 de
1753 2226 1935 2279 can-

126 2288 274 2326 natum·
301 2295 361 2332 ex

164 2342 316 2401 panna.
384 2317 577 2401 dela,
627 2325 850 2414 patet
909 2342 1050 2414 per
1082 2322 1468 2413 glossam,
1512 2343 1760 2414 super
1795 2322 1935 2395 illo

126 2400 215 2451 Pul.
237 2403 303 2456 32.

386 2437 626 2509 vel‘bo
681 2465 695 2508 :
752 2444 884 2518 Qui
922 2445 1130 2526 finxit
1164 2444 1566 2529 sinqillcttinz
1609 2442 1811 2509 corda
1836 2464 1935 2507 eo-

376 2575 527 2623 rum
554 2584 574 2623 .·
600 2556 900 2647 glossa,
933 2557 1003 2629 id
1035 2560 1184 2638 est,
1231 2562 1499 2626 Creavit
1521 2563 1784 2626 animas
1804 2564 1936 2628 sin·

380 2676 691 2760 qillatim,
764 2673 835 2745 id
877 2678 1027 2754 est,
1076 2678 1377 2763 sinqulas
1420 2700 1541 2763 per
1578 2700 1646 2742 se
1687 2682 1937 2745 creavit

378 2815 459 2858 ει·
492 2794 725 2873 nihile,
761 2815 898 2860 non
920 2816 1002 2860 ex
1025 2795 1261 2874 Adam,
1289 2807 1357 2860 ut
1380 2797 1653 2881 quidam
1675 2796 1928 2874 dicunt,

378 2920 680 2995 putantes
734 2914 1033 2978 animam
1089 2932 1223 2977 esse
1288 2934 1373 2977 ezr
1430 2913 1685 2979 anima.
1744 2911 1932 2982 Haec

378 3022 670 3112 glossa.

466 3150 634 3223 Hoc
694 3151 945 3225 etiam
1003 3156 1252 3246 patet,
1321 3153 1509 3246 quia
1591 3152 1658 3224 si
1720 3155 1933 3226 Deus

377 3271 696 3340 crearet
729 3268 1089 3340 animam
1133 3290 1231 3340 ex
1266 3270 1562 3349 anima,
1602 3272 1742 3339 aut
1784 3268 1932 3341 hoc

383 3378 681 3457 faceret
770 3386 1002 3457 modo
1101 3385 1745 3479 supernaturali,
1852 3397 1929 3464 et

384 3504 571 3571 tunc
638 3521 798 3573 non
869 3501 1395 3574 contraheret
1495 3502 1922 3593 originale,

386 3619 587 3709 quod
673 3623 798 3692 est
868 3623 1157 3692 eontra
1247 3622 1744 3705 Anselmum,
1847 3631 1929 3695 de

388 3736 715 3823 Com-epm
756 3739 1106 3824 viminali,
1145 3761 1291 3825 cap.
1339 3741 1445 3808 13.
1500 3743 1637 3810 aut
1694 3744 1925 3815 modo

381 3848 758 3931 naturali,
834 3854 911 3921 et
982 3854 1171 3924 tunc
1238 3852 1527 3923 animae
1603 3857 1681 3925 et
1749 3856 1925 3947 ejus

383 3965 741 4038 materiae
801 3966 1156 4037 admixta
1216 3972 1341 4040 est
1404 3972 1790 4060 potentia,
1845 3979 1924 4048 et

382 4100 520 4172 per
571 4103 1066 4175 consequens
1136 4085 1543 4159 naturalis
1587 4109 1922 4182 corrup-

384 4198 493 4269 tio
541 4223 556 4266 :
602 4199 789 4290 quia
853 4205 1042 4273 tunc
1105 4201 1376 4273 forma
1422 4204 1704 4295 primse
1756 4207 1919 4277 ani-

380 4335 523 4387 mae
592 4336 754 4389 non
828 4322 1266 4410 occuparet
1346 4324 1606 4393 totam
1687 4343 1921 4395 suam

378 4433 830 4506 materiam.

464 4550 691 4632 Item,
754 4550 821 4621 si
868 4549 1141 4622 anima
1185 4550 1788 4644 multiplicatur
1822 4555 1919 4625 ab

376 4664 663 4745 anima,
731 4670 871 4738 aut
944 4665 1101 4739 ista
1158 4666 1733 4759 multiplicatio
1793 4674 1917 4742 cst

378 4780 518 4850 sub
558 4804 688 4848 esse
728 4782 1088 4854 naturali
1143 4787 1223 4855 et
1278 4784 1504 4864 reali,
1564 4790 1704 4859 aut
1773 4786 1917 4859 sub

376 4920 504 4963 esse
584 4898 1093 4972 intentionali
1158 4925 1172 4968 ε
1245 4922 1402 4972 non
1482 4907 1915 4978 secundum

376 5033 551 5085 esse
610 5016 984 5089 naturale
1032 5019 1110 5088 et
1156 5018 1373 5090 reale
1430 5046 1443 5088 :
1483 5024 1679 5103 tum,
1728 5025 1917 5114 quia

377 5128 670 5202 decisio
731 5132 829 5202 ab
898 5131 1381 5225 impossibili
1442 5138 1566 5207 est
1629 5136 1916 5230 impos-

379 5243 633 5317 sibilis
687 5272 703 5315 :
752 5252 950 5329 tum,
998 5250 1183 5340 quia
1242 5252 1557 5326 eductio
1622 5254 1739 5326 rei
1781 5275 1914 5327 na-

378 5362 667 5434 turalis
719 5363 1086 5438 habentis
1152 5388 1330 5439 esse
1400 5390 1907 5461 permanens,

375 5483 494 5550 est
574 5500 711 5570 per
786 5480 1292 5554 eductionem
1369 5486 1459 5556 de
1547 5490 1911 5579 potentia

381 5595 766 5678 materiae,
826 5598 911 5667 ut
960 5600 1178 5688 patet
1216 5597 1289 5668 in
1338 5600 1705 5672 omnibns
1751 5604 1908 5675 for-

3402 421 3407 426 ·
3494 397 3608 461 441

2052 566 2233 640 mis.
2274 566 2439 638 Nec
2488 570 2750 658 potest
2783 586 2962 637 esse
3003 561 3599 643 intentionalis;

2046 684 2246 763 tum,
2323 680 2510 772 quia
2590 678 2933 753 intentio
2995 698 3154 751 non
3232 681 3360 753 est
3429 677 3603 750 sub-

2048 795 2378 876 stantia,
2463 793 2735 867 anima
2794 796 3065 865 autem
3147 790 3605 866 substantia

2045 913 2424 987 formalis
2484 906 2658 989 est':
2703 917 2904 993 tum,
2973 911 3164 1005 quia
3212 911 3596 987 intentio-

2042 1032 2224 1104 nale
2286 1052 2448 1105 non
2508 1033 2774 1113 durat,
2841 1029 2999 1102 nisi
3063 1032 3604 1132 conservante

2041 1169 2164 1231 eo,
2227 1169 2273 1220 a
2333 1170 2485 1242 quo
2533 1150 2906 1222 eductum
2972 1151 3121 1229 est,
3156 1150 3233 1220 et
3271 1146 3385 1219 sic
3449 1165 3606 1218 una

2046 1267 2324 1339 anima
2379 1268 2639 1359 quoad
2695 1287 2874 1339 esse
2934 1265 3032 1336 ab
3100 1264 3263 1337 alia
3321 1265 3603 1358 depen-

2042 1385 2298 1457 deret.

2139 1504 2368 1581 Item,
2451 1505 2592 1574 aut
2663 1505 2843 1576 tota
2910 1499 3209 1582 anima,
3284 1521 3382 1573 ex
3444 1519 3600 1594 qua

2044 1620 2242 1694 (licis
2285 1619 2641 1693 animam
2719 1619 3282 1714 multiplicari,
3343 1624 3468 1694 est
3519 1618 3601 1691 in

2047 1739 2340 1811 ultimo
2396 1738 2759 1833 perfecto
2823 1760 2970 1810 suo
3013 1743 3226 1819 actu,
3271 1742 3349 1810 et
3405 1741 3597 1810 tunc

2046 1878 2146 1928 ex
2201 1855 2374 1948 ipsa
2424 1876 2584 1928 non
2647 1859 2921 1948 potest
2965 1854 3140 1927 fieri
3192 1854 3398 1935 alia;
3455 1857 3597 1928 aut

2047 1974 2226 2044 tota
2285 1976 2409 2045 est
2475 1971 2552 2044 in
2597 1971 2983 2065 potentia,
3047 1975 3130 2044 et
3189 1976 3380 2045 tunc
3435 1991 3597 2043 non

2050 2093 2177 2162 est
2266 2092 2521 2170 actus,
2623 2109 2769 2163 nec
2857 2108 3002 2180 per
3095 2107 3596 2179 consequens

2053 2204 2360 2287 forma3
2462 2209 2602 2278 aut
2678 2208 2855 2278 tota
2912 2204 2991 2277 in
3070 2202 3436 2298 potentia
3517 2206 3596 2275 et

2052 2328 2267 2406 actu,
2314 2328 2393 2397 et
2454 2323 2613 2397 ista
2666 2328 2852 2398 sunt
2904 2321 3594 2403 contradictoria;

2051 2443 2194 2513 aut
2264 2460 2454 2532 pars
2497 2440 2886 2533 potentia,
2943 2442 3082 2512 aut
3149 2459 3339 2532 pars
3381 2439 3592 2519 actu,

2050 2561 2130 2629 et
2198 2559 2389 2628 tunc
2459 2561 2599 2630 aut
2665 2557 2799 2629 fiet
2886 2558 2978 2630 de
3045 2556 3435 2649 potentia,
3516 2558 3594 2627 et

2053 2675 2244 2744 tunc
2288 2673 2427 2744 illa
2479 2673 2869 2766 potentia,
2944 2694 3125 2746 cum
3224 2673 3595 2766 perficiat

2050 2791 2143 2860 ad
2226 2789 2706 2863 ulteriorem
2783 2790 3138 2863 formam
3232 2788 3400 2862 sive
3466 2810 3596 2862 ae-

2050 2910 2249 2989 tum,
2314 2911 2438 2982 est
2497 2908 2984 3000 generabilis
3045 2913 3125 2982 ct
3190 2906 3598 3000 corrupti-

2047 3024 2260 3106 bilis,
2334 3030 2416 3099 ot
2493 3046 2638 3119 per
2719 3046 3219 3118 consequens
3284 3024 3592 3106 anima;

2048 3147 2189 3216 aut
2224 3142 2360 3217 fiet
2405 3144 2494 3216 de
2547 3148 2758 3225 actu,
2808 3146 2887 3216 et
2937 3144 3129 3215 tunc
3180 3145 3414 3216 actus
3460 3141 3596 3216 ille

2046 3265 2169 3332 est
2207 3261 2767 3353 incompletus‚
2806 3265 2885 3333 et
2923 3280 3064 3352 per
3095 3280 3595 3351 consequens

2046 3377 2536 3467 generabilis
2597 3382 2677 3450 et
2756 3376 3346 3469 corruptibilis,
3410 3376 3594 3448 cum

2050 3493 2417 3586 perficiat
2459 3495 2553 3565 ad
2616 3493 3095 3568 ulteriorem
3139 3493 3436 3575 actum,
3511 3496 3588 3566 et

2046 3631 2192 3702 per
2234 3631 2736 3702 consequens
2781 3611 3077 3682 anima.

2132 3728 2250 3796 Ex
2294 3724 2419 3798 his
2460 3747 2659 3818 ergo
2704 3729 2923 3820 patet
2977 3726 3182 3817 quod
3234 3726 3585 3801 intellec-

2039 3841 2236 3921 tiva,
2289 3864 2432 3916 nec
2485 3864 2583 3914 ex
2633 3864 2983 3936 corpore
3046 3842 3578 3927 seminaliter,

2040 3978 2184 4030 nec
2232 3980 2331 4030 cx
2374 3959 2647 4032 anima
2718 3960 3261 4050 originaliter,
3320 3961 3454 4033 sed
3492 3962 3583 4034 de

2037 4075 2318 4156 nihilo,
2363 4076 2673 4149 virtute
2704 4076 2997 4159 divina,
3042 4076 3420 4149 totaliter
3451 4076 3581 4149 ha·

2034 4192 2445 4267 beteducL

2517 4532 2948 4589 ARTICULUS
3022 4534 3090 4590 11.

2028 4708 2389 4793 Supposila
2446 4709 2690 4773 animm
2737 4712 3072 4776 creatione
3109 4715 3432 4799 quomodo
3472 4704 3580 4782 dai

2075 4834 2257 4890 eccm·
2313 4825 2503 4890 homo
2572 4846 2916 4911 qenerare,
2983 4839 3099 4893 αιιι
3167 4834 3528 4917 qenerari?

2118 5021 2345 5093 Nunc
2390 5024 2717 5113 oportet
2756 5020 3028 5095 videre
3080 5030 3512 5104 secundum
3550 5061 3564 5104 :

2028 5156 2209 5205 cum
2277 5136 2490 5207 enim
2580 5136 2823 5211 homo
2912 5139 3054 5211 sitw
3103 5141 3347 5217 homo
3413 5164 3568 5240 ‘per

2027 5252 2380 5324 sormam
2461 5253 3085 5338 intellectivam;
3180 5260 3247 5332 si
3332 5283 3567 5339 omne

2027 5387 2427 5459 generans
2490 5376 2825 5461 generat
2881 5373 3231 5449 formam
3286 5379 3362 5451 in
3408 5401 3567 5457 ma-

2024 5487 2262 5569 teria,
2309 5493 2392 5560 ut
2452 5490 2754 5564 dicitur
2792 5495 2857 5564 7.
2902 5496 3190 5584 Mecaplz.
3247 5512 3406 5569 texe.
3449 5504 3560 5576 26.

2023 5603 2090 5675 si
2153 5603 2424 5675 anima
2507 5606 3003 5682 intellectiva
3069 5616 3192 5687 est
3270 5635 3317 5687 a
3388 5620 3562 5691 solo

3721 5061 3774 5114 9.
