4252 6393
428 556 719 613 Quodnam

418 629 496 672 est
523 618 738 681 subjee-

772 391 891 453 610

851 551 1089 623 Circa
1135 548 1633 640 primumest
1668 543 2077 616 sciendum
2100 540 2309 631 quod

416 694 718 747 ‹umam-
767 665 1068 758 positio
1147 667 1413 754 negat,
1480 661 1684 755 quod
1743 657 2162 751 quantitas
2231 659 2312 728 et

437 745 690 794 rationis.

532 3500 619 3551 28.

765 781 1212 856 accidentia
1243 777 1922 852 contrarietatem
1982 793 2143 845 non
2178 771 2313 841 ha-

763 901 988 979 bent;
1070 897 1238 969 ideo
1301 896 1577 968 cadem
1662 910 2083 963 remanere
2153 906 2311 959 non

765 1020 1129 1110 possunt,
1241 1013 1426 1105 quia
1506 1010 1953 1098 subjectum
2023 1023 2312 1076 eorum

759 1133 964 1204 idem
998 1150 1156 1202 non
1204 1133 1594 1199 remanet.
1641 1127 1741 1196 L't
1777 1146 1872 1196 ex
1908 1123 2057 1194 lioc
2083 1142 2312 1213 aper-

759 1253 837 1320 te
904 1252 1199 1339 pateat,
1280 1244 1484 1335 quod
1549 1243 1969 1315 intendunt
2045 1239 2313 1311 dicere

762 1364 966 1455 quod
1011 1363 1229 1435 ultra
1271 1361 1622 1432 formam
1663 1356 2306 1434 substantialem,

762 1478 1308 1570 generabilem
1342 1482 1422 1549 et
1455 1473 2100 1566 corruptibilem,
2151 1490 2308 1543 non

762 1601 882 1668 est
947 1596 1272 1687 aliquid,
1321 1593 1525 1685 quod
1587 1591 1846 1685 possit
1897 1609 2074 1659 esse
2139 1588 2311 1658 sub-

757 1714 1060 1803 jectum
1097 1709 1657 1787 accidentium,
1714 1707 1901 1798 quia
1934 1704 2138 1777 nihil
2195 1724 2313 1774 re-

764 1833 1060 1908 manet,
1106 1826 1261 1899 nisi
1317 1845 1521 1919 pura
1565 1823 1914 1895 materia
1957 1841 2310 1892 eommu-

761 1945 886 2016 nis
930 1947 1320 2035 generato
1364 1946 1445 2015 et
1485 1944 1907 2032 corrupte.

848 2061 1066 2143 Quod
1103 2057 1737 2149 igiturmateria
1791 2055 2121 2127 omnino
2176 2073 2311 2123 nu-

755 2179 849 2249 da
885 2197 1043 2248 non
1077 2176 1184 2249 sit
1219 2176 1667 2267 subjectum
1725 2169 2306 2262 generationis,

758 2295 888 2366 sed
944 2293 1088 2364 sub
1145 2293 1418 2383 aliqua
1462 2293 1730 2362 forma
1793 2285 2311 2360 substantiali

757 2408 1301 2501 corruptibili,
1358 2410 1623 2499 potest
1675 2405 2029 2479 ostendi:
2092 2408 2179 2474 ut
2242 2402 2313 2474 id

753 2530 1095 2598 vocetur
1128 2524 1578 2612 subjectum
1614 2517 2195 2609 generationis,
2236 2518 2313 2588 in

759 2661 914 2731 quo
951 2643 1114 2712 stat
1161 2638 1447 2711 ultima
1487 2638 1913 2717 resolutio,
1963 2657 2137 2727 qua}
2186 2655 2314 2727 po-

756 2761 917 2828 test
971 2755 1146 2827 tieri
1223 2775 1362 2846 per
1406 2774 1653 2844 agens
1707 2752 2110 2832 naturale,
2172 2772 2314 2823 nec

762 2871 837 2943 in
910 2872 1200 2963 ipsum,
1249 2871 1728 2962 inquantum
1784 2870 1971 2948 tale,
2045 2874 2313 2961 potest

760 2988 1084 3080 aliquod
1145 3008 1394 3078 agens
1479 2987 1909 3066 naturale;
1987 2988 2116 3058 sed
2188 2992 2312 3060 est

759 3103 1010 3174 fixum
1045 3103 1392 3193 signum,
1433 3102 1746 3185 stabile,
1776 3103 1901 3175 vel
1939 3103 2314 3175 immuta-

761 3219 917 3291 bile
953 3240 1094 3313 per
1154 3223 1562 3297 naturam,
1612 3226 1691 3293 ct
1729 3226 1852 3292 est
1886 3238 2314 3291 commune

770 3340 1162 3425 generato
1195 3341 1277 3409 et
1311 3341 1733 3428 corrupto.

853 3456 949 3526 Et
985 3452 1133 3525 hoc
1173 3459 1418 3545 patet,
1461 3452 1751 3545 primo,
1792 3452 2055 3524 simile
2100 3454 2313 3524 indu-

516 3565 642 3614 noec
756 3570 1054 3641 cende:
1121 3570 1483 3642 videmus
1544 3570 1759 3641 enim
1824 3576 2092 3641 artem
2167 3591 2313 3642 sua

412 3624 639 3675 eademi]
678 3653 707 3665 -

632 3642 696 3802 Ξῖ
759 3687 1235 3778 operatione
1314 3707 1636 3778 semper
1679 3708 2313 3780 praesupponere

439 3689 521 3738 bet
550 3689 603 3738 in

439 3751 488 3801 8.
520 3755 616 3802 art.

437 3827 494 3863 n.
534 3813 613 3865 ¹6.
649 3820 701 3864 et
757 3802 1112 3874 formam
1154 3801 1512 3893 aliquam
1549 3803 2036 3881 naturalem,
2075 3810 2154 3876 et
2216 3804 2313 3874 ab

501 3892 626 3941 seqq
635 3916 648 3929 .

756 3922 1045 4010 agente
1106 3919 1469 3992 naturali
1542 3919 2089 3993 introductam
2143 3948 2155 3990 :
2227 3925 2312 3994 ut

755 4055 891 4105 ars
937 4035 1275 4106 faciendi
1324 4055 1656 4128 pannos,
1695 4038 1847 4110 etsi
1889 4037 2088 4110 facit
2128 4058 2309 4129 pan-

753 4172 926 4232 nos,
982 4150 1136 4224 etsi
1180 4152 1360 4224 fieri
1430 4152 1626 4225 facit
1695 4154 1944 4233 filum,
2013 4160 2312 4228 natura

752 4272 1022 4341 tamen
1058 4269 1327 4340 lanam
1398 4272 1980 4362 praesupponit,
2044 4277 2120 4343 et
2196 4272 2310 4343 sic

745 4385 836 4457 de
901 4385 1120 4456 omni
1184 4390 1396 4457 arte.
1476 4386 1646 4465 Sed,
1717 4393 1800 4459 ut
1868 4388 2172 4461 dicitur
2238 4392 2303 4460 2-2.

747 4504 1095 4588 Phyxia-or.
1134 4515 1293 4570 text.
1340 4504 1451 4573 22.
1491 4506 1692 4575 0179.
1740 4523 1878 4575 ars
1927 4504 2309 4579 imitatur

744 4619 1171 4697 naturam;
1214 4637 1414 4709 ergo
1459 4625 1756 4693 natura
1809 4620 1882 4692 in
1928 4644 2072 4693 suo
2123 4646 2308 4715 ope-

755 4753 837 4803 re
881 4732 1270 4807 similiter
1315 4737 1705 4828 procedit,
1772 4737 2124 4810 formam
2176 4739 2309 4810 ali·

755 4869 996 4940 quam
1044 4850 1121 4921 in
1168 4852 1516 4924 materia
1551 4856 2095 4945 supponendo.
2138 4855 2307 4927 Hoc

753 4964 966 5035 enim
999 4964 1189 5037 dicit
1227 4965 1716 5039 Aristoteles
1739 4971 1804 5038 2.
1843 4971 2111 5056 Physic.
2143 4985 2301 5039 tea-1.

754 5084 863 5152 78.
904 5080 1111 5172 quod
1147 5080 1215 5152 si
1258 5085 1560 5154 natura
1602 5081 1905 5157 faceret
1948 5085 2301 5167 domum,

758 5216 937 5267 eam
981 5194 1290 5270 iaceret
1336 5198 1549 5271 sicut
1592 5218 1756 5270 ars.

1913 377 2015 442 DE
2061 375 2328 441 RERUM
2370 370 2757 439 rmNcwlo

2426 539 2642 612 inter
2676 558 2783 616 se,
2814 538 3019 629 quod
3043 534 3478 609 secundum
3506 549 3948 626 praesuppo-

2424 655 2545 729 nit
2582 656 2962 748 primum,
3008 659 3088 727 et
3123 652 3459 728 tertium
3495 650 3944 728 secundum;

2425 778 2502 844 et
2558 770 2686 842 ubi
2731 770 3023 843 desinit
3068 769 3447 863 primum,
3517 765 3797 858 incipit
3855 784 3949 835 se·

2426 890 2809 966 cundum;
2848 893 2927 961 et
2981 887 3111 959 ubi
3157 882 3617 964 secundum,
3685 880 3950 973 incipit

2426 1006 2790 1086 tertium,
2861 1004 2993 1076 ubi
3056 1007 3331 1076 autem
3388 1017 3636 1073 causa
3704 998 3951 1091 prima

2424 1122 2713 1194 desinit
2767 1118 3299 1212 appropriate
3344 1114 3757 1209 loquendo.
3797 1111 3949 1187 Hoc

2424 1239 2624 1318 dico,
2666 1237 2849 1327 quia
2896 1235 2971 1308 in
3018 1233 3233 1307 omni
3295 1234 3618 1306 actione
3670 1232 3951 1324 subjec-

2428 1360 2597 1426 tum
2643 1353 2960 1444 agentis
3000 1373 3159 1425 non
3195 1355 3463 1446 potest
3505 1371 3683 1422 esse
3725 1352 3953 1421 mate-

2432 1474 2555 1544 ria
2628 1493 2854 1565 pura,
2910 1491 3054 1544 nec
3130 1469 3475 1542 inveniri
3546 1470 3814 1561 potest
3888 1466 3954 1536 in

2429 1587 2905 1681 operatione
2955 1587 3272 1656 naturae
3319 1610 3332 1651 τ
3376 1587 3576 1662 tum,
3624 1581 3814 1674 quia
3851 1599 3956 1652 ac·

2430 1707 2540 1782 tio
2595 1726 2859 1778 causae
2903 1704 3187 1798 priinae
3242 1722 3400 1775 non
3446 1701 3953 1776 terminatur.

2428 1823 2582 1895 nisi
2620 1823 2887 1894 adens
2923 1822 3002 1893 in
3063 1826 3246 1894 actu
3287 1850 3300 1891 :
3369 1825 3565 1898 tum,
3620 1818 3807 1910 quia
3849 1833 3957 1888 ac-

2430 1941 2542 2015 tio
2595 1941 2914 2029 agentis
2957 1938 3364 2013 naturalis
3424 1954 3581 2009 non
3631 1940 3758 2007 est
3818 1933 3957 2006 nisi

2428 2057 2825 2129 mediante
2858 2055 3189 2130 influxu,
3237 2052 3369 2144 qui
3402 2054 3525 2122 est
3556 2050 3648 2121 de
3681 2066 3962 2139 genere

2426 2174 2865 2250 actionum,
2939 2172 3170 2262 Cujus
3251 2168 3698 2259 subjectum
3815 2182 3958 2237 non

2432 2296 2699 2385 potest
2755 2309 2933 2360 esse
2986 2283 3333 2360 materia
3430 2283 3639 2355 nuda
3695 2311 3710 2353 z
3775 2300 3959 2370 ergo

2429 2429 2758 2481 necesse
2796 2409 2946 2487 est,
3005 2408 3092 2477 ut
3147 2404 3596 2496 subjeetum
3656 2399 3959 2491 agentis

2427 2523 2831 2599 naturalis
2885 2523 2991 2596 sit
3034 2521 3356 2613 aliquod
3424 2520 3957 2612 compositum

2425 2663 2520 2712 ex
2560 2639 2907 2714 materia
2948 2642 3024 2707 et
3085 2637 3375 2709 forma.

2520 2759 2749 2837 Item,
2790 2754 3405 2844 generationem
3464 2753 3752 2823 formae
3803 2750 3960 2822 sub·

2429 2872 2840 2944 stantialis
2877 2868 3255 2964 pra‘eedit
3291 2869 3763 2942 necessario
3787 2867 3962 2940 alte-

2430 2990 2669 3068 ratio,
2707 2990 2937 3081 cujus
2975 2989 3378 3060 terminus
3399 2989 3522 3059 est
3554 2982 3965 3077 generatio

2431 3108 2713 3180 formae
2766 3105 3313 3184 accidentalis,
3366 3104 3655 3175 saltem
3721 3100 3963 3195 quoad

2430 3230 2698 3297 actum
2733 3225 3227 3316 completum
3255 3250 3267 3291 :
3299 3226 3493 3302 tum,
3519 3221 3712 3313 quia
3730 3239 3964 3311 agens

2429 3339 2885 3428 generando
2950 3357 3272 3430 semper
3339 3336 3507 3427 agit
3564 3334 3967 3409 medianti-

2427 3457 2571 3529 bus
2607 3454 3162 3548 qualitatibus,
3213 3476 3384 3547 quae
3445 3456 3630 3525 sunt
3675 3452 3966 3526 instru-

2430 3580 2695 3647 menta
2732 3577 2926 3645 natu
2943 3592 3076 3651 rw,
3118 3571 3402 3663 quibus
3438 3569 3968 3644 mediantibus

2425 3691 2779 3782 disponit
2828 3688 3278 3779 subjectum
3333 3688 3426 3759 ad
3470 3687 3765 3760 formae
3808 3684 3968 3756 sub·

2429 3806 2841 3880 stantialis
2925 3806 3615 3878 introductionem
3673 3830 3688 3871 :
3778 3809 3966 3878 tum.

2428 3924 2617 4016 quia
2678 3924 2943 3995 forma
2998 3922 3562 3996 substantialis
3632 3941 3800 3993 non
3858 3921 3972 3991 est

2426 4038 2579 4110 nisi
2621 4038 2694 4109 in
2736 4037 3078 4110 materia
3123 4036 3270 4109 sibi
3304 4036 3729 4131 disposita.
3773 4039 3969 4111 Ideo,

2426 4161 2513 4228 ut
2552 4155 2852 4228 dicitur
2896 4159 2953 4226 1.
2991 4158 3072 4222 de
3111 4158 3355 4222 Anima
3386 4179 3442 4223 c.
3478 4159 3544 4229 7.
3582 4175 3748 4227 non
3777 4174 3974 4247 quae-

2425 4272 2617 4346 libet
2654 4273 2913 4343 fornia
2950 4277 3071 4343 est
3108 4272 3184 4344 in
3208 4272 3559 4363 qualibet
3597 4269 3971 4349 materia,

2426 4390 2556 4461 sed
2608 4389 2798 4460 talis
2838 4388 2914 4459 in
2977 4387 3147 4461 tali.
3188 4392 3389 4463 Cum
3439 4410 3638 4479 ergo
3685 4389 3975 4462 altera-

2426 4507 2540 4577 tio
2577 4506 2681 4578 sit
2720 4510 3012 4585 motus,
3061 4507 3293 4595 cuius
3330 4506 3789 4599 subjectum
3825 4520 3977 4577 non

2432 4627 2695 4714 potest
2747 4642 2923 4693 esse
2969 4623 3313 4694 materia
3382 4623 3698 4716 prima:
3778 4639 3973 4712 ergo

2425 4759 2755 4809 necesse
2812 4743 2937 4811 est
2997 4741 3080 4809 ut
3155 4737 3527 4819 materia,
3605 4760 3789 4831 quae.
3858 4742 3975 4810 est

2427 4855 2881 4945 subjectum
2937 4855 3515 4943 genera-tionis,
3564 4856 3671 4930 sit
3737 4853 3973 4929 alicui

2426 4970 2713 5042 Γοιηηῑῐ»,
2748 4972 3352 5065 incorruptibili
3394 4992 3538 5064 per
3560 4976 3971 5049 naturam,

2428 5088 2817 5179 subjecta.

2515 5205 2660 5277 Sed
2694 5205 2760 5276 si
2792 5206 3136 5287 dicatur,
3177 5207 3380 5298 quod
3415 5207 3773 5280 materia
3808 5205 3975 5279 sub·

850 5314 1404 5388 Confirmatur
1429 5316 1595 5387 haec
1625 5317 1876 5390 ratio:
1912 5318 2092 5408 quia
2122 5339 2304 5391 cum
2415 5322 2635 5415 jecta
2670 5322 2912 5395 alicui
2948 5323 3235 5395 formae
3271 5322 3826 5404 substantiali,
3866 5326 3975 5394 ut-

759 5430 918 5501 sint
954 5431 1119 5504 tria
1151 5434 1478 5523 agentia
1513 5433 1588 5505 in
1625 5435 2035 5515 universo,
2061 5439 2300 5516 Deus,

758 5552 1081 5629 natura,
1118 5555 1197 5621 et
1227 5569 1399 5631 ars;
1442 5549 1565 5621 liic
1609 5555 1732 5623 est
1787 5554 1980 5623 ordo
2015 5571 2303 5625 eorum

2424 5443 2611 5531 pote
2644 5437 3048 5521 elementi,
3087 5441 3212 5512 vel
3261 5439 3628 5522 alterius,
3681 5437 3973 5532 recipit

2423 5556 3025 5638 alterationem,
3084 5563 3171 5632 ut
3227 5557 3681 5651 subjectum
3739 5572 3971 5629 suum
