4252 6393
485 3399 564 3452 57.

724 419 848 485 234
1897 409 2039 477 [ΑΒ.
2089 416 2189 477 lV.
2236 410 2778 479 METEORORUM

715 583 901 652 datio
946 582 1125 649 aeris
1173 578 1681 659 circumdantis,
1731 578 1828 644 ibi
1885 578 2012 643 illa
2059 577 2269 665 sriyi-
2373 574 2515 657 tio,
2591 574 2779 666 quia
2846 574 3318 666 coagulatio
3395 578 3668 668 potest
3740 567 3918 649 fieri

714 701 894 768 ditas
950 700 1324 766 extrinseca
1372 700 1591 784 juvat,
1658 691 1959 765 dicitur
2040 690 2254 781 quod

714 813 913 885 bene
980 810 1216 903 juvat
1295 807 1671 901 quamdiu
1741 811 1890 888 est,
1963 810 2042 879 et
2100 826 2263 877 non

714 926 1238 1005 condensavit
1348 929 1428 999 et
1521 923 1952 1005 alteravit,
2075 923 2263 1015 quia

717 1049 904 1141 post
952 1045 1195 1117 istam
1237 1040 1977 1123 condensationem,
2028 1044 2109 1114 et
2155 1039 2262 1111 al-

717 1163 1212 1238 terationem
1245 1160 1488 1233 citius
1522 1158 1949 1252 putrescit,
2019 1161 2099 1230 et
2139 1159 2264 1229 est

718 1280 981 1372 magis
1049 1278 1446 1371 disposita
1503 1278 1598 1350 ad
1658 1274 2260 1355 alterationem,

718 1399 889 1473 ideo
915 1396 1176 1489 juvat,
1213 1400 1293 1469 et
1334 1393 1665 1487 impedit
1697 1391 2259 1473 diversimode,

719 1520 995 1589 tamen
1047 1513 1125 1585 in
1167 1510 1515 1585 diversis
1567 1508 2099 1602 temporibus.

807 1632 956 1706 Sed
997 1649 1182 1703 oum
1231 1627 1554 1709 dicitur,
1606 1630 1667 1694 si
1712 1626 2066 1714 sriqiditas
2112 1646 2261 1692 con-

717 1750 1014 1828 cinentis,
1097 1749 1254 1819 etc.
1330 1749 1676 1832 frumenta
1751 1755 1903 1809 lunc
1975 1752 2122 1808 sala
2188 1742 2262 1807 in

715 1876 919 1944 terra,
965 1866 1118 1935 etc.
1160 1860 1465 1933 dicitur
1523 1857 1731 1950 quod
1777 1856 1918 1928 illa
1957 1854 2259 1927 diutius

713 1980 1130 2060 durarent,
1197 1977 1263 2048 si
1308 1976 1484 2048 sola
1526 1978 1743 2047 esset
1800 1971 2253 2063 frigiditas;

715 2095 849 2168 sed
894 2094 1081 2187 quia
1123 2098 1311 2167 sunt
1356 2092 1612 2166 multa
1663 2090 1849 2172 alia,
1884 2088 2259 2164 videlicet

714 2211 946 2285 calor
1011 2210 1532 2290 intrinsecuS‚
1613 2207 1747 2300 qui
1808 2205 2260 2296 frigiditate

713 2326 1180 2399 extrinseca
1240 2324 1819 2416 repercutitur,
1864 2327 1944 2395 et
2003 2322 2258 2394 humi-

709 2442 919 2515 ditas
962 2442 1315 2516 istorum
1356 2459 1804 2532 corporum
1848 2438 2046 2511 facit
2097 2457 2258 2510 ma-

713 2580 915 2653 gnas
978 2557 1522 2651 operationeS,
1576 2576 1776 2648 quas
1844 2575 2003 2627 non
2053 2555 2260 2627 face-

714 2683 897 2752 rent
968 2678 1048 2750 in
1124 2696 1313 2748 aere
1385 2695 1578 2747 raro
1637 2674 2253 2754 circumstante,

714 2797 888 2870 ideo
957 2796 1438 2887 putrescunt
1483 2792 1560 2864 in
1605 2791 1883 2873 terriS,
1921 2795 2001 2864 et
2043 2789 2258 2861 simi-

711 2894 906 2986 liter
947 2909 1416 3004 supervenit
1460 2909 1759 3001 pluvia,
1797 2911 1875 2981 et
1912 2907 2257 2980 multum

715 3049 1092 3122 operans,
1137 3030 1218 3099 et
1261 3047 1405 3098 aer
1453 3025 1530 3098 in
1581 3030 1814 3098 terra
1867 3023 2253 3103 inclusus,

713 3151 793 3221 et
860 3144 1427 3219 exhalationes
1467 3144 1809 3215 causant
1856 3139 2257 3233 putrefac-

714 3264 1019 3338 tionem
1062 3262 1309 3335 talem
1356 3260 1433 3330 in
1467 3262 1721 3332 terra.

807 3380 919 3451 Ad
970 3378 1208 3460 aliud,
1255 3395 1438 3449 cum
1479 3374 1803 3454 dicitur,
1851 3387 2005 3442 tec-nc
2043 3376 2256 3458 stemi-

714 3521 807 3565 na
857 3501 929 3566 in
980 3496 1409 3566 custodiendo
1463 3495 1742 3574 diutia-3,
1781 3496 1933 3564 ete.
1995 3495 2260 3564 Causa

715 3616 864 3693 est,
934 3611 1123 3705 quia
1185 3608 1622 3681 humiditas
1695 3610 1963 3699 potest
2022 3604 2260 3677 exha-

718 3730 916 3810 lare,
965 3733 1046 3801 et
1084 3726 1336 3807 exire,
1391 3729 1472 3798 et
1515 3724 1724 3796 alius
1781 3742 1923 3794 aer
1978 3743 2259 3794 recens

718 3845 1221 3923 subintrare,
1295 3842 1468 3912 ideo
1547 3861 1708 3911 non
1778 3842 2258 3930 putrescunt

715 3963 797 4035 in
830 3962 1024 4034 alto.
1095 3962 1180 4032 In
1212 3959 1481 4037 basso,
1528 3961 1607 4029 et
1651 3975 1902 4047 supra
1944 3960 2258 4028 terram

715 4080 796 4152 in
862 4077 1198 4158 solari0,
1261 4079 1342 4148 et
1411 4074 1487 4145 in
1555 4092 1886 4145 camera
1947 4075 2257 4164 putres-

715 4199 910 4267 cunt
943 4196 1285 4286 propter
1329 4188 1748 4282 oppositas
1791 4188 2041 4260 etiam
2073 4209 2256 4260 cau-

716 4332 876 4392 sas,
952 4315 1034 4383 et
1103 4307 1455 4379 maxime
1533 4310 1871 4398 propter
1940 4305 2257 4378 siccita-

713 4434 904 4510 tem,
979 4448 1155 4518 quae
1226 4426 1680 4518 praeservat
1748 4444 1793 4493 a
1855 4421 2257 4515 putrefac-

712 4543 958 4618 tione.

800 4661 912 4732 Ad
973 4659 1211 4739 aliud,
1280 4658 1594 4749 quando
1669 4656 1973 4730 dicitur
2051 4657 2255 4748 quod

712 4801 832 4847 nec
868 4780 1237 4864 conyelatio
1294 4778 1467 4865 quod
1524 4800 1807 4865 corpora
1847 4786 2259 4842 mortuoram

710 4909 865 4963 sunt
916 4896 1290 4983 eoaqulala,
1359 4907 1418 4961 et
1475 4899 1783 4963 humores
1831 4896 1904 4961 in
1969 4896 2133 4974 illae,
2198 4904 2260 4959 cc

713 5022 955 5088 tamen,
1019 5011 1171 5080 etc.
1254 5008 1553 5081 dicitur
1604 5008 1808 5098 quod
1870 5005 2250 5096 quamdiu

712 5128 983 5196 essent
1025 5124 1460 5214 congelata
1522 5121 1853 5214 proprie
1905 5141 2062 5192 non
2128 5141 2259 5211 pu·

714 5241 1160 5320 treflerent,
1200 5240 1330 5310 sed
1384 5258 1540 5308 non
1576 5243 1762 5311 sunt
1799 5238 2255 5328 congelata,

717 5357 907 5429 licet
939 5355 1245 5428 fuerint
1277 5355 1717 5446 coagulata.
1757 5360 2096 5447 propter
2128 5355 2260 5426 hu-

713 5494 986 5546 mores
1048 5473 1349 5545 mixtos
1413 5472 1832 5560 sanguine.
1899 5474 1998 5544 Et
2059 5473 2260 5545 satis

714 5589 1098 5668 differ-unt
1179 5588 1673 5680 coagulatio,
1738 5593 1817 5660 et
1892 5589 2262 5680 congela..

2321 711 2422 789 va
2507 691 2793 773 calido,
2854 695 2934 764 et
3010 691 3475 782 congelatio
3567 692 3829 763 solum
3872 712 3920 764 a

2373 807 2698 899 frigido.
2764 806 3035 881 Adhuc
3102 812 3377 880 tamen
3447 806 3918 899 coagulatio

2367 925 2603 1018 juvat
2633 928 2925 998 contra
2975 925 3685 1019 putrefactionem,
3735 925 3921 1018 quia

2374 1042 2839 1123 condensat,
2902 1046 2984 1116 et
3034 1063 3194 1114 non
3236 1041 3651 1136 permittit
3694 1062 3921 1135 pene.-

2375 1163 2604 1232 trare
2659 1158 3064 1231 actionem
3133 1159 3440 1232 caloris
3514 1182 3741 1253 aeque
3811 1160 3922 1232 fa-

2375 1275 2647 1348 ciliter
2706 1276 2916 1349 sicut
3004 1276 3085 1348 in
3146 1276 3580 1369 principiO,
3655 1280 3737 1351 et
3805 1277 3921 1351 sic

2374 1392 2813 1466 humiditas
2873 1413 3032 1466 non
3082 1397 3364 1486 potest·
3419 1393 3772 1476 extrahi,
3842 1399 3924 1468 et

2374 1508 2746 1582 caliditas
2845 1508 3185 1602 propria
3259 1528 3419 1581 non
3509 1513 3679 1582 tam
3757 1508 3923 1583 cito

2356 1626 2781 1708 'consumi;
2830 1628 2964 1699 sed
3005 1629 3277 1700 tamen
3319 1646 3674 1719 corpora
3716 1646 3927 1697 mor·

2371 1746 2703 1816 tuorum
2746 1748 2931 1835 post
2975 1743 3372 1815 modicam
3417 1741 3926 1834 coagulatio·

2369 1879 2550 1931 nem
2602 1858 3052 1950 frigiditate
3112 1858 3556 1932 intrinseca
3605 1863 3925 1949 agente,

2370 1982 2450 2050 ct
2473 1976 2835 2050 calorem
2866 1975 3317 2069 expellente
3348 1996 3530 2049 cum
3566 1975 3926 2058 humido,

2373 2094 2450 2166 in
2490 2114 2645 2185 quo
2681 2091 2878 2165 facit
2926 2091 3564 2163 exsiccationem
3608 2091 3689 2162 in
3722 2090 3925 2165 inte·

2371 2210 2755 2290 rioribuS,
2800 2213 2880 2283 et
2925 2230 3067 2301 per
3116 2228 3615 2300 consequens
3666 2209 3928 2282 finali-

2370 2325 3229 2420 terputrefactionem,
3264 2330 3345 2400 et
3377 2325 3528 2398 hoc
3564 2326 3926 2407 interra,

2372 2449 2714 2539 propter
2778 2442 3343 2516 exhalationes
3420 2443 3779 2515 inclusas
3846 2443 3925 2516 in

2371 2567 2601 2636 terra
2642 2561 3102 2654 aperientes
3145 2581 3393 2654 poros
3442 2581 3922 2654 corporum,

2369 2684 2451 2753 ct
2504 2678 3034 2752 extrahentes
3087 2678 3502 2751 humidum
3556 2679 3650 2749 ad
3703 2682 3929 2752 exte-

2375 2796 2649 2878 riora;
2695 2800 2776 2869 et
2827 2795 2942 2868 sic
2983 2816 3271 2868 verum
3323 2798 3539 2869 esset
3583 2796 3793 2887 quod
3858 2795 3929 2869 si

2372 2915 2601 2985 terra
2634 2915 2849 2985 esset
2883 2912 3124 2984 nimis
3174 2911 3493 3004 frigida,
3528 2916 3609 2986 et
3642 2913 3928 2985 multae

2372 3028 2939 3101 exhalationes
2988 3028 3269 3100 calidae
3321 3029 3403 3100 in
3459 3029 3931 3103 concavita-

2374 3145 2588 3219 tibus
2632 3149 2879 3219 terrae
2938 3149 3237 3227 essent,
3284 3165 3639 3239 corpora
3708 3166 3929 3219 mor·

2372 3267 2707 3336 tuorum
2785 3263 3089 3335 diutius
3151 3263 3256 3335 ibi
3325 3263 3719 3336 durarent
3777 3288 3794 3333 ε
3847 3266 3931 3335 et

2373 3379 2453 3451 in
2524 3379 2708 3450 aliis
2782 3379 2986 3451 locis
3067 3377 3444 3471 opposito
3520 3378 3758 3450 modo
3843 3399 3931 3449 se

2373 3496 2851 3570 habentibus
2910 3496 3075 3569 eito
3135 3499 3762 3577 consumuntur,
3813 3500 3931 3569 ta-

2374 3635 2551 3684 men
2605 3615 2775 3686 sinc
2851 3613 3437 3686 combustione.
3520 3612 3932 3689 Similiter

2371 3732 2615 3804 dicitu
2634 3753 2671 3802 r
2710 3730 2801 3800 de
2862 3729 3428 3821 congelatione
3470 3729 3925 3814 fructuum,

2374 3848 2588 3920 sicut
2634 3846 2862 3939 prius
2911 3847 3003 3918 de
3059 3845 3666 3937 infrigidatione
3717 3847 3931 3922 dice-

2370 3964 2636 4036 batur.

2460 4077 2572 4148 Ad
2604 4076 2842 4156 aliud,
2892 4077 3203 4166 quando
3242 4075 3488 4149 dicitu
3506 4096 3569 4158 r,
3613 4081 3925 4167 conyela-

2372 4196 2462 4261 tio
2511 4206 2602 4260 esc
2651 4216 2849 4261 causa
2906 4196 3167 4283 quietis.
3206 4195 3418 4281 iqilur
3446 4216 3643 4261 causa
3664 4200 3929 4283 juvmts

2364 4311 2950 4398 putrefactionem,
2990 4311 3147 4396 quia
3177 4319 3390 4375 motus
3419 4310 3724 4397 impedit,
3765 4316 3924 4386 etc.

2363 4425 2668 4498 dicitur
2709 4425 2919 4516 quod
2975 4423 3439 4514 congelatio
3482 4424 3760 4517 aliqua
3803 4434 3931 4502 est

2370 4561 2618 4611 causa
2687 4540 2984 4631 quietis
3055 4540 3403 4631 alicujus
3473 4540 3572 4611 ab
3647 4541 3932 4635 aliqua

2371 4658 2638 4749 specie
2700 4663 2997 4740 motuS,
3046 4657 3177 4727 sed
3254 4676 3416 4728 non
3472 4663 3598 4731 est
3665 4680 3929 4734 causa

2371 4773 2667 4865 quietis
2703 4773 3228 4865 simpliciter,
3268 4774 3456 4864 quia
3490 4775 3695 4867 quod
3739 4798 3930 4850 con-

2370 4891 2696 4981 gelatur
2755 4889 3164 4962 alteratur
3244 4910 3517 4983 sempe
3556 4913 3590 4973 ⁴,
3655 4897 3740 4966 et
3809 4894 3928 4967 sic

2371 5009 2939 5087 condensatur,
2988 5010 3072 5079 at
3118 5011 3343 5080 motu
3389 5006 3660 5089 locali,
3731 5009 3928 5084 licet

2372 5144 2533 5196 non
2623 5126 3070 5213 augeatur,
3165 5142 3308 5195 nec
3403 5123 3924 5200 extendatur.

2373 5241 2640 5313 Etiam
2688 5243 2962 5332 posset
2995 5242 3308 5330 negari,
3349 5240 3537 5332 quia
3577 5245 3704 5314 est
3747 5263 3931 5314 cau-

2374 5378 2461 5428 sa
2499 5356 2819 5449 quietis,
2863 5357 3118 5448 igitur
3184 5361 3306 5430 est
3350 5357 3929 5451 causajuvans

2377 5474 3086 5567 putrefactionem,
3133 5478 3213 5547 et
3246 5494 3404 5546 non
3440 5474 3884 5569 impediens
3907 5532 3924 5558 ,

2378 5590 2563 5692 quia
2602 5592 3073 5691 quandoque
3118 5611 3247 5670 ros
3282 5590 3611 5691 impedit
3654 5597 3928 5691 putre-
