4252 6393
807 388 928 451 502
1965 396 2067 458 DE
2108 397 2374 462 RERUM
2419 398 2807 464 PRINCIPIO

796 551 1233 622 aitsingulare
1266 553 1383 610 sub
1412 556 1668 627 propria
1692 560 1929 614 tantum
1963 560 2354 618 rationesin-
2464 560 2928 637 intellectus
2983 586 3143 639 non
3206 589 3351 661 per
3432 570 3767 654 oculum,
3839 592 3955 644 neo

793 649 1060 719 gularisu
1119 652 1255 708 sine
1311 651 1674 724 adjumento
1730 658 2133 713 externorum
2182 661 2349 715 acci-

788 745 1094 817 dentium,
1128 763 1330 822 neque
1378 750 1454 808 ab
1511 753 1720 811 anima
1771 755 2087 824 sensitiva,
2141 771 2347 828 neque

789 843 865 900 ab
895 844 1277 904 intellectiva
1311 863 1488 919 posse
1520 853 1834 924 cognosci3
1870 853 1974 910 hic
2004 858 2212 911 tamen
2234 855 2346 912 ad-

787 945 977 1002 mittit
1006 946 1080 1003 ab
1111 947 1433 1006 intellectu
1466 952 1717 1020 cognoci
1750 965 1949 1023 posse,
1976 955 2098 1010 imo
2129 956 2216 1011 ait
2243 956 2345 1010 in-

786 1042 1109 1101 tellectum
1124 1047 1443 1116 corrigere
1464 1063 1743 1105 errorem
1768 1053 2060 1121 potentiae
2090 1055 2342 1110 sensiti-

783 1158 881 1198 vae
894 1155 1014 1199 non
1045 1144 1575 1216 apprehendentis
1597 1145 2015 1206 differentiam
2039 1151 2340 1209 interduo

784 1240 1158 1311 singularia,
1191 1242 1347 1300 alias
1377 1257 1490 1315 per
1521 1247 1731 1302 omnia
1762 1248 2019 1305 similia.
2054 1249 2172 1307 Sed
2205 1265 2338 1308 res-

783 1337 1191 1409 pondendum
1222 1347 1314 1400 est
1345 1344 1592 1402 Scotum
1626 1346 1760 1403 illic
1792 1347 1962 1420 loqui
1994 1348 2069 1405 de
2117 1353 2336 1422 cogni-

781 1437 948 1495 tione
976 1451 1089 1511 per
1119 1442 1439 1513 propriam
1474 1446 1771 1515 speciem,
1823 1447 1926 1504 hic
1976 1455 2183 1507 autem
2231 1467 2336 1508 ar-

782 1535 1029 1606 guitive
1060 1551 1135 1593 ex
1165 1538 1313 1596 aliis
1348 1542 1683 1615 principiis
1716 1545 2214 1616 universalibus,
2268 1555 2335 1610 ut

782 1632 916 1705 ipse
944 1632 1050 1702 ait,
1082 1637 1469 1705 syuoyizando
1499 1643 1780 1696 concludit
1818 1642 2096 1715 aliquam
2150 1646 2332 1706 diffe-

783 1731 1050 1790 rentiam
1082 1732 1386 1793 inveniri.

867 1936 950 2011 Si
1023 1937 1239 2012 enim
1310 1940 1802 2018 individuum
1870 1950 2330 2042 accipiatur

779 2053 1046 2145 primo
1127 2057 1359 2130 modo
1430 2058 1632 2144 dico,
1707 2064 1912 2154 quod
1989 2086 2328 2160 cognos-

774 2167 994 2240 citur
1044 2190 1092 2242 a
1143 2192 1380 2242 sensu
1428 2175 1945 2266 particulari,
2012 2186 2093 2255 ct
2157 2204 2329 2255 scn-

773 2307 911 2360 sus
954 2306 1187 2362 suam
1231 2291 1802 2367 actualitatem
1872 2300 2320 2391 experitur.

774 2405 1326 2495 Cognoscitur
1402 2408 1653 2481 etiam
1712 2412 1811 2484 ab
1875 2413 2320 2501 intellectu,

774 2520 909 2592 sed
949 2522 1223 2594 tamen
1274 2522 1740 2598 intellectus
1786 2550 2016 2602 suam
2050 2537 2324 2607 actua—

773 2634 1093 2710 litatem
1133 2638 1595 2715 existcntiae
1637 2663 1795 2716 non
1841 2649 2268 2739 experitur
2302 2678 2316 2721 :

776 2753 947 2827 haec
970 2753 1183 2828 enim
1223 2756 1375 2829 duo
1411 2759 1757 2833 multum
1789 2762 2195 2849 differunt,
2235 2773 2323 2844 ut

473 2901 698 2953 qma.
784 2869 1088 2962 patebit
1148 2869 1402 2945 infra*
1459 2900 1473 2945 :
1522 2876 1604 2950 Si
1653 2883 1925 2953 autem
1977 2883 2323 2977 accipia-

777 2988 916 3059 tur
956 2988 1299 3061 secundo
1345 2992 1603 3074 modo,
1656 2993 1831 3068 dico
1894 2999 2096 3088 qnod
2150 3022 2321 3074 sen-

771 3121 909 3174 sus
970 3102 1238 3195 ipsum
1280 3125 1439 3178 non
1490 3113 1937 3201 cognoscit,
1985 3136 2129 3188 nec
2186 3139 2316 3213 ap-

764 3221 1209 3313 prehendit.
1258 3225 1338 3297 Si
1397 3226 1612 3298 enirn
1684 3250 2092 3325 proponas
2161 3239 2314 3311 duo

760 3336 1079 3429 objecta
1118 3359 1348 3432 aequc
1390 3343 1676 3428 calida,
1745 3347 1872 3418 vel
1934 3350 2086 3424 duo
2132 3372 2311 3444 gus-

755 3453 1041 3527 tabilia
1085 3456 1430 3530 multum
1475 3462 1790 3547 suavia,
1829 3486 2115 3539 sensus
2184 3491 2310 3543 eo—

758 3569 1503 3648 rumdiffercntiam
1532 3597 1693 3650 non
1731 3583 2304 3674 apprehendet,

754 3686 918 3761 imo
952 3688 1349 3782 judicabit
1381 3712 1476 3764 ea
1506 3696 1934 3787 aequaliter
1976 3703 2306 3793 partici-

752 3823 950 3896 pare
988 3810 1375 3882 naturam
1419 3809 1672 3897 illam,
1747 3835 1842 3887 eo
1894 3818 2101 3908 quod
2143 3840 2306 3892 non

752 3921 1285 4014 apprehendit
1344 3925 1502 3999 nisi
1557 3926 2058 4006 differentias
2141 3956 2302 4008 ma-

753 4057 955 4131 gnas
1023 4046 1104 4117 et
1144 4044 1570 4119 notabiles.
1640 4049 2111 4127 Intellectus
2168 4076 2302 4128 au-

748 4162 938 4242 tem,
993 4160 1226 4252 quasi
1269 4163 1819 4256 syllogizando
1865 4171 2295 4257 concludit,

749 4276 955 4367 quod
993 4280 1292 4351 natura
1335 4301 1419 4352 se
1449 4282 1804 4374 explicat
1838 4285 1919 4357 in
1959 4290 2292 4378 agendo,

750 4393 956 4483 quod
1015 4394 1289 4467 omnia
1333 4395 1737 4471 individua
1793 4404 2296 4480 naturaliter

745 4509 1164 4601 producta,
1230 4512 1633 4589 individuo
1699 4519 1936 4593 modo
2006 4524 2086 4595 et
2141 4523 2295 4595 sin-

740 4624 1011 4716 gulari
1082 4627 1580 4721 participant
1647 4636 2032 4707 naturam
2123 4659 2292 4730 spc-

740 4740 917 4823 ciei,
994 4743 1206 4820 sicut
1238 4746 1486 4819 etiarn
1528 4748 1680 4821 duo
1726 4769 1970 4840 poma
2012 4752 2096 4824 in
2133 4774 2292 4827 una

2462 698 2607 769 per
2645 684 2882 755 extra
2926 683 3273 766 oculum,
3323 686 3455 758 sed
3498 686 3577 758 in
3616 688 3831 760 oculo
3870 688 3959 760 in·

2458 797 2761 888 telligit
2809 798 2960 873 hoc
3001 802 3299 886 album,
3360 806 3440 877 et
3500 804 3700 878 hanc
3754 806 3959 878 visio·

2455 934 2638 987 nem
2681 915 2843 988 albi
2879 943 2894 998 ;
2934 921 3015 991 et
3064 918 3144 989 in
3187 938 3411 1002 aure,
3459 941 3618 993 non
3679 943 3810 1015 per
3852 941 3960 994 au-

2454 1050 2627 1102 rem
2665 1031 3055 1125 intelligit
3099 1033 3308 1110 hunc
3350 1058 3661 1121 sonum,
3703 1042 3777 1111 et
3806 1058 3961 1130 cog·

2448 1148 2719 1222 noscit
2770 1148 2977 1224 hanc
3031 1152 3498 1226 sensibilem
3559 1155 3959 1248 apprchen-

2449 1264 2759 1337 sioncm
2815 1267 3020 1350 soni,
3094 1273 3175 1344 et
3218 1270 3332 1343 sic
3390 1271 3482 1343 de
3523 1272 3704 1345 aliis
3745 1273 3960 1345 sensi-

2441 1383 2614 1457 bus.

2535 1505 2734 1576 Sunt
2794 1523 2991 1594 ergo
3060 1505 3214 1578 duo
3283 1505 3413 1579 hic
3458 1506 3958 1599 inquirenda:

2445 1618 2810 1691 Primum
2846 1625 2995 1702 est,
3036 1623 3242 1714 quod
3304 1622 3763 1697 intellectus
3817 1644 3963 1694 sen-

2444 1755 2680 1807 suum
2760 1737 3390 1829 particularium
3461 1739 3964 1834 apprehendit

2442 1850 2620 1943 ipsa
2653 1851 3223 1943 particularia,
3273 1877 3447 1947 quae
3483 1863 3672 1932 sunt
3718 1876 3964 1930 secun-

2440 1968 2628 2041 dum
2697 1971 3110 2044 actualem
3167 1973 3694 2048 existentiam
3752 1975 3829 2047 in
3890 1993 3966 2045 rc

2439 2087 2679 2157 extra
2739 2086 2996 2160 ethoc
3029 2088 3241 2172 dico,
3283 2092 3489 2182 quod
3526 2093 3962 2168 intellectus

2440 2203 2836 2278 terminat
2871 2225 3104 2278 suam
3147 2209 3713 2300 operationem
3751 2211 3828 2283 in
3859 2231 3965 2282 or-

2441 2317 2676 2405 ganis
2748 2317 2973 2411 ipsis.
3048 2323 3497 2396 Secundum
3577 2327 3963 2401 ostenden-

2436 2431 2649 2514 dum,
2742 2435 2949 2525 quod
3045 2438 3414 2527 quamvis
3523 2439 3963 2516 intellectus

2437 2551 2924 2643 conjunctus
2965 2570 3127 2625 non
3181 2553 3613 2647 intelligat,
3662 2579 3808 2632 nec
3859 2577 3966 2632 co-

2438 2673 2806 2756 gnoscat,
2863 2674 3258 2761 quantum
3308 2674 3404 2746 ad
3447 2675 3799 2767 primam
3855 2697 3966 2768 ap-

2439 2782 3060 2874 prehensionem
3148 2791 3230 2862 et
3297 2790 3648 2882 primam
3715 2792 3967 2885 cogni-

2435 2900 2766 2985 tionem,
2815 2903 2991 2997 ipsa
3044 2905 3502 2997 singularia
3572 2914 3658 2984 ut
3709 2916 3964 2984 actua-

2436 3016 2627 3091 liter
2703 3021 3168 3104 existentia,
3251 3024 3410 3097 nisi
3492 3025 3569 3097 in
3648 3027 3967 3120 organis

2432 3155 2841 3221 sensuum,
2870 3137 3397 3215 nihilominus
3441 3142 3581 3216 illa
3622 3146 3838 3221 actio
3871 3144 3970 3217 in·

2431 3251 2808 3326 tellectus
2871 3276 3046 3346 quac
3080 3277 3238 3329 non
3269 3262 3418 3343 est,
3458 3282 3601 3334 nec
3635 3284 3815 3336 esse
3848 3284 3965 3356 po·

2430 3371 2591 3442 test
2624 3370 2781 3442 nisi
2810 3372 2890 3443 in
2926 3373 3259 3465 organis
3296 3398 3702 3462 sensuum,
3735 3400 3967 3472 quan-

2423 3489 2600 3558 tum
2643 3489 2736 3559 ad
2774 3490 3348 3565 certitudinem
3383 3496 3730 3569 actualis
3772 3496 3966 3568 exis-

2423 3604 2698 3678 tentiae
2761 3605 2878 3678 rei
2933 3608 3465 3699 particularis
3537 3613 3962 3692 sensibilis,

2419 3718 2978 3806 nihilominus,
3024 3725 3224 3809 dicO,
3283 3726 3426 3798 illa
3472 3727 3967 3804 intellectua-

2420 3834 2520 3909 lis
2575 3837 2791 3912 actio
2834 3859 2994 3913 non
3033 3843 3155 3915 est
3199 3843 3297 3915 ab
3340 3846 3700 3936 organis

2793 4153 3046 4212 ARTIC.
3120 4156 3189 4212 11.
3269 4157 3474 4216 SECT.
3549 4161 3590 4216 1.

2410 4328 2823 4397 Intellectum
2869 4335 2945 4399 in
2987 4337 3263 4422 orqam‘s
3310 4358 3622 4408 sensuum
3661 4347 3965 4430 particu—

2502 4446 2752 4513 larium
2781 4451 3278 4536 apprehendere
3297 4453 3550 4542 obJ'ccta
3582 4459 3964 4548 sinyularia

2491 4562 2853 4628 secundum
2889 4566 3220 4632 actualem
3259 4570 3714 4641 exsistentiam.

2496 4760 2737 4833 Circa
2772 4760 3154 4852 primum,
3202 4770 3557 4857 quatuor
3615 4779 3796 4848 sunt
3837 4775 3960 4846 vi-

736 4858 1032 4932 arbore
1100 4880 1513 4953 nunquam
1565 4862 1864 4941 habent
1922 4869 2289 4943 cumdem
2402 4874 2697 4946 denda:
2743 4875 3110 4950 Primum
3150 4884 3300 4964 est,
3348 4886 3553 4974 quod
3597 4889 3961 4979 potentia

734 4979 1158 5067 aspectum
1191 4977 1287 5048 ad
1329 4977 1642 5050 coelum.

824 5091 996 5165 Hoc
1039 5093 1493 5186 supposito,
1540 5095 1715 5169 dico
1771 5098 1866 5170 ad
1921 5102 2286 5193 proposi-

732 5212 935 5290 tum,
985 5209 1189 5302 quod
1222 5231 1430 5292 cum,
1470 5214 1557 5285 ut
1592 5217 2006 5287 ostensum
2049 5223 2173 5293 est
2210 5220 2287 5292 in

740 5325 1083 5416 quadam
1119 5326 1564 5416 quaestione
1586 5328 1676 5399 de
1702 5332 2088 5421 potentiis
2123 5336 2287 5407 ani-

390 5461 679 5547 ⁰q.11.n.
746 5446 961 5523 mae‘,
1011 5445 1185 5515 tota
1237 5444 1507 5515 anima
1565 5445 1837 5520 audiat
1879 5452 1958 5522 ct
1992 5449 2281 5533 videat,

388 5545 469 5598 15.

739 5561 820 5630 et
889 5558 1001 5630 sic
1060 5558 1150 5630 de
1220 5560 1403 5632 aliis
1474 5564 1859 5653 potentiis
1948 5568 2280 5664 animam

2404 4990 2907 5066 intellectiva
2974 4999 3100 5071 est
3181 5018 3541 5089 praesens
3624 5007 3958 5097 organis

2406 5107 2768 5179 omnium
2806 5129 3214 5185 sensuum.
3242 5117 3711 5205 Secundum,
3751 5124 3960 5214 quod

2401 5242 2563 5295 non
2634 5226 2899 5298 solum
2973 5248 3116 5319 per
3178 5230 3682 5311 influentiam
3757 5260 3958 5332 prae-

2404 5359 2613 5422 senS,
2649 5340 2860 5416 sicut
2887 5343 3025 5417 Sol
3058 5344 3185 5418 his
3221 5347 3767 5438 inferioribus,
3809 5357 3956 5427 scd

2405 5457 2843 5529 secundum
2894 5460 3464 5547 substantiam,
3515 5468 3722 5545 sicut
3783 5471 3956 5543 ani-

2406 5592 2534 5643 ma
2575 5574 2932 5665 corpori.
3001 5576 3390 5662 Tertium,
3459 5587 3662 5673 quod
3725 5587 3950 5660 intel·

4071 1506 4118 1555 II.
