<?xml version="1.0" encoding="UTF-8"?>
<!DOCTYPE html PUBLIC "-//W3C//DTD XHTML 1.0 Transitional//EN"
    "http://www.w3.org/TR/xhtml1/DTD/xhtml1-transitional.dtd">
<html xmlns="http://www.w3.org/1999/xhtml" xml:lang="en" lang="en">
 <head>
  <title>
</title>
<meta http-equiv="Content-Type" content="text/html;charset=utf-8" />
  <meta name='ocr-system' content='tesseract 3.04.00' />
  <meta name='ocr-capabilities' content='ocr_page ocr_carea ocr_par ocr_line ocrx_word'/>
</head>
<body>
  <div class='ocr_page' id='page_1' title='image "./joannisdunsscot03waddgoog_0413.png"; bbox 0 0 4252 6393; ppageno 0'>
   <div class='ocr_carea' id='block_1_1' title="bbox 1594 479 2133 557">
    <p class='ocr_par' dir='ltr' id='par_1_1' title="bbox 1594 479 2133 557">
     <span class='ocr_line' id='line_1_1' title="bbox 1594 479 2133 557; baseline 0.002 -13"><span class='ocrx_word' id='word_1_1' title='bbox 1594 479 1953 557; x_wconf 82' lang='lat' dir='ltr'>QUAESTIO</span> <span class='ocrx_word' id='word_1_2' title='bbox 2000 483 2133 546; x_wconf 79' lang='lat' dir='ltr'>vn}</span> 
     </span>
    </p>
   </div>
   <div class='ocr_carea' id='block_1_2' title="bbox 253 637 1785 1414">
    <p class='ocr_par' dir='ltr' id='par_1_2' title="bbox 253 637 1785 1414">
     <span class='ocr_line' id='line_1_2' title="bbox 259 637 1777 734; baseline -0.001 -21"><span class='ocrx_word' id='word_1_3' title='bbox 259 637 382 713; x_wconf 83' lang='lat' dir='ltr'>tur</span> <span class='ocrx_word' id='word_1_4' title='bbox 448 640 525 712; x_wconf 92' lang='lat' dir='ltr'>in</span> <span class='ocrx_word' id='word_1_5' title='bbox 595 640 816 714; x_wconf 93' lang='lat' dir='ltr'>omni</span> <span class='ocrx_word' id='word_1_6' title='bbox 877 639 1326 734; x_wconf 76' lang='lat' dir='ltr'>posteriori</span> <span class='ocrx_word' id='word_1_7' title='bbox 1386 641 1777 724; x_wconf 88' lang='lat' dir='ltr'>materia;</span> 
     </span>
     <span class='ocr_line' id='line_1_3' title="bbox 253 756 1785 851; baseline -0.001 -21"><span class='ocrx_word' id='word_1_8' title='bbox 253 777 438 849; x_wconf 90' lang='lat' dir='ltr'>ergo</span> <span class='ocrx_word' id='word_1_9' title='bbox 489 756 639 831; x_wconf 88' lang='lat' dir='ltr'>hoe</span> <span class='ocrx_word' id='word_1_10' title='bbox 689 757 1066 831; x_wconf 81' lang='lat' dir='ltr'>convenit</span> <span class='ocrx_word' id='word_1_11' title='bbox 1124 757 1196 830; x_wconf 91' lang='lat' dir='ltr'>ei</span> <span class='ocrx_word' id='word_1_12' title='bbox 1258 778 1403 851; x_wconf 91' lang='lat' dir='ltr'>per</span> <span class='ocrx_word' id='word_1_13' title='bbox 1459 757 1785 851; x_wconf 83' lang='lat' dir='ltr'>aliquod</span> 
     </span>
     <span class='ocr_line' id='line_1_4' title="bbox 255 873 1781 968; baseline 0.001 -23"><span class='ocrx_word' id='word_1_14' title='bbox 255 874 732 949; x_wconf 82' lang='lat' dir='ltr'>accidentale</span> <span class='ocrx_word' id='word_1_15' title='bbox 772 873 1153 956; x_wconf 90' lang='lat' dir='ltr'>additum,</span> <span class='ocrx_word' id='word_1_16' title='bbox 1203 894 1348 968; x_wconf 90' lang='lat' dir='ltr'>per</span> <span class='ocrx_word' id='word_1_17' title='bbox 1380 875 1586 967; x_wconf 92' lang='lat' dir='ltr'>quod</span> <span class='ocrx_word' id='word_1_18' title='bbox 1621 896 1781 947; x_wconf 89' lang='lat' dir='ltr'>res-</span> 
     </span>
     <span class='ocr_line' id='line_1_5' title="bbox 259 991 1780 1085; baseline 0.001 -22"><span class='ocrx_word' id='word_1_19' title='bbox 259 991 438 1084; x_wconf 87' lang='lat' dir='ltr'>pieit</span> <span class='ocrx_word' id='word_1_20' title='bbox 479 992 689 1075; x_wconf 85' lang='lat' dir='ltr'>illas,</span> <span class='ocrx_word' id='word_1_21' title='bbox 727 997 808 1067; x_wconf 92' lang='lat' dir='ltr'>et</span> <span class='ocrx_word' id='word_1_22' title='bbox 847 1013 1009 1064; x_wconf 93' lang='lat' dir='ltr'>non</span> <span class='ocrx_word' id='word_1_23' title='bbox 1051 992 1293 1075; x_wconf 88' lang='lat' dir='ltr'>istas;</span> <span class='ocrx_word' id='word_1_24' title='bbox 1373 1012 1575 1085; x_wconf 86' lang='lat' dir='ltr'>ergo</span> <span class='ocrx_word' id='word_1_25' title='bbox 1621 1012 1780 1065; x_wconf 89' lang='lat' dir='ltr'>ma-</span> 
     </span>
     <span class='ocr_line' id='line_1_6' title="bbox 256 1108 1778 1202; baseline 0.001 -22"><span class='ocrx_word' id='word_1_26' title='bbox 256 1109 447 1182; x_wconf 90' lang='lat' dir='ltr'>teria</span> <span class='ocrx_word' id='word_1_27' title='bbox 496 1113 620 1184; x_wconf 93' lang='lat' dir='ltr'>est</span> <span class='ocrx_word' id='word_1_28' title='bbox 660 1108 1145 1202; x_wconf 83' lang='lat' dir='ltr'>composita,</span> <span class='ocrx_word' id='word_1_29' title='bbox 1203 1109 1408 1202; x_wconf 87' lang='lat' dir='ltr'>quod</span> <span class='ocrx_word' id='word_1_30' title='bbox 1456 1112 1581 1183; x_wconf 90' lang='lat' dir='ltr'>est</span> <span class='ocrx_word' id='word_1_31' title='bbox 1639 1109 1778 1182; x_wconf 91' lang='lat' dir='ltr'>im-</span> 
     </span>
     <span class='ocr_line' id='line_1_7' title="bbox 255 1226 1779 1319; baseline -0.004 -20"><span class='ocrx_word' id='word_1_32' title='bbox 255 1226 647 1319; x_wconf 90' lang='lat' dir='ltr'>possibile,</span> <span class='ocrx_word' id='word_1_33' title='bbox 695 1226 881 1319; x_wconf 90' lang='lat' dir='ltr'>quia</span> <span class='ocrx_word' id='word_1_34' title='bbox 920 1247 1083 1299; x_wconf 93' lang='lat' dir='ltr'>non</span> <span class='ocrx_word' id='word_1_35' title='bbox 1122 1228 1343 1301; x_wconf 91' lang='lat' dir='ltr'>esset</span> <span class='ocrx_word' id='word_1_36' title='bbox 1377 1230 1602 1316; x_wconf 80' lang='lat' dir='ltr'>primo</span> <span class='ocrx_word' id='word_1_37' title='bbox 1635 1229 1779 1316; x_wconf 82' lang='lat' dir='ltr'>pri-</span> 
     </span>
     <span class='ocr_line' id='line_1_8' title="bbox 253 1367 371 1414; baseline 0.025 -4"><span class='ocrx_word' id='word_1_38' title='bbox 253 1367 371 1414; x_wconf 76' lang='lat' dir='ltr'>ma.</span> 
     </span>
    </p>
   </div>
   <div class='ocr_carea' id='block_1_3' title="bbox 799 1539 1319 1606">
    <p class='ocr_par' dir='ltr' id='par_1_3' title="bbox 799 1539 1319 1606">
     <span class='ocr_line' id='line_1_9' title="bbox 799 1539 1319 1606; baseline -0.004 -10"><span class='ocrx_word' id='word_1_39' title='bbox 799 1539 1209 1597; x_wconf 82' lang='lat' dir='ltr'><strong>SCHOLIUM.</strong></span> <span class='ocrx_word' id='word_1_40' title='bbox 1316 1603 1319 1606; x_wconf 17' lang='grc' dir='ltr'><em>Α</em></span> 
     </span>
    </p>
   </div>
   <div class='ocr_carea' id='block_1_4' title="bbox 250 1716 1780 2382">
    <p class='ocr_par' dir='ltr' id='par_1_4' title="bbox 250 1716 1780 2382">
     <span class='ocr_line' id='line_1_10' title="bbox 316 1716 1777 1790; baseline 0 -18"><span class='ocrx_word' id='word_1_41' title='bbox 316 1716 480 1790; x_wconf 79' lang='lat' dir='ltr'>Saepe</span> <span class='ocrx_word' id='word_1_42' title='bbox 526 1719 592 1774; x_wconf 90' lang='lat' dir='ltr'>in</span> <span class='ocrx_word' id='word_1_43' title='bbox 642 1717 741 1775; x_wconf 89' lang='lat' dir='ltr'>his</span> <span class='ocrx_word' id='word_1_44' title='bbox 771 1719 1217 1790; x_wconf 75' lang='lat' dir='ltr'>quaestionibus</span> <span class='ocrx_word' id='word_1_45' title='bbox 1247 1718 1422 1776; x_wconf 82' lang='lat' dir='ltr'>docet</span> <span class='ocrx_word' id='word_1_46' title='bbox 1452 1717 1777 1776; x_wconf 84' lang='lat' dir='ltr'>materiam</span> 
     </span>
     <span class='ocr_line' id='line_1_11' title="bbox 255 1811 1778 1888; baseline 0.003 -19"><span class='ocrx_word' id='word_1_47' title='bbox 255 1811 503 1884; x_wconf 78' lang='lat' dir='ltr'>primam</span> <span class='ocrx_word' id='word_1_48' title='bbox 536 1814 705 1874; x_wconf 86' lang='lat' dir='ltr'>nude</span> <span class='ocrx_word' id='word_1_49' title='bbox 737 1818 1050 1888; x_wconf 85' lang='lat' dir='ltr'>sumptam</span> <span class='ocrx_word' id='word_1_50' title='bbox 1083 1832 1115 1871; x_wconf 84' lang='lat' dir='ltr'>a</span> <span class='ocrx_word' id='word_1_51' title='bbox 1146 1816 1322 1873; x_wconf 92' lang='lat' dir='ltr'>nullo</span> <span class='ocrx_word' id='word_1_52' title='bbox 1350 1815 1559 1887; x_wconf 83' lang='lat' dir='ltr'>agenti</span> <span class='ocrx_word' id='word_1_53' title='bbox 1599 1830 1778 1874; x_wconf 86' lang='lat' dir='ltr'>erea-</span> 
     </span>
     <span class='ocr_line' id='line_1_12' title="bbox 254 1913 1777 1988; baseline 0.005 -22"><span class='ocrx_word' id='word_1_54' title='bbox 254 1913 497 1983; x_wconf 84' lang='lat' dir='ltr'>toposse</span> <span class='ocrx_word' id='word_1_55' title='bbox 534 1913 740 1987; x_wconf 86' lang='lat' dir='ltr'>primo</span> <span class='ocrx_word' id='word_1_56' title='bbox 788 1914 1142 1983; x_wconf 76' lang='lat' dir='ltr'>informari,</span> <span class='ocrx_word' id='word_1_57' title='bbox 1191 1928 1394 1986; x_wconf 66' lang='lat' dir='ltr'>neque</span> <span class='ocrx_word' id='word_1_58' title='bbox 1440 1930 1556 1988; x_wconf 85' lang='lat' dir='ltr'>per</span> <span class='ocrx_word' id='word_1_59' title='bbox 1602 1916 1777 1974; x_wconf 83' lang='lat' dir='ltr'>vires</span> 
     </span>
     <span class='ocr_line' id='line_1_13' title="bbox 252 2013 1780 2085; baseline 0.003 -18"><span class='ocrx_word' id='word_1_60' title='bbox 252 2014 474 2082; x_wconf 83' lang='lat' dir='ltr'>agentis</span> <span class='ocrx_word' id='word_1_61' title='bbox 490 2013 852 2071; x_wconf 80' lang='lat' dir='ltr'>secundarii</span> <span class='ocrx_word' id='word_1_62' title='bbox 874 2027 1051 2085; x_wconf 89' lang='lat' dir='ltr'>posse</span> <span class='ocrx_word' id='word_1_63' title='bbox 1072 2013 1209 2084; x_wconf 89' lang='lat' dir='ltr'>ejus</span> <span class='ocrx_word' id='word_1_64' title='bbox 1231 2015 1563 2072; x_wconf 80' lang='lat' dir='ltr'>essentiam</span> <span class='ocrx_word' id='word_1_65' title='bbox 1587 2015 1780 2072; x_wconf 88' lang='lat' dir='ltr'>attin-</span> 
     </span>
     <span class='ocr_line' id='line_1_14' title="bbox 251 2110 1780 2186; baseline 0.002 -20"><span class='ocrx_word' id='word_1_66' title='bbox 251 2110 326 2182; x_wconf 85' lang='lat' dir='ltr'>gi,</span> <span class='ocrx_word' id='word_1_67' title='bbox 356 2111 536 2186; x_wconf 85' lang='lat' dir='ltr'>idque</span> <span class='ocrx_word' id='word_1_68' title='bbox 558 2113 779 2186; x_wconf 88' lang='lat' dir='ltr'>probat</span> <span class='ocrx_word' id='word_1_69' title='bbox 800 2112 904 2170; x_wconf 84' lang='lat' dir='ltr'>hie</span> <span class='ocrx_word' id='word_1_70' title='bbox 926 2114 1125 2171; x_wconf 85' lang='lat' dir='ltr'>variis</span> <span class='ocrx_word' id='word_1_71' title='bbox 1146 2113 1520 2186; x_wconf 80' lang='lat' dir='ltr'>rationibus3</span> <span class='ocrx_word' id='word_1_72' title='bbox 1544 2117 1606 2170; x_wconf 88' lang='lat' dir='ltr'>et</span> <span class='ocrx_word' id='word_1_73' title='bbox 1627 2127 1780 2186; x_wconf 88' lang='lat' dir='ltr'>sup-</span> 
     </span>
     <span class='ocr_line' id='line_1_15' title="bbox 251 2210 1776 2285; baseline -0.001 -18"><span class='ocrx_word' id='word_1_74' title='bbox 251 2211 405 2281; x_wconf 87' lang='lat' dir='ltr'>ponit</span> <span class='ocrx_word' id='word_1_75' title='bbox 455 2212 520 2268; x_wconf 91' lang='lat' dir='ltr'>in</span> <span class='ocrx_word' id='word_1_76' title='bbox 576 2213 626 2268; x_wconf 87' lang='lat'>1.</span> <span class='ocrx_word' id='word_1_77' title='bbox 661 2211 940 2269; x_wconf 87' lang='lat' dir='ltr'>Sentent.</span> <span class='ocrx_word' id='word_1_78' title='bbox 974 2210 1119 2268; x_wconf 88' lang='lat' dir='ltr'>dist.</span> <span class='ocrx_word' id='word_1_79' title='bbox 1151 2213 1242 2268; x_wconf 85' lang='grc'>27.</span> <span class='ocrx_word' id='word_1_80' title='bbox 1277 2215 1497 2285; x_wconf 81' lang='lat' dir='ltr'>quaest.</span> <span class='ocrx_word' id='word_1_81' title='bbox 1526 2213 1582 2270; x_wconf 88' lang='lat'>3.</span> <span class='ocrx_word' id='word_1_82' title='bbox 1613 2217 1669 2281; x_wconf 73' lang='lat'>§-</span> <span class='ocrx_word' id='word_1_83' title='bbox 1713 2213 1776 2267; x_wconf 80' lang='lat' dir='ltr'>Ee</span> 
     </span>
     <span class='ocr_line' id='line_1_16' title="bbox 250 2308 1780 2382; baseline 0.002 -22"><span class='ocrx_word' id='word_1_84' title='bbox 250 2309 377 2375; x_wconf 81' lang='lat' dir='ltr'>quod</span> <span class='ocrx_word' id='word_1_85' title='bbox 418 2310 665 2364; x_wconf 74' lang='lat' dir='ltr'>additur.</span> <span class='ocrx_word' id='word_1_86' title='bbox 695 2313 755 2365; x_wconf 88' lang='lat' dir='ltr'>et</span> <span class='ocrx_word' id='word_1_87' title='bbox 795 2312 860 2366; x_wconf 91' lang='lat' dir='ltr'>in</span> <span class='ocrx_word' id='word_1_88' title='bbox 889 2311 945 2365; x_wconf 84' lang='lat'>2.</span> <span class='ocrx_word' id='word_1_89' title='bbox 978 2308 1120 2369; x_wconf 86' lang='lat' dir='ltr'>dist.</span> <span class='ocrx_word' id='word_1_90' title='bbox 1159 2311 1242 2366; x_wconf 85' lang='lat'>12.</span> <span class='ocrx_word' id='word_1_91' title='bbox 1275 2314 1492 2382; x_wconf 81' lang='lat' dir='ltr'>quaest.</span> <span class='ocrx_word' id='word_1_92' title='bbox 1522 2312 1578 2366; x_wconf 93' lang='grc'>2.</span> <span class='ocrx_word' id='word_1_93' title='bbox 1608 2313 1664 2377; x_wconf 72' lang='lat'>§-</span> <span class='ocrx_word' id='word_1_94' title='bbox 1697 2309 1780 2364; x_wconf 77' lang='lat' dir='ltr'>Ad</span> 
     </span>
    </p>
   </div>
   <div class='ocr_carea' id='block_1_5' title="bbox 253 2409 1782 2978">
    <p class='ocr_par' dir='ltr' id='par_1_5' title="bbox 253 2409 1782 2978">
     <span class='ocr_line' id='line_1_17' title="bbox 253 2409 1778 2480; baseline 0.001 -19"><span class='ocrx_word' id='word_1_95' title='bbox 253 2410 454 2462; x_wconf 72' lang='lat' dir='ltr'>tertium</span> <span class='ocrx_word' id='word_1_96' title='bbox 484 2410 626 2476; x_wconf 75' lang='lat' dir='ltr'>dieo,</span> <span class='ocrx_word' id='word_1_97' title='bbox 657 2409 885 2466; x_wconf 86' lang='lat' dir='ltr'>asserit</span> <span class='ocrx_word' id='word_1_98' title='bbox 912 2423 1106 2479; x_wconf 85' lang='lat' dir='ltr'>agens</span> <span class='ocrx_word' id='word_1_99' title='bbox 1134 2413 1413 2466; x_wconf 83' lang='lat' dir='ltr'>creatum</span> <span class='ocrx_word' id='word_1_100' title='bbox 1447 2422 1568 2465; x_wconf 89' lang='lat' dir='ltr'>non</span> <span class='ocrx_word' id='word_1_101' title='bbox 1600 2421 1778 2480; x_wconf 87' lang='lat' dir='ltr'>posse</span> 
     </span>
     <span class='ocr_line' id='line_1_18' title="bbox 253 2507 1782 2582; baseline 0.002 -22"><span class='ocrx_word' id='word_1_102' title='bbox 253 2521 414 2577; x_wconf 78' lang='lat' dir='ltr'>agere</span> <span class='ocrx_word' id='word_1_103' title='bbox 469 2509 592 2566; x_wconf 90' lang='lat' dir='ltr'>nisi</span> <span class='ocrx_word' id='word_1_104' title='bbox 654 2510 720 2566; x_wconf 91' lang='lat' dir='ltr'>in</span> <span class='ocrx_word' id='word_1_105' title='bbox 779 2507 1128 2580; x_wconf 83' lang='lat' dir='ltr'>subjeetum</span> <span class='ocrx_word' id='word_1_106' title='bbox 1186 2513 1514 2582; x_wconf 84' lang='lat' dir='ltr'>quantum,</span> <span class='ocrx_word' id='word_1_107' title='bbox 1559 2510 1622 2566; x_wconf 91' lang='lat' dir='ltr'>et</span> <span class='ocrx_word' id='word_1_108' title='bbox 1665 2521 1782 2579; x_wconf 86' lang='lat' dir='ltr'>per</span> 
     </span>
     <span class='ocr_line' id='line_1_19' title="bbox 254 2606 1779 2680; baseline 0.001 -19"><span class='ocrx_word' id='word_1_109' title='bbox 254 2620 615 2680; x_wconf 75' lang='lat' dir='ltr'>consequens</span> <span class='ocrx_word' id='word_1_110' title='bbox 669 2607 1048 2680; x_wconf 82' lang='lat' dir='ltr'>simpliciter</span> <span class='ocrx_word' id='word_1_111' title='bbox 1093 2611 1156 2666; x_wconf 90' lang='lat' dir='ltr'>et</span> <span class='ocrx_word' id='word_1_112' title='bbox 1200 2606 1560 2665; x_wconf 87' lang='lat' dir='ltr'>immediate</span> <span class='ocrx_word' id='word_1_113' title='bbox 1619 2606 1779 2664; x_wconf 90' lang='lat' dir='ltr'>illud</span> 
     </span>
     <span class='ocr_line' id='line_1_20' title="bbox 256 2705 1781 2777; baseline 0.004 -18"><span class='ocrx_word' id='word_1_114' title='bbox 256 2716 356 2760; x_wconf 89' lang='lat' dir='ltr'>non</span> <span class='ocrx_word' id='word_1_115' title='bbox 383 2717 558 2776; x_wconf 77' lang='lat' dir='ltr'>posse</span> <span class='ocrx_word' id='word_1_116' title='bbox 579 2707 891 2777; x_wconf 83' lang='lat' dir='ltr'>attingere</span> <span class='ocrx_word' id='word_1_117' title='bbox 912 2705 989 2764; x_wconf 87' lang='lat' dir='ltr'>ad</span> <span class='ocrx_word' id='word_1_118' title='bbox 1013 2705 1245 2764; x_wconf 90' lang='lat' dir='ltr'>nudam</span> <span class='ocrx_word' id='word_1_119' title='bbox 1277 2707 1611 2764; x_wconf 85' lang='lat' dir='ltr'>essentiam</span> <span class='ocrx_word' id='word_1_120' title='bbox 1646 2720 1781 2765; x_wconf 88' lang='lat' dir='ltr'>ma-</span> 
     </span>
     <span class='ocr_line' id='line_1_21' title="bbox 254 2803 1780 2880; baseline 0.006 -24"><span class='ocrx_word' id='word_1_121' title='bbox 254 2803 433 2877; x_wconf 79' lang='lat' dir='ltr'>teriae3</span> <span class='ocrx_word' id='word_1_122' title='bbox 464 2805 629 2877; x_wconf 85' lang='lat' dir='ltr'>quod</span> <span class='ocrx_word' id='word_1_123' title='bbox 657 2808 848 2867; x_wconf 87' lang='lat' dir='ltr'>etiam</span> <span class='ocrx_word' id='word_1_124' title='bbox 896 2809 1127 2880; x_wconf 82' lang='lat' dir='ltr'>repetit</span> <span class='ocrx_word' id='word_1_125' title='bbox 1172 2805 1361 2879; x_wconf 84' lang='lat' dir='ltr'>paulo</span> <span class='ocrx_word' id='word_1_126' title='bbox 1399 2805 1691 2875; x_wconf 77' lang='lat' dir='ltr'>inferius,</span> <span class='ocrx_word' id='word_1_127' title='bbox 1722 2810 1780 2873; x_wconf 71' lang='lat'>§-</span> 
     </span>
     <span class='ocr_line' id='line_1_22' title="bbox 261 2904 1086 2978; baseline 0.008 -20"><span class='ocrx_word' id='word_1_128' title='bbox 261 2904 328 2958; x_wconf 75' lang='lat' dir='ltr'>Aa</span> <span class='ocrx_word' id='word_1_129' title='bbox 350 2906 528 2972; x_wconf 80' lang='lat' dir='ltr'>aliud,</span> <span class='ocrx_word' id='word_1_130' title='bbox 558 2908 704 2975; x_wconf 79' lang='lat' dir='ltr'>quod</span> <span class='ocrx_word' id='word_1_131' title='bbox 729 2909 840 2978; x_wconf 77' lang='lat' dir='ltr'>ipsi</span> <span class='ocrx_word' id='word_1_132' title='bbox 866 2908 1086 2965; x_wconf 77' lang='lat' dir='ltr'>dicunt.</span> 
     </span>
    </p>
   </div>
   <div class='ocr_carea' id='block_1_6' title="bbox 260 3083 1781 4241">
    <p class='ocr_par' dir='ltr' id='par_1_6' title="bbox 260 3083 1781 4241">
     <span class='ocr_line' id='line_1_23' title="bbox 332 3083 1780 3179; baseline 0.001 -22"><span class='ocrx_word' id='word_1_133' title='bbox 332 3086 768 3161; x_wconf 84' lang='lat' dir='ltr'>Secundum</span> <span class='ocrx_word' id='word_1_134' title='bbox 820 3086 1178 3174; x_wconf 87' lang='lat' dir='ltr'>ostendo,</span> <span class='ocrx_word' id='word_1_135' title='bbox 1244 3087 1451 3179; x_wconf 91' lang='lat' dir='ltr'>quod</span> <span class='ocrx_word' id='word_1_136' title='bbox 1509 3083 1780 3177; x_wconf 90' lang='lat' dir='ltr'>hujus-</span> 
     </span>
     <span class='ocr_line' id='line_1_24' title="bbox 261 3203 1781 3295; baseline 0.003 -23"><span class='ocrx_word' id='word_1_137' title='bbox 261 3203 442 3277; x_wconf 89' lang='lat' dir='ltr'>modi</span> <span class='ocrx_word' id='word_1_138' title='bbox 498 3206 849 3279; x_wconf 88' lang='lat' dir='ltr'>materia</span> <span class='ocrx_word' id='word_1_139' title='bbox 906 3206 1129 3277; x_wconf 90' lang='lat' dir='ltr'>nulla</span> <span class='ocrx_word' id='word_1_140' title='bbox 1190 3203 1458 3276; x_wconf 88' lang='lat' dir='ltr'>forma</span> <span class='ocrx_word' id='word_1_141' title='bbox 1510 3206 1781 3295; x_wconf 87' lang='lat' dir='ltr'>potest</span> 
     </span>
     <span class='ocr_line' id='line_1_25' title="bbox 261 3315 1773 3413; baseline 0.002 -25"><span class='ocrx_word' id='word_1_142' title='bbox 261 3315 694 3403; x_wconf 88' lang='lat' dir='ltr'>informari,</span> <span class='ocrx_word' id='word_1_143' title='bbox 747 3321 907 3394; x_wconf 90' lang='lat' dir='ltr'>nisi</span> <span class='ocrx_word' id='word_1_144' title='bbox 965 3320 1063 3392; x_wconf 89' lang='lat' dir='ltr'>ab</span> <span class='ocrx_word' id='word_1_145' title='bbox 1121 3324 1411 3412; x_wconf 87' lang='lat' dir='ltr'>agente</span> <span class='ocrx_word' id='word_1_146' title='bbox 1478 3318 1773 3413; x_wconf 90' lang='lat' dir='ltr'>primo,</span> 
     </span>
     <span class='ocr_line' id='line_1_26' title="bbox 262 3438 1773 3533; baseline 0.003 -26"><span class='ocrx_word' id='word_1_147' title='bbox 262 3438 527 3528; x_wconf 88' lang='lat' dir='ltr'>quiest</span> <span class='ocrx_word' id='word_1_148' title='bbox 565 3443 805 3514; x_wconf 92' lang='lat' dir='ltr'>Deus.</span> <span class='ocrx_word' id='word_1_149' title='bbox 854 3444 954 3514; x_wconf 85' lang='lat' dir='ltr'>Et</span> <span class='ocrx_word' id='word_1_150' title='bbox 1004 3440 1156 3513; x_wconf 87' lang='lat' dir='ltr'>hoo</span> <span class='ocrx_word' id='word_1_151' title='bbox 1213 3444 1435 3533; x_wconf 88' lang='lat' dir='ltr'>patet</span> <span class='ocrx_word' id='word_1_152' title='bbox 1477 3439 1773 3532; x_wconf 91' lang='lat' dir='ltr'>primo,</span> 
     </span>
     <span class='ocr_line' id='line_1_27' title="bbox 260 3554 1778 3650; baseline 0.001 -25"><span class='ocrx_word' id='word_1_153' title='bbox 260 3554 421 3644; x_wconf 84' lang='lat' dir='ltr'>quia</span> <span class='ocrx_word' id='word_1_154' title='bbox 470 3557 837 3631; x_wconf 83' lang='lat' dir='ltr'>videmus</span> <span class='ocrx_word' id='word_1_155' title='bbox 893 3557 1101 3650; x_wconf 90' lang='lat' dir='ltr'>quod</span> <span class='ocrx_word' id='word_1_156' title='bbox 1162 3556 1599 3629; x_wconf 88' lang='lat' dir='ltr'>seeundum</span> <span class='ocrx_word' id='word_1_157' title='bbox 1657 3556 1778 3627; x_wconf 92' lang='lat' dir='ltr'>de-</span> 
     </span>
     <span class='ocr_line' id='line_1_28' title="bbox 260 3673 1777 3768; baseline 0.001 -27"><span class='ocrx_word' id='word_1_158' title='bbox 260 3673 894 3751; x_wconf 80' lang='lat' dir='ltr'>terminationem</span> <span class='ocrx_word' id='word_1_159' title='bbox 936 3674 1457 3768; x_wconf 85' lang='lat' dir='ltr'>passivorum</span> <span class='ocrx_word' id='word_1_160' title='bbox 1490 3678 1614 3746; x_wconf 91' lang='lat' dir='ltr'>est</span> <span class='ocrx_word' id='word_1_161' title='bbox 1655 3673 1777 3743; x_wconf 88' lang='lat' dir='ltr'>de-</span> 
     </span>
     <span class='ocr_line' id='line_1_29' title="bbox 260 3789 1779 3883; baseline 0.001 -25"><span class='ocrx_word' id='word_1_162' title='bbox 260 3792 703 3868; x_wconf 81' lang='lat' dir='ltr'>terminatio</span> <span class='ocrx_word' id='word_1_163' title='bbox 746 3792 1246 3872; x_wconf 83' lang='lat' dir='ltr'>aetivorum;</span> <span class='ocrx_word' id='word_1_164' title='bbox 1296 3794 1386 3865; x_wconf 93' lang='lat' dir='ltr'>ut</span> <span class='ocrx_word' id='word_1_165' title='bbox 1428 3793 1653 3883; x_wconf 90' lang='lat' dir='ltr'>patet</span> <span class='ocrx_word' id='word_1_166' title='bbox 1700 3789 1779 3859; x_wconf 92' lang='lat' dir='ltr'>in</span> 
     </span>
     <span class='ocr_line' id='line_1_30' title="bbox 263 3905 1773 3998; baseline -0.001 -20"><span class='ocrx_word' id='word_1_167' title='bbox 263 3909 643 3995; x_wconf 82' lang='lat' dir='ltr'>potentiis,</span> <span class='ocrx_word' id='word_1_168' title='bbox 679 3914 758 3984; x_wconf 92' lang='lat' dir='ltr'>et</span> <span class='ocrx_word' id='word_1_169' title='bbox 792 3908 1359 3984; x_wconf 80' lang='lat' dir='ltr'>determinatis</span> <span class='ocrx_word' id='word_1_170' title='bbox 1409 3905 1773 3998; x_wconf 80' lang='lat' dir='ltr'>objectis,</span> 
     </span>
     <span class='ocr_line' id='line_1_31' title="bbox 264 4023 1778 4118; baseline 0.001 -26"><span class='ocrx_word' id='word_1_171' title='bbox 264 4026 336 4094; x_wconf 90' lang='lat' dir='ltr'>ut</span> <span class='ocrx_word' id='word_1_172' title='bbox 371 4023 571 4117; x_wconf 87' lang='lat' dir='ltr'>ignis</span> <span class='ocrx_word' id='word_1_173' title='bbox 604 4026 984 4102; x_wconf 84' lang='lat' dir='ltr'>ealefacit</span> <span class='ocrx_word' id='word_1_174' title='bbox 1024 4027 1361 4118; x_wconf 89' lang='lat' dir='ltr'>lignum,</span> <span class='ocrx_word' id='word_1_175' title='bbox 1409 4044 1569 4096; x_wconf 95' lang='lat' dir='ltr'>non</span> <span class='ocrx_word' id='word_1_176' title='bbox 1603 4043 1778 4096; x_wconf 88' lang='lat' dir='ltr'>cor·</span> 
     </span>
     <span class='ocr_line' id='line_1_32' title="bbox 266 4142 1781 4241; baseline -0.001 -26"><span class='ocrx_word' id='word_1_177' title='bbox 266 4160 440 4233; x_wconf 87' lang='lat' dir='ltr'>pora</span> <span class='ocrx_word' id='word_1_178' title='bbox 467 4150 853 4233; x_wconf 86' lang='lat' dir='ltr'>eoelestia,</span> <span class='ocrx_word' id='word_1_179' title='bbox 897 4152 978 4222; x_wconf 90' lang='lat' dir='ltr'>et</span> <span class='ocrx_word' id='word_1_180' title='bbox 1018 4166 1376 4241; x_wconf 88' lang='lat' dir='ltr'>eorpora</span> <span class='ocrx_word' id='word_1_181' title='bbox 1417 4142 1781 4219; x_wconf 87' lang='lat' dir='ltr'>eoelestia</span> 
     </span>
    </p>
   </div>
   <div class='ocr_carea' id='block_1_7' title="bbox 269 4259 1791 5645">
    <p class='ocr_par' dir='ltr' id='par_1_7' title="bbox 269 4259 1790 5510">
     <span class='ocr_line' id='line_1_33' title="bbox 269 4259 1780 4353; baseline 0 -23"><span class='ocrx_word' id='word_1_182' title='bbox 269 4259 592 4340; x_wconf 89' lang='lat' dir='ltr'>alterant</span> <span class='ocrx_word' id='word_1_183' title='bbox 650 4271 731 4341; x_wconf 90' lang='lat' dir='ltr'>et</span> <span class='ocrx_word' id='word_1_184' title='bbox 799 4267 1360 4340; x_wconf 85' lang='lat' dir='ltr'>transmutant</span> <span class='ocrx_word' id='word_1_185' title='bbox 1422 4278 1780 4353; x_wconf 83' lang='lat' dir='ltr'>corpora</span> 
     </span>
     <span class='ocr_line' id='line_1_34' title="bbox 270 4373 1773 4474; baseline 0 -31"><span class='ocrx_word' id='word_1_186' title='bbox 270 4380 835 4474; x_wconf 82' lang='lat' dir='ltr'>corruptibilia,</span> <span class='ocrx_word' id='word_1_187' title='bbox 871 4399 1033 4452; x_wconf 93' lang='lat' dir='ltr'>non</span> <span class='ocrx_word' id='word_1_188' title='bbox 1074 4382 1349 4452; x_wconf 90' lang='lat' dir='ltr'>autem</span> <span class='ocrx_word' id='word_1_189' title='bbox 1393 4373 1773 4466; x_wconf 77' lang='lat' dir='ltr'>Angelos,</span> 
     </span>
     <span class='ocr_line' id='line_1_35' title="bbox 271 4493 1781 4587; baseline 0.004 -25"><span class='ocrx_word' id='word_1_190' title='bbox 271 4496 385 4566; x_wconf 81' lang='lat' dir='ltr'>aut</span> <span class='ocrx_word' id='word_1_191' title='bbox 422 4497 908 4571; x_wconf 87' lang='lat' dir='ltr'>rationalem</span> <span class='ocrx_word' id='word_1_192' title='bbox 968 4496 1351 4577; x_wconf 88' lang='lat' dir='ltr'>animam,</span> <span class='ocrx_word' id='word_1_193' title='bbox 1415 4493 1575 4566; x_wconf 89' lang='lat' dir='ltr'>nisi</span> <span class='ocrx_word' id='word_1_194' title='bbox 1638 4515 1781 4587; x_wconf 86' lang='lat' dir='ltr'>per</span> 
     </span>
     <span class='ocr_line' id='line_1_36' title="bbox 273 4609 1774 4702; baseline 0.002 -25"><span class='ocrx_word' id='word_1_195' title='bbox 273 4609 635 4694; x_wconf 78' lang='lat' dir='ltr'>accidens,</span> <span class='ocrx_word' id='word_1_196' title='bbox 725 4617 805 4687; x_wconf 91' lang='lat' dir='ltr'>et</span> <span class='ocrx_word' id='word_1_197' title='bbox 893 4612 1294 4685; x_wconf 88' lang='lat' dir='ltr'>mediante</span> <span class='ocrx_word' id='word_1_198' title='bbox 1380 4628 1774 4702; x_wconf 87' lang='lat' dir='ltr'>eorpore;</span> 
     </span>
     <span class='ocr_line' id='line_1_37' title="bbox 271 4725 1781 4821; baseline -0.001 -23"><span class='ocrx_word' id='word_1_199' title='bbox 271 4740 436 4815; x_wconf 77' lang='lat' dir='ltr'>ergo</span> <span class='ocrx_word' id='word_1_200' title='bbox 501 4751 685 4802; x_wconf 88' lang='lat' dir='ltr'>eum</span> <span class='ocrx_word' id='word_1_201' title='bbox 764 4729 1114 4803; x_wconf 87' lang='lat' dir='ltr'>materia</span> <span class='ocrx_word' id='word_1_202' title='bbox 1183 4727 1453 4821; x_wconf 89' lang='lat' dir='ltr'>primo</span> <span class='ocrx_word' id='word_1_203' title='bbox 1514 4725 1781 4819; x_wconf 90' lang='lat' dir='ltr'>prima</span> 
     </span>
     <span class='ocr_line' id='line_1_38' title="bbox 273 4838 1782 4942; baseline 0.001 -28"><span class='ocrx_word' id='word_1_204' title='bbox 273 4838 358 4914; x_wconf 79' lang='lat' dir='ltr'>sit</span> <span class='ocrx_word' id='word_1_205' title='bbox 408 4849 725 4923; x_wconf 91' lang='lat' dir='ltr'>omnino</span> <span class='ocrx_word' id='word_1_206' title='bbox 785 4850 1079 4942; x_wconf 91' lang='lat' dir='ltr'>prima,</span> <span class='ocrx_word' id='word_1_207' title='bbox 1147 4848 1256 4921; x_wconf 90' lang='lat' dir='ltr'>sit</span> <span class='ocrx_word' id='word_1_208' title='bbox 1306 4845 1556 4920; x_wconf 86' lang='lat' dir='ltr'>etiam</span> <span class='ocrx_word' id='word_1_209' title='bbox 1619 4865 1782 4916; x_wconf 92' lang='lat' dir='ltr'>om-</span> 
     </span>
     <span class='ocr_line' id='line_1_39' title="bbox 273 4958 1782 5056; baseline 0.004 -29"><span class='ocrx_word' id='word_1_210' title='bbox 273 4958 428 5035; x_wconf 89' lang='lat' dir='ltr'>nino</span> <span class='ocrx_word' id='word_1_211' title='bbox 513 4966 1173 5048; x_wconf 87' lang='lat' dir='ltr'>indeterminata,</span> <span class='ocrx_word' id='word_1_212' title='bbox 1276 4962 1782 5056; x_wconf 89' lang='lat' dir='ltr'>impossibile</span> 
     </span>
     <span class='ocr_line' id='line_1_40' title="bbox 277 5080 1783 5178; baseline 0.002 -29"><span class='ocrx_word' id='word_1_213' title='bbox 277 5084 399 5160; x_wconf 76' lang='lat' dir='ltr'>est,</span> <span class='ocrx_word' id='word_1_214' title='bbox 454 5086 652 5175; x_wconf 90' lang='lat' dir='ltr'>quod</span> <span class='ocrx_word' id='word_1_215' title='bbox 714 5085 1194 5178; x_wconf 89' lang='lat' dir='ltr'>inquantum</span> <span class='ocrx_word' id='word_1_216' title='bbox 1265 5081 1458 5155; x_wconf 89' lang='lat' dir='ltr'>talis</span> <span class='ocrx_word' id='word_1_217' title='bbox 1528 5080 1783 5175; x_wconf 90' lang='lat' dir='ltr'>patia-</span> 
     </span>
     <span class='ocr_line' id='line_1_41' title="bbox 282 5193 1789 5291; baseline 0.003 -26"><span class='ocrx_word' id='word_1_218' title='bbox 282 5193 411 5277; x_wconf 84' lang='lat' dir='ltr'>tur,</span> <span class='ocrx_word' id='word_1_219' title='bbox 470 5202 593 5273; x_wconf 82' lang='lat' dir='ltr'>vel</span> <span class='ocrx_word' id='word_1_220' title='bbox 661 5206 1063 5284; x_wconf 89' lang='lat' dir='ltr'>mutetur,</span> <span class='ocrx_word' id='word_1_221' title='bbox 1152 5198 1312 5271; x_wconf 90' lang='lat' dir='ltr'>nisi</span> <span class='ocrx_word' id='word_1_222' title='bbox 1391 5218 1438 5270; x_wconf 91' lang='lat' dir='ltr'>a</span> <span class='ocrx_word' id='word_1_223' title='bbox 1516 5198 1789 5291; x_wconf 90' lang='lat' dir='ltr'>primo</span> 
     </span>
     <span class='ocr_line' id='line_1_42' title="bbox 283 5314 1790 5413; baseline -0.009 -14"><span class='ocrx_word' id='word_1_224' title='bbox 283 5319 552 5398; x_wconf 55' lang='lat' dir='ltr'>agente,</span> <span class='ocrx_word' id='word_1_225' title='bbox 598 5319 828 5413; x_wconf 78' lang='lat' dir='ltr'>euJus</span> <span class='ocrx_word' id='word_1_226' title='bbox 873 5318 1138 5391; x_wconf 90' lang='lat' dir='ltr'>solum</span> <span class='ocrx_word' id='word_1_227' title='bbox 1184 5315 1549 5409; x_wconf 90' lang='lat' dir='ltr'>potentia</span> <span class='ocrx_word' id='word_1_228' title='bbox 1592 5314 1790 5389; x_wconf 88' lang='lat' dir='ltr'>aeti-</span> 
     </span>
     <span class='ocr_line' id='line_1_43' title="bbox 284 5432 1781 5510; baseline 0.005 -14"><span class='ocrx_word' id='word_1_229' title='bbox 284 5441 363 5496; x_wconf 81' lang='lat' dir='ltr'>va</span> <span class='ocrx_word' id='word_1_230' title='bbox 387 5437 499 5505; x_wconf 90' lang='lat' dir='ltr'>est</span> <span class='ocrx_word' id='word_1_231' title='bbox 532 5434 1158 5510; x_wconf 86' lang='lat' dir='ltr'>indeterminata</span> <span class='ocrx_word' id='word_1_232' title='bbox 1199 5438 1279 5507; x_wconf 89' lang='lat' dir='ltr'>et</span> <span class='ocrx_word' id='word_1_233' title='bbox 1332 5432 1781 5506; x_wconf 89' lang='lat' dir='ltr'>illimitata.</span> 
     </span>
    </p>

    <p class='ocr_par' dir='ltr' id='par_1_8' title="bbox 358 5544 1791 5645">
     <span class='ocr_line' id='line_1_44' title="bbox 358 5544 1791 5645; baseline 0.003 -29"><span class='ocrx_word' id='word_1_234' title='bbox 358 5544 563 5634; x_wconf 85' lang='lat' dir='ltr'>Item,</span> <span class='ocrx_word' id='word_1_235' title='bbox 609 5574 841 5626; x_wconf 89' lang='lat' dir='ltr'>omne</span> <span class='ocrx_word' id='word_1_236' title='bbox 892 5571 1142 5645; x_wconf 87' lang='lat' dir='ltr'>agens</span> <span class='ocrx_word' id='word_1_237' title='bbox 1187 5555 1559 5624; x_wconf 81' lang='lat' dir='ltr'>creatum</span> <span class='ocrx_word' id='word_1_238' title='bbox 1614 5548 1791 5640; x_wconf 88' lang='lat' dir='ltr'>agit</span> 
     </span>
    </p>
   </div>
   <div class='ocr_carea' id='block_1_8' title="bbox 3327 482 3445 545">
    <p class='ocr_par' dir='ltr' id='par_1_9' title="bbox 3327 482 3445 545">
     <span class='ocr_line' id='line_1_45' title="bbox 3327 482 3445 545; baseline 0 0"><span class='ocrx_word' id='word_1_239' title='bbox 3327 482 3445 545; x_wconf 80' lang='lat'>387</span> 
     </span>
    </p>
   </div>
   <div class='ocr_carea' id='block_1_9' title="bbox 1894 639 3442 722">
    <p class='ocr_par' dir='ltr' id='par_1_10' title="bbox 1894 639 3442 722">
     <span class='ocr_line' id='line_1_46' title="bbox 1894 639 3442 722; baseline 0.001 -8"><span class='ocrx_word' id='word_1_240' title='bbox 1894 641 2109 714; x_wconf 89' lang='lat' dir='ltr'>enim</span> <span class='ocrx_word' id='word_1_241' title='bbox 2145 641 2226 713; x_wconf 90' lang='lat' dir='ltr'>in</span> <span class='ocrx_word' id='word_1_242' title='bbox 2260 642 2624 722; x_wconf 89' lang='lat' dir='ltr'>instanti,</span> <span class='ocrx_word' id='word_1_243' title='bbox 2661 641 2998 716; x_wconf 90' lang='lat' dir='ltr'>virtutis</span> <span class='ocrx_word' id='word_1_244' title='bbox 3030 639 3154 715; x_wconf 85' lang='lat' dir='ltr'>est</span> <span class='ocrx_word' id='word_1_245' title='bbox 3188 641 3442 715; x_wconf 86' lang='lat' dir='ltr'>infini-</span> 
     </span>
    </p>
   </div>
   <div class='ocr_carea' id='block_1_10' title="bbox 1895 758 3748 903">
    <p class='ocr_par' dir='ltr' id='par_1_11' title="bbox 1895 758 3748 903">
     <span class='ocr_line' id='line_1_47' title="bbox 1895 758 3748 903; baseline 0.001 -70"><span class='ocrx_word' id='word_1_246' title='bbox 1895 765 2023 843; x_wconf 85' lang='lat' dir='ltr'>tae,</span> <span class='ocrx_word' id='word_1_247' title='bbox 2091 761 2527 834; x_wconf 88' lang='lat' dir='ltr'>seeundum</span> <span class='ocrx_word' id='word_1_248' title='bbox 2587 758 3203 852; x_wconf 80' lang='lat' dir='ltr'>Philosophum3</span> <span class='ocrx_word' id='word_1_249' title='bbox 3280 781 3440 832; x_wconf 92' lang='lat' dir='ltr'>mo·</span> <span class='ocrx_word' id='word_1_250' title='bbox 3493 788 3748 903; x_wconf 54' lang='lat' dir='ltr'>tffgtp¹÷³3⁸·</span> 
     </span>
    </p>
   </div>
   <div class='ocr_carea' id='block_1_11' title="bbox 1886 877 3546 5629">
    <p class='ocr_par' dir='ltr' id='par_1_12' title="bbox 1886 877 3444 1886">
     <span class='ocr_line' id='line_1_48' title="bbox 1886 877 3440 959; baseline -0.002 -8"><span class='ocrx_word' id='word_1_251' title='bbox 1886 879 2026 951; x_wconf 83' lang='lat' dir='ltr'>‘tus</span> <span class='ocrx_word' id='word_1_252' title='bbox 2082 883 2355 952; x_wconf 88' lang='lat' dir='ltr'>autem</span> <span class='ocrx_word' id='word_1_253' title='bbox 2416 898 2598 950; x_wconf 89' lang='lat' dir='ltr'>eum</span> <span class='ocrx_word' id='word_1_254' title='bbox 2659 878 2765 951; x_wconf 91' lang='lat' dir='ltr'>sit</span> <span class='ocrx_word' id='word_1_255' title='bbox 2823 877 3216 959; x_wconf 88' lang='lat' dir='ltr'>aeeidens,</span> <span class='ocrx_word' id='word_1_256' title='bbox 3279 898 3440 949; x_wconf 93' lang='lat' dir='ltr'>non</span> 
     </span>
     <span class='ocr_line' id='line_1_49' title="bbox 1894 992 3441 1087; baseline -0.001 -22"><span class='ocrx_word' id='word_1_257' title='bbox 1894 998 2166 1086; x_wconf 88' lang='lat' dir='ltr'>potest</span> <span class='ocrx_word' id='word_1_258' title='bbox 2236 994 2516 1087; x_wconf 82' lang='lat' dir='ltr'>recipi,</span> <span class='ocrx_word' id='word_1_259' title='bbox 2590 997 2676 1067; x_wconf 90' lang='lat' dir='ltr'>ut</span> <span class='ocrx_word' id='word_1_260' title='bbox 2749 993 2825 1065; x_wconf 91' lang='lat' dir='ltr'>in</span> <span class='ocrx_word' id='word_1_261' title='bbox 2896 992 3285 1087; x_wconf 78' lang='lat' dir='ltr'>subjecto,</span> <span class='ocrx_word' id='word_1_262' title='bbox 3360 993 3441 1065; x_wconf 94' lang='lat' dir='ltr'>in</span> 
     </span>
     <span class='ocr_line' id='line_1_50' title="bbox 1895 1110 3440 1204; baseline 0.001 -21"><span class='ocrx_word' id='word_1_263' title='bbox 1895 1111 2245 1185; x_wconf 89' lang='lat' dir='ltr'>materia</span> <span class='ocrx_word' id='word_1_264' title='bbox 2281 1111 2545 1204; x_wconf 90' lang='lat' dir='ltr'>primo</span> <span class='ocrx_word' id='word_1_265' title='bbox 2588 1110 2880 1203; x_wconf 88' lang='lat' dir='ltr'>prima,</span> <span class='ocrx_word' id='word_1_266' title='bbox 2946 1110 3135 1202; x_wconf 89' lang='lat' dir='ltr'>quia</span> <span class='ocrx_word' id='word_1_267' title='bbox 3177 1115 3440 1202; x_wconf 89' lang='lat' dir='ltr'>poste-</span> 
     </span>
     <span class='ocr_line' id='line_1_51' title="bbox 1893 1226 3439 1321; baseline 0.001 -24"><span class='ocrx_word' id='word_1_268' title='bbox 1893 1226 2068 1300; x_wconf 89' lang='lat' dir='ltr'>rius</span> <span class='ocrx_word' id='word_1_269' title='bbox 2112 1227 2496 1321; x_wconf 89' lang='lat' dir='ltr'>supponit</span> <span class='ocrx_word' id='word_1_270' title='bbox 2539 1227 2802 1321; x_wconf 89' lang='lat' dir='ltr'>prius;</span> <span class='ocrx_word' id='word_1_271' title='bbox 2862 1226 3129 1319; x_wconf 88' lang='lat' dir='ltr'>prima</span> <span class='ocrx_word' id='word_1_272' title='bbox 3168 1231 3439 1301; x_wconf 89' lang='lat' dir='ltr'>autem</span> 
     </span>
     <span class='ocr_line' id='line_1_52' title="bbox 1893 1343 3441 1438; baseline -0.001 -20"><span class='ocrx_word' id='word_1_273' title='bbox 1893 1346 2262 1437; x_wconf 89' lang='lat' dir='ltr'>potentia</span> <span class='ocrx_word' id='word_1_274' title='bbox 2295 1345 2534 1438; x_wconf 88' lang='lat' dir='ltr'>hujus</span> <span class='ocrx_word' id='word_1_275' title='bbox 2569 1343 2936 1419; x_wconf 60' lang='lat' dir='ltr'>materia}</span> <span class='ocrx_word' id='word_1_276' title='bbox 2968 1347 3094 1418; x_wconf 87' lang='lat' dir='ltr'>est</span> <span class='ocrx_word' id='word_1_277' title='bbox 3129 1364 3441 1437; x_wconf 89' lang='lat' dir='ltr'>respee-</span> 
     </span>
     <span class='ocr_line' id='line_1_53' title="bbox 1891 1461 3444 1549; baseline -0.005 -13"><span class='ocrx_word' id='word_1_278' title='bbox 1891 1466 1978 1536; x_wconf 94' lang='lat' dir='ltr'>tu</span> <span class='ocrx_word' id='word_1_279' title='bbox 2030 1462 2595 1538; x_wconf 87' lang='lat' dir='ltr'>substantialis</span> <span class='ocrx_word' id='word_1_280' title='bbox 2637 1461 2950 1542; x_wconf 80' lang='lat' dir='ltr'>formae,</span> <span class='ocrx_word' id='word_1_281' title='bbox 3006 1465 3085 1535; x_wconf 90' lang='lat' dir='ltr'>et</span> <span class='ocrx_word' id='word_1_282' title='bbox 3147 1464 3211 1533; x_wconf 90' lang='lat'>1.</span> <span class='ocrx_word' id='word_1_283' title='bbox 3257 1464 3444 1549; x_wconf 76' lang='lat' dir='ltr'><strong><em>Phy-</em></strong></span> 
     </span>
     <span class='ocr_line' id='line_1_54' title="bbox 1889 1581 3443 1670; baseline 0 -24"><span class='ocrx_word' id='word_1_284' title='bbox 1889 1583 2008 1647; x_wconf 79' lang='lat' dir='ltr'>sic.</span> <span class='ocrx_word' id='word_1_285' title='bbox 2046 1593 2215 1649; x_wconf 72' lang='lat' dir='ltr'>text.</span> <span class='ocrx_word' id='word_1_286' title='bbox 2258 1584 2376 1654; x_wconf 84' lang='lat'>30.</span> <span class='ocrx_word' id='word_1_287' title='bbox 2438 1582 2746 1670; x_wconf 76' lang='lat' dir='ltr'>Subjecta</span> <span class='ocrx_word' id='word_1_288' title='bbox 2790 1581 3076 1648; x_wconf 79' lang='lat' dir='ltr'>materia</span> <span class='ocrx_word' id='word_1_289' title='bbox 3115 1601 3260 1647; x_wconf 81' lang='lat' dir='ltr'>cum</span> <span class='ocrx_word' id='word_1_290' title='bbox 3299 1583 3443 1666; x_wconf 82' lang='lat' dir='ltr'>sor-</span> 
     </span>
     <span class='ocr_line' id='line_1_55' title="bbox 1890 1699 3434 1788; baseline 0.003 -25"><span class='ocrx_word' id='word_1_291' title='bbox 1890 1719 1998 1763; x_wconf 83' lang='lat' dir='ltr'>ma</span> <span class='ocrx_word' id='word_1_292' title='bbox 2054 1712 2149 1765; x_wconf 79' lang='lat' dir='ltr'>est</span> <span class='ocrx_word' id='word_1_293' title='bbox 2205 1721 2402 1767; x_wconf 78' lang='lat' dir='ltr'>causa</span> <span class='ocrx_word' id='word_1_294' title='bbox 2450 1700 2751 1766; x_wconf 78' lang='lat' dir='ltr'>omniu-m</span> <span class='ocrx_word' id='word_1_295' title='bbox 2807 1699 3102 1764; x_wconf 78' lang='lat' dir='ltr'>aliorum</span> <span class='ocrx_word' id='word_1_296' title='bbox 3145 1722 3164 1781; x_wconf 88' lang='lat'>,·</span> <span class='ocrx_word' id='word_1_297' title='bbox 3208 1712 3434 1788; x_wconf 51' lang='lat' dir='ltr'>erge,</span> 
     </span>
     <span class='ocr_line' id='line_1_56' title="bbox 1886 1813 2042 1886; baseline 0 -2"><span class='ocrx_word' id='word_1_298' title='bbox 1886 1813 2042 1886; x_wconf 88' lang='lat' dir='ltr'>ete.</span> 
     </span>
    </p>

    <p class='ocr_par' dir='ltr' id='par_1_13' title="bbox 1890 1926 3546 3182">
     <span class='ocr_line' id='line_1_57' title="bbox 2002 1926 3438 2021; baseline -0.001 -21"><span class='ocrx_word' id='word_1_299' title='bbox 2002 1929 2242 2011; x_wconf 84' lang='lat' dir='ltr'>Item,</span> <span class='ocrx_word' id='word_1_300' title='bbox 2345 1948 2593 2018; x_wconf 86' lang='lat' dir='ltr'>agens</span> <span class='ocrx_word' id='word_1_301' title='bbox 2680 1933 2759 2002; x_wconf 88' lang='lat' dir='ltr'>et</span> <span class='ocrx_word' id='word_1_302' title='bbox 2848 1926 3163 2021; x_wconf 86' lang='lat' dir='ltr'>patiens</span> <span class='ocrx_word' id='word_1_303' title='bbox 3249 1929 3438 1998; x_wconf 90' lang='lat' dir='ltr'>sunt</span> 
     </span>
     <span class='ocr_line' id='line_1_58' title="bbox 1890 2042 3435 2136; baseline -0.003 -20"><span class='ocrx_word' id='word_1_304' title='bbox 1890 2045 2228 2136; x_wconf 75' lang='lat' dir='ltr'>aequalis</span> <span class='ocrx_word' id='word_1_305' title='bbox 2289 2045 2675 2125; x_wconf 88' lang='lat' dir='ltr'>ambitus;</span> <span class='ocrx_word' id='word_1_306' title='bbox 2749 2043 2950 2117; x_wconf 82' lang='lat' dir='ltr'>nihil</span> <span class='ocrx_word' id='word_1_307' title='bbox 3019 2042 3234 2115; x_wconf 90' lang='lat' dir='ltr'>enim</span> <span class='ocrx_word' id='word_1_308' title='bbox 3305 2061 3435 2134; x_wconf 90' lang='lat' dir='ltr'>po-</span> 
     </span>
     <span class='ocr_line' id='line_1_59' title="bbox 1892 2158 3436 2254; baseline -0.005 -18"><span class='ocrx_word' id='word_1_309' title='bbox 1892 2165 2052 2236; x_wconf 87' lang='lat' dir='ltr'>test</span> <span class='ocrx_word' id='word_1_310' title='bbox 2083 2163 2174 2234; x_wconf 80' lang='lat' dir='ltr'>(le</span> <span class='ocrx_word' id='word_1_311' title='bbox 2207 2162 2579 2244; x_wconf 87' lang='lat' dir='ltr'>materia,</span> <span class='ocrx_word' id='word_1_312' title='bbox 2617 2183 2792 2254; x_wconf 81' lang='lat' dir='ltr'>quae</span> <span class='ocrx_word' id='word_1_313' title='bbox 2826 2164 2950 2234; x_wconf 86' lang='lat' dir='ltr'>est</span> <span class='ocrx_word' id='word_1_314' title='bbox 2985 2158 3436 2251; x_wconf 87' lang='lat' dir='ltr'>subjeetum</span> 
     </span>
     <span class='ocr_line' id='line_1_60' title="bbox 1892 2273 3437 2370; baseline -0.004 -18"><span class='ocrx_word' id='word_1_315' title='bbox 1892 2278 2484 2370; x_wconf 80' lang='lat' dir='ltr'>generationis,</span> <span class='ocrx_word' id='word_1_316' title='bbox 2569 2279 2950 2370; x_wconf 88' lang='lat' dir='ltr'>generari</span> <span class='ocrx_word' id='word_1_317' title='bbox 3034 2273 3437 2350; x_wconf 89' lang='lat' dir='ltr'>naturali-</span> 
     </span>
     <span class='ocr_line' id='line_1_61' title="bbox 1893 2392 3546 2489; baseline -0.006 -18"><span class='ocrx_word' id='word_1_318' title='bbox 1893 2400 2043 2480; x_wconf 89' lang='lat' dir='ltr'>ter,</span> <span class='ocrx_word' id='word_1_319' title='bbox 2093 2399 2300 2489; x_wconf 88' lang='lat' dir='ltr'>quod</span> <span class='ocrx_word' id='word_1_320' title='bbox 2361 2398 2491 2471; x_wconf 81' lang='lat' dir='ltr'>Sol</span> <span class='ocrx_word' id='word_1_321' title='bbox 2545 2401 2625 2472; x_wconf 84' lang='lat' dir='ltr'>et</span> <span class='ocrx_word' id='word_1_322' title='bbox 2685 2397 2847 2468; x_wconf 84' lang='lat' dir='ltr'>alia</span> <span class='ocrx_word' id='word_1_323' title='bbox 2890 2392 3218 2485; x_wconf 79' lang='lat' dir='ltr'>agentia</span> <span class='ocrx_word' id='word_1_324' title='bbox 3277 2409 3437 2464; x_wconf 93' lang='lat' dir='ltr'>non</span> <span class='ocrx_word' id='word_1_325' title='bbox 3541 2417 3546 2424; x_wconf 91' lang='lat'><strong>·</strong></span> 
     </span>
     <span class='ocr_line' id='line_1_62' title="bbox 1893 2512 3439 2607; baseline -0.005 -21"><span class='ocrx_word' id='word_1_326' title='bbox 1893 2513 2212 2607; x_wconf 88' lang='lat' dir='ltr'>possint</span> <span class='ocrx_word' id='word_1_327' title='bbox 2254 2535 2351 2585; x_wconf 81' lang='lat' dir='ltr'>ex</span> <span class='ocrx_word' id='word_1_328' title='bbox 2393 2535 2484 2585; x_wconf 88' lang='lat' dir='ltr'>ea</span> <span class='ocrx_word' id='word_1_329' title='bbox 2529 2512 2794 2586; x_wconf 86' lang='lat' dir='ltr'>aetive</span> <span class='ocrx_word' id='word_1_330' title='bbox 2845 2530 3273 2605; x_wconf 81' lang='lat' dir='ltr'>generare3</span> <span class='ocrx_word' id='word_1_331' title='bbox 3318 2528 3439 2580; x_wconf 89' lang='lat' dir='ltr'>er-</span> 
     </span>
     <span class='ocr_line' id='line_1_63' title="bbox 1893 2625 3441 2723; baseline -0.002 -21"><span class='ocrx_word' id='word_1_332' title='bbox 1893 2649 1996 2721; x_wconf 89' lang='lat' dir='ltr'>go</span> <span class='ocrx_word' id='word_1_333' title='bbox 2057 2652 2242 2704; x_wconf 86' lang='lat' dir='ltr'>eum</span> <span class='ocrx_word' id='word_1_334' title='bbox 2304 2630 2654 2704; x_wconf 88' lang='lat' dir='ltr'>materia</span> <span class='ocrx_word' id='word_1_335' title='bbox 2714 2628 2981 2723; x_wconf 87' lang='lat' dir='ltr'>primo</span> <span class='ocrx_word' id='word_1_336' title='bbox 3023 2627 3291 2720; x_wconf 89' lang='lat' dir='ltr'>prima</span> <span class='ocrx_word' id='word_1_337' title='bbox 3334 2625 3441 2699; x_wconf 89' lang='lat' dir='ltr'>sit</span> 
     </span>
     <span class='ocr_line' id='line_1_64' title="bbox 1893 2742 3436 2840; baseline -0.003 -21"><span class='ocrx_word' id='word_1_338' title='bbox 1893 2747 1976 2819; x_wconf 93' lang='lat' dir='ltr'>in</span> <span class='ocrx_word' id='word_1_339' title='bbox 2046 2746 2410 2840; x_wconf 88' lang='lat' dir='ltr'>potentia</span> <span class='ocrx_word' id='word_1_340' title='bbox 2483 2747 2578 2819; x_wconf 91' lang='lat' dir='ltr'>ad</span> <span class='ocrx_word' id='word_1_341' title='bbox 2660 2765 2979 2818; x_wconf 88' lang='lat' dir='ltr'>omnem</span> <span class='ocrx_word' id='word_1_342' title='bbox 3057 2742 3436 2825; x_wconf 86' lang='lat' dir='ltr'>formam,</span> 
     </span>
     <span class='ocr_line' id='line_1_65' title="bbox 1895 2863 3440 2958; baseline -0.003 -21"><span class='ocrx_word' id='word_1_343' title='bbox 1895 2868 2379 2958; x_wconf 86' lang='lat' dir='ltr'>sequeretur</span> <span class='ocrx_word' id='word_1_344' title='bbox 2459 2865 2663 2955; x_wconf 86' lang='lat' dir='ltr'>quod</span> <span class='ocrx_word' id='word_1_345' title='bbox 2750 2863 3082 2955; x_wconf 81' lang='lat' dir='ltr'>agentia</span> <span class='ocrx_word' id='word_1_346' title='bbox 3157 2865 3440 2936; x_wconf 84' lang='lat' dir='ltr'>creata</span> 
     </span>
     <span class='ocr_line' id='line_1_66' title="bbox 1895 2978 3433 3074; baseline -0.003 -20"><span class='ocrx_word' id='word_1_347' title='bbox 1895 2985 2231 3074; x_wconf 90' lang='lat' dir='ltr'>possent</span> <span class='ocrx_word' id='word_1_348' title='bbox 2297 2980 2567 3053; x_wconf 86' lang='lat' dir='ltr'>faeere</span> <span class='ocrx_word' id='word_1_349' title='bbox 2636 2979 3016 3071; x_wconf 84' lang='lat' dir='ltr'>Angelos,</span> <span class='ocrx_word' id='word_1_350' title='bbox 3090 2978 3433 3058; x_wconf 87' lang='lat' dir='ltr'>animas,</span> 
     </span>
     <span class='ocr_line' id='line_1_67' title="bbox 1893 3096 2750 3182; baseline -0.007 -10"><span class='ocrx_word' id='word_1_351' title='bbox 1893 3103 1974 3173; x_wconf 90' lang='lat' dir='ltr'>et</span> <span class='ocrx_word' id='word_1_352' title='bbox 2012 3099 2402 3182; x_wconf 87' lang='lat' dir='ltr'>breviter,</span> <span class='ocrx_word' id='word_1_353' title='bbox 2452 3096 2750 3170; x_wconf 92' lang='lat' dir='ltr'>omnia.</span> 
     </span>
    </p>

    <p class='ocr_par' dir='ltr' id='par_1_14' title="bbox 1890 3216 3456 5629">
     <span class='ocr_line' id='line_1_68' title="bbox 1986 3216 3439 3309; baseline -0.005 -18"><span class='ocrx_word' id='word_1_354' title='bbox 1986 3221 2217 3299; x_wconf 89' lang='lat' dir='ltr'>Item,</span> <span class='ocrx_word' id='word_1_355' title='bbox 2257 3216 2523 3309; x_wconf 90' lang='lat' dir='ltr'>prima</span> <span class='ocrx_word' id='word_1_356' title='bbox 2555 3216 2822 3287; x_wconf 89' lang='lat' dir='ltr'>forma</span> <span class='ocrx_word' id='word_1_357' title='bbox 2855 3235 3029 3306; x_wconf 83' lang='lat' dir='ltr'>quae</span> <span class='ocrx_word' id='word_1_358' title='bbox 3070 3217 3266 3307; x_wconf 88' lang='lat' dir='ltr'>apta</span> <span class='ocrx_word' id='word_1_359' title='bbox 3306 3231 3439 3285; x_wconf 90' lang='lat' dir='ltr'>na-</span> 
     </span>
     <span class='ocr_line' id='line_1_69' title="bbox 1894 3329 3439 3426; baseline -0.006 -16"><span class='ocrx_word' id='word_1_360' title='bbox 1894 3340 1979 3410; x_wconf 90' lang='lat' dir='ltr'>ta</span> <span class='ocrx_word' id='word_1_361' title='bbox 2037 3339 2160 3408; x_wconf 88' lang='lat' dir='ltr'>est</span> <span class='ocrx_word' id='word_1_362' title='bbox 2233 3333 2488 3426; x_wconf 76' lang='lat' dir='ltr'>recipi</span> <span class='ocrx_word' id='word_1_363' title='bbox 2550 3334 2627 3404; x_wconf 92' lang='lat' dir='ltr'>in</span> <span class='ocrx_word' id='word_1_364' title='bbox 2691 3330 3128 3404; x_wconf 87' lang='lat' dir='ltr'>materiam</span> <span class='ocrx_word' id='word_1_365' title='bbox 3171 3329 3439 3423; x_wconf 89' lang='lat' dir='ltr'>primo</span> 
     </span>
     <span class='ocr_line' id='line_1_70' title="bbox 1895 3444 3436 3547; baseline -0.004 -23"><span class='ocrx_word' id='word_1_366' title='bbox 1895 3452 2273 3547; x_wconf 87' lang='lat' dir='ltr'>primam,</span> <span class='ocrx_word' id='word_1_367' title='bbox 2339 3454 2463 3523; x_wconf 89' lang='lat' dir='ltr'>est</span> <span class='ocrx_word' id='word_1_368' title='bbox 2522 3450 2789 3521; x_wconf 88' lang='lat' dir='ltr'>forma</span> <span class='ocrx_word' id='word_1_369' title='bbox 2841 3444 3436 3529; x_wconf 79' lang='lat' dir='ltr'>substantialiS‚</span> 
     </span>
     <span class='ocr_line' id='line_1_71' title="bbox 1895 3561 3435 3661; baseline -0.003 -24"><span class='ocrx_word' id='word_1_370' title='bbox 1895 3569 2082 3661; x_wconf 90' lang='lat' dir='ltr'>quia</span> <span class='ocrx_word' id='word_1_371' title='bbox 2126 3564 2583 3639; x_wconf 86' lang='lat' dir='ltr'>substantia</span> <span class='ocrx_word' id='word_1_372' title='bbox 2627 3562 3007 3656; x_wconf 66' lang='lat' dir='ltr'>prfreedit</span> <span class='ocrx_word' id='word_1_373' title='bbox 3040 3561 3435 3643; x_wconf 80' lang='lat' dir='ltr'>aeeidenS,</span> 
     </span>
     <span class='ocr_line' id='line_1_72' title="bbox 1893 3678 3432 3757; baseline -0.007 0"><span class='ocrx_word' id='word_1_374' title='bbox 1893 3689 1974 3757; x_wconf 90' lang='lat' dir='ltr'>et</span> <span class='ocrx_word' id='word_1_375' title='bbox 2015 3706 2193 3756; x_wconf 77' lang='lat' dir='ltr'>esse</span> <span class='ocrx_word' id='word_1_376' title='bbox 2263 3681 2800 3756; x_wconf 86' lang='lat' dir='ltr'>substantiale</span> <span class='ocrx_word' id='word_1_377' title='bbox 2870 3678 3364 3753; x_wconf 83' lang='lat' dir='ltr'>accidentale</span> <span class='ocrx_word' id='word_1_378' title='bbox 3418 3702 3432 3746; x_wconf 75' lang='grc' dir='ltr'><strong>ε</strong></span> 
     </span>
     <span class='ocr_line' id='line_1_73' title="bbox 1895 3791 3436 3889; baseline -0.006 -16"><span class='ocrx_word' id='word_1_379' title='bbox 1895 3802 2027 3873; x_wconf 87' lang='lat' dir='ltr'>sed</span> <span class='ocrx_word' id='word_1_380' title='bbox 2076 3799 2388 3872; x_wconf 86' lang='lat' dir='ltr'>nullum</span> <span class='ocrx_word' id='word_1_381' title='bbox 2449 3818 2696 3889; x_wconf 88' lang='lat' dir='ltr'>agens</span> <span class='ocrx_word' id='word_1_382' title='bbox 2764 3799 3132 3870; x_wconf 80' lang='lat' dir='ltr'>creatum</span> <span class='ocrx_word' id='word_1_383' title='bbox 3202 3791 3436 3885; x_wconf 89' lang='lat' dir='ltr'>spiri·</span> 
     </span>
     <span class='ocr_line' id='line_1_74' title="bbox 1894 3911 3435 4008; baseline -0.006 -18"><span class='ocrx_word' id='word_1_384' title='bbox 1894 3918 2113 3991; x_wconf 89' lang='lat' dir='ltr'>tuale</span> <span class='ocrx_word' id='word_1_385' title='bbox 2187 3919 2455 4008; x_wconf 81' lang='lat' dir='ltr'>potest</span> <span class='ocrx_word' id='word_1_386' title='bbox 2527 3912 2993 3992; x_wconf 86' lang='lat' dir='ltr'>materiam,</span> <span class='ocrx_word' id='word_1_387' title='bbox 3070 3930 3242 4002; x_wconf 80' lang='lat' dir='ltr'>quae</span> <span class='ocrx_word' id='word_1_388' title='bbox 3311 3911 3435 3980; x_wconf 88' lang='lat' dir='ltr'>est</span> 
     </span>
     <span class='ocr_line' id='line_1_75' title="bbox 1894 4024 3436 4126; baseline -0.008 -20"><span class='ocrx_word' id='word_1_389' title='bbox 1894 4032 2344 4126; x_wconf 88' lang='lat' dir='ltr'>subjeetum</span> <span class='ocrx_word' id='word_1_390' title='bbox 2424 4027 3016 4121; x_wconf 77' lang='lat' dir='ltr'>generationiS,</span> <span class='ocrx_word' id='word_1_391' title='bbox 3097 4026 3191 4097; x_wconf 86' lang='lat' dir='ltr'>ad</span> <span class='ocrx_word' id='word_1_392' title='bbox 3270 4024 3436 4096; x_wconf 86' lang='lat' dir='ltr'>sor-</span> 
     </span>
     <span class='ocr_line' id='line_1_76' title="bbox 1896 4143 3437 4231; baseline -0.007 -8"><span class='ocrx_word' id='word_1_393' title='bbox 1896 4171 2112 4223; x_wconf 88' lang='lat' dir='ltr'>mam</span> <span class='ocrx_word' id='word_1_394' title='bbox 2149 4169 2501 4229; x_wconf 82' lang='lat' dir='ltr'>movere,</span> <span class='ocrx_word' id='word_1_395' title='bbox 2546 4145 2704 4218; x_wconf 88' lang='lat' dir='ltr'>nisi</span> <span class='ocrx_word' id='word_1_396' title='bbox 2744 4145 2822 4216; x_wconf 94' lang='lat' dir='ltr'>in</span> <span class='ocrx_word' id='word_1_397' title='bbox 2852 4143 3161 4215; x_wconf 76' lang='lat' dir='ltr'>virtute</span> <span class='ocrx_word' id='word_1_398' title='bbox 3195 4160 3437 4231; x_wconf 88' lang='lat' dir='ltr'>agen-</span> 
     </span>
     <span class='ocr_line' id='line_1_77' title="bbox 1892 4258 3439 4351; baseline -0.007 -10"><span class='ocrx_word' id='word_1_399' title='bbox 1892 4270 2099 4341; x_wconf 91' lang='lat' dir='ltr'>tium</span> <span class='ocrx_word' id='word_1_400' title='bbox 2187 4266 2693 4338; x_wconf 83' lang='lat' dir='ltr'>naturalium</span> <span class='ocrx_word' id='word_1_401' title='bbox 2779 4266 2858 4336; x_wconf 90' lang='lat' dir='ltr'>et</span> <span class='ocrx_word' id='word_1_402' title='bbox 2944 4258 3439 4351; x_wconf 80' lang='lat' dir='ltr'>corruptibi-</span> 
     </span>
     <span class='ocr_line' id='line_1_78' title="bbox 1895 4372 3444 4465; baseline -0.009 -7"><span class='ocrx_word' id='word_1_403' title='bbox 1895 4386 2118 4458; x_wconf 91' lang='lat' dir='ltr'>lium.</span> <span class='ocrx_word' id='word_1_404' title='bbox 2150 4385 2329 4456; x_wconf 94' lang='lat' dir='ltr'>Non</span> <span class='ocrx_word' id='word_1_405' title='bbox 2360 4381 2574 4453; x_wconf 88' lang='lat' dir='ltr'>enim</span> <span class='ocrx_word' id='word_1_406' title='bbox 2606 4378 3035 4452; x_wconf 87' lang='lat' dir='ltr'>seeundum</span> <span class='ocrx_word' id='word_1_407' title='bbox 3064 4372 3444 4465; x_wconf 78' lang='lat' dir='ltr'>Augusti-</span> 
     </span>
     <span class='ocr_line' id='line_1_79' title="bbox 1894 4496 3446 4585; baseline -0.006 -11"><span class='ocrx_word' id='word_1_408' title='bbox 1894 4522 2089 4574; x_wconf 90' lang='lat' dir='ltr'>num</span> <span class='ocrx_word' id='word_1_409' title='bbox 2135 4503 2247 4570; x_wconf 73' lang='lat' dir='ltr'>lib.</span> <span class='ocrx_word' id='word_1_410' title='bbox 2293 4503 2357 4570; x_wconf 85' lang='lat'>3.</span> <span class='ocrx_word' id='word_1_411' title='bbox 2412 4502 2493 4565; x_wconf 79' lang='lat' dir='ltr'>de</span> <span class='ocrx_word' id='word_1_412' title='bbox 2561 4501 2805 4566; x_wconf 75' lang='lat' dir='ltr'>Trinit.</span> <span class='ocrx_word' id='word_1_413' title='bbox 2859 4518 2916 4564; x_wconf 78' lang='lat' dir='ltr'>c.</span> <span class='ocrx_word' id='word_1_414' title='bbox 2981 4496 3046 4566; x_wconf 91' lang='lat'>7.</span> <span class='ocrx_word' id='word_1_415' title='bbox 3113 4496 3446 4585; x_wconf 89' lang='lat' dir='ltr'>possent</span> 
     </span>
     <span class='ocr_line' id='line_1_80' title="bbox 1899 4612 3448 4711; baseline -0.006 -20"><span class='ocrx_word' id='word_1_416' title='bbox 1899 4619 2118 4711; x_wconf 89' lang='lat' dir='ltr'>magi</span> <span class='ocrx_word' id='word_1_417' title='bbox 2181 4618 2449 4690; x_wconf 88' lang='lat' dir='ltr'>faeere</span> <span class='ocrx_word' id='word_1_418' title='bbox 2513 4616 2998 4706; x_wconf 87' lang='lat' dir='ltr'>serpentem,</span> <span class='ocrx_word' id='word_1_419' title='bbox 3071 4612 3230 4683; x_wconf 89' lang='lat' dir='ltr'>nisi</span> <span class='ocrx_word' id='word_1_420' title='bbox 3289 4631 3448 4682; x_wconf 90' lang='lat' dir='ltr'>me·</span> 
     </span>
     <span class='ocr_line' id='line_1_81' title="bbox 1894 4729 3450 4817; baseline -0.006 -8"><span class='ocrx_word' id='word_1_421' title='bbox 1894 4738 2167 4810; x_wconf 87' lang='lat' dir='ltr'>diante</span> <span class='ocrx_word' id='word_1_422' title='bbox 2225 4734 2534 4807; x_wconf 86' lang='lat' dir='ltr'>virtute</span> <span class='ocrx_word' id='word_1_423' title='bbox 2605 4734 2920 4802; x_wconf 79' lang='lat' dir='ltr'>naturae</span> <span class='ocrx_word' id='word_1_424' title='bbox 2984 4753 2997 4796; x_wconf 74' lang='grc' dir='ltr'>ε</span> <span class='ocrx_word' id='word_1_425' title='bbox 3061 4750 3241 4801; x_wconf 89' lang='lat' dir='ltr'>oum</span> <span class='ocrx_word' id='word_1_426' title='bbox 3301 4729 3450 4817; x_wconf 85' lang='lat' dir='ltr'>igi·</span> 
     </span>
     <span class='ocr_line' id='line_1_82' title="bbox 1897 4843 3447 4935; baseline -0.008 -10"><span class='ocrx_word' id='word_1_427' title='bbox 1897 4854 2037 4925; x_wconf 89' lang='lat' dir='ltr'>tur</span> <span class='ocrx_word' id='word_1_428' title='bbox 2087 4847 2504 4921; x_wconf 88' lang='lat' dir='ltr'>naturalia</span> <span class='ocrx_word' id='word_1_429' title='bbox 2546 4846 2876 4935; x_wconf 81' lang='lat' dir='ltr'>agentia.</span> <span class='ocrx_word' id='word_1_430' title='bbox 2918 4847 3166 4933; x_wconf 89' lang='lat' dir='ltr'>agant</span> <span class='ocrx_word' id='word_1_431' title='bbox 3214 4843 3447 4914; x_wconf 86' lang='lat' dir='ltr'>modo</span> 
     </span>
     <span class='ocr_line' id='line_1_83' title="bbox 1900 4960 3452 5057; baseline -0.005 -22"><span class='ocrx_word' id='word_1_432' title='bbox 1900 4964 2480 5057; x_wconf 82' lang='lat' dir='ltr'>quantitative,</span> <span class='ocrx_word' id='word_1_433' title='bbox 2551 4981 2693 5052; x_wconf 89' lang='lat' dir='ltr'>per</span> <span class='ocrx_word' id='word_1_434' title='bbox 2753 4960 3097 5050; x_wconf 87' lang='lat' dir='ltr'>angulos</span> <span class='ocrx_word' id='word_1_435' title='bbox 3158 4963 3237 5032; x_wconf 87' lang='lat' dir='ltr'>et</span> <span class='ocrx_word' id='word_1_436' title='bbox 3309 4978 3452 5050; x_wconf 90' lang='lat' dir='ltr'>per</span> 
     </span>
     <span class='ocr_line' id='line_1_84' title="bbox 1903 5076 3449 5177; baseline -0.008 -21"><span class='ocrx_word' id='word_1_437' title='bbox 1903 5082 2395 5177; x_wconf 80' lang='lat' dir='ltr'>pyramideS,</span> <span class='ocrx_word' id='word_1_438' title='bbox 2462 5079 2835 5171; x_wconf 88' lang='lat' dir='ltr'>sequitur</span> <span class='ocrx_word' id='word_1_439' title='bbox 2895 5076 3101 5168; x_wconf 91' lang='lat' dir='ltr'>quod</span> <span class='ocrx_word' id='word_1_440' title='bbox 3162 5095 3449 5147; x_wconf 89' lang='lat' dir='ltr'>eorum</span> 
     </span>
     <span class='ocr_line' id='line_1_85' title="bbox 1902 5190 3451 5272; baseline -0.008 1"><span class='ocrx_word' id='word_1_441' title='bbox 1902 5200 2118 5272; x_wconf 82' lang='lat' dir='ltr'>aetio</span> <span class='ocrx_word' id='word_1_442' title='bbox 2180 5217 2341 5269; x_wconf 93' lang='lat' dir='ltr'>non</span> <span class='ocrx_word' id='word_1_443' title='bbox 2396 5217 2478 5267; x_wconf 92' lang='lat' dir='ltr'>se</span> <span class='ocrx_word' id='word_1_444' title='bbox 2536 5192 2896 5266; x_wconf 85' lang='lat' dir='ltr'>extendit</span> <span class='ocrx_word' id='word_1_445' title='bbox 2942 5190 3100 5263; x_wconf 92' lang='lat' dir='ltr'>nisi</span> <span class='ocrx_word' id='word_1_446' title='bbox 3146 5190 3239 5261; x_wconf 89' lang='lat' dir='ltr'>ad</span> <span class='ocrx_word' id='word_1_447' title='bbox 3282 5210 3451 5261; x_wconf 88' lang='lat' dir='ltr'>ma-</span> 
     </span>
     <span class='ocr_line' id='line_1_86' title="bbox 1906 5303 3453 5400; baseline -0.005 -16"><span class='ocrx_word' id='word_1_448' title='bbox 1906 5310 2206 5384; x_wconf 88' lang='lat' dir='ltr'>teriam</span> <span class='ocrx_word' id='word_1_449' title='bbox 2280 5313 2669 5400; x_wconf 85' lang='lat' dir='ltr'>quantam</span> <span class='ocrx_word' id='word_1_450' title='bbox 2728 5309 2804 5378; x_wconf 88' lang='lat' dir='ltr'>et</span> <span class='ocrx_word' id='word_1_451' title='bbox 2874 5303 3453 5378; x_wconf 89' lang='lat' dir='ltr'>transmutabi-</span> 
     </span>
     <span class='ocr_line' id='line_1_87' title="bbox 1890 5421 3456 5517; baseline -0.003 -20"><span class='ocrx_word' id='word_1_452' title='bbox 1890 5426 2099 5507; x_wconf 87' lang='lat' dir='ltr'>-lem;</span> <span class='ocrx_word' id='word_1_453' title='bbox 2172 5446 2371 5517; x_wconf 79' lang='lat' dir='ltr'>ergo</span> <span class='ocrx_word' id='word_1_454' title='bbox 2425 5447 2567 5497; x_wconf 90' lang='lat' dir='ltr'>nee</span> <span class='ocrx_word' id='word_1_455' title='bbox 2626 5423 3038 5513; x_wconf 88' lang='lat' dir='ltr'>attingunt</span> <span class='ocrx_word' id='word_1_456' title='bbox 3102 5421 3456 5494; x_wconf 86' lang='lat' dir='ltr'>sormam</span> 
     </span>
     <span class='ocr_line' id='line_1_88' title="bbox 1909 5538 3453 5629; baseline -0.006 -13"><span class='ocrx_word' id='word_1_457' title='bbox 1909 5543 2559 5623; x_wconf 81' lang='lat' dir='ltr'>substantialem,</span> <span class='ocrx_word' id='word_1_458' title='bbox 2607 5562 2788 5629; x_wconf 80' lang='lat' dir='ltr'>eum</span> <span class='ocrx_word' id='word_1_459' title='bbox 2838 5560 2995 5610; x_wconf 94' lang='lat' dir='ltr'>non</span> <span class='ocrx_word' id='word_1_460' title='bbox 3040 5538 3453 5629; x_wconf 88' lang='lat' dir='ltr'>generent,</span> 
     </span>
    </p>
   </div>
   <div class='ocr_carea' id='block_1_12' title="bbox 290 5657 2873 5763">
    <p class='ocr_par' dir='ltr' id='par_1_15' title="bbox 290 5657 2873 5763">
     <span class='ocr_line' id='line_1_89' title="bbox 290 5657 2873 5763; baseline -0.008 -17"><span class='ocrx_word' id='word_1_461' title='bbox 290 5672 405 5746; x_wconf 70' lang='lat' dir='ltr'>Del‘</span> <span class='ocrx_word' id='word_1_462' title='bbox 431 5671 725 5743; x_wconf 87' lang='lat' dir='ltr'>motum</span> <span class='ocrx_word' id='word_1_463' title='bbox 754 5673 838 5744; x_wconf 86' lang='lat' dir='ltr'>et</span> <span class='ocrx_word' id='word_1_464' title='bbox 870 5667 1506 5763; x_wconf 77' lang='lat' dir='ltr'>susceptionem3</span> <span class='ocrx_word' id='word_1_465' title='bbox 1542 5684 1811 5763; x_wconf 41' lang='lat' dir='ltr'>agere·</span> <span class='ocrx_word' id='word_1_466' title='bbox 1908 5662 2071 5734; x_wconf 90' lang='lat' dir='ltr'>nisi</span> <span class='ocrx_word' id='word_1_467' title='bbox 2109 5660 2647 5733; x_wconf 82' lang='lat' dir='ltr'>mediantibus</span> <span class='ocrx_word' id='word_1_468' title='bbox 2683 5657 2873 5729; x_wconf 83' lang='lat' dir='ltr'>illis.</span> 
     </span>
    </p>
   </div>
  </div>
 </body>
</html>
