4252 6393
1688 470 2048 548 QUAESTIO
2095 473 2148 534 X

342 654 525 727 pore
570 655 715 728 per
754 633 1149 716 accidens,
1187 633 1400 707 sicut
1445 634 1523 704 in
1568 632 1871 726 subjec-

342 756 438 832 to,
510 752 646 822 sed
680 750 892 824 sicut
925 749 1007 822 in
1044 749 1535 843 perfectibili
1568 770 1713 842 per
1745 769 1868 822 ac-

337 868 621 950 cidens,
695 870 1131 941 seeundum
1197 867 1427 941 illum
1516 867 1863 948 modum,

336 1007 480 1078 quo
525 986 984 1059 substantia
1026 986 1321 1058 animae
1382 990 1507 1059 est
1561 985 1639 1057 in
1690 1005 1865 1058 cor-

3408 466 3524 529 455

1988 637 2075 706 ut
2107 632 2341 706 color
2375 636 2752 705 movetur
2774 632 2870 703 ad
2895 632 3207 701 motum
3240 647 3527 719 corpo-

1987 750 2128 832 ris,
2177 749 2311 841 qui
2343 753 2616 822 tamen
2650 768 2793 841 per
2825 769 2908 819 se
2940 766 3100 818 non
3132 750 3256 820 est
3285 749 3526 818 natus

1986 868 2327 940 moveri.
2377 870 2576 941 Cum
2635 885 2834 955 ergo
2893 864 3260 945 dicimus,
3320 863 3526 955 quod

1982 983 2348 1076 potentia
2385 982 2909 1062 intellectiva,
2945 984 3025 1054 et
3059 979 3370 1072 species
3415 979 3523 1052 in-

336 1126 544 1199 pore,
584 1107 794 1179 sicut
830 1105 1223 1198 perfectio
1248 1109 1328 1178 et
1354 1104 1646 1176 forma..
1684 1105 1865 1175 Non
1976 1101 2452 1192 telligibiles
2503 1104 2689 1173 sunt
2751 1099 2828 1170 in
2873 1118 3225 1190 corpore
3298 1099 3385 1168 ut
3442 1096 3522 1167 in

334 1223 528 1313 quod
615 1242 918 1315 corpus
972 1222 1450 1315 perficiatur
1520 1240 1664 1312 per
1750 1241 1857 1301 se,

330 1361 461 1412 nec
517 1359 661 1432 per
704 1339 1073 1411 accidens
1116 1358 1162 1409 a
1221 1337 1591 1432 potentia
1636 1336 1860 1408 intel·

331 1456 643 1537 lectiva,
678 1456 806 1527 vel
841 1454 1107 1548 specie
1144 1452 1662 1542 intelligibili,
1702 1452 1859 1524 nisi

329 1573 785 1664 accipiendo
822 1597 946 1660 per
982 1572 1290 1641 accidens
1319 1570 1547 1642 valde
1601 1569 1852 1660 large,

328 1691 448 1762 sed
492 1688 682 1781 quia
745 1686 1134 1781 potentia,
1185 1707 1359 1777 quae
1400 1690 1524 1756 est
1578 1705 1721 1778 ρον
1774 1705 1857 1754 se

327 1809 397 1880 in
447 1802 909 1879 substantia
941 1803 1258 1882 animan
1298 1803 1507 1875 sicut
1556 1801 1631 1872 in
1677 1800 1858 1871 sub-

317 1925 564 2014 ject0,
638 1921 930 1994 saltem
990 1918 1424 1991 secundum
1505 1917 1851 2000 modum,

319 2042 490 2130 (hoc
533 2041 735 2120 dico,
782 2037 969 2130 quia
1021 2036 1375 2108 nondum
1438 2038 1854 2107 ostensum

318 2156 455 2233 ‹st,
498 2155 778 2224 utrum
818 2151 1186 2243 potentia
1221 2150 1326 2222 sit
1373 2150 1601 2230 idem,
1641 2149 1847 2243 quod

319 2289 453 2339 sua
489 2267 981 2356 substantia)
1028 2267 1199 2338 ideo
1243 2287 1388 2358 per
1421 2266 1643 2338 illam
1680 2267 1855 2337 sub-

319 2384 703 2457 stantiam
736 2386 859 2455 est
922 2382 1287 2476 potentia
1355 2383 1430 2454 in
1476 2402 1849 2474 corpore,

319 2521 466 2572 non
512 2501 724 2572 sicut
769 2499 846 2571 in
902 2498 1292 2590 subjectO,
1332 2498 1465 2570 sed
1519 2499 1730 2571 sicut
1777 2498 1855 2570 in

320 2616 824 2709 perfectibili,
904 2616 1108 2708 quod
1166 2615 1468 2688 dicitur
1538 2615 1858 2707 perfice·

324 2755 402 2805 re
460 2755 610 2827 per
650 2733 1042 2814 accidens,
1117 2734 1301 2825 quia
1370 2733 1615 2806 estin
1677 2733 1858 2803 sub-

323 2852 625 2925 stantia
665 2851 982 2932 animae,
1021 2871 1197 2942 quae
1242 2871 1386 2943 per
1428 2874 1511 2922 se
1553 2871 1855 2943 corpus

325 2970 658 3061 perzicit.

406 3087 551 3158 Est
569 3106 667 3156 au
685 3088 842 3156 tem
869 3083 1473 3163 advertendum,
1512 3083 1715 3175 quod
1738 3108 1858 3172 per

272 3205 624 3271 'mcc-idem
657 3202 1073 3273 reducitur
1127 3201 1219 3271 ad
1279 3225 1399 3287 per
1434 3226 1503 3268 sc
1548 3200 1856 3271 (luobus

324 3318 618 3397 modis;
692 3337 848 3387 uno
912 3317 1181 3398 modo,
1248 3317 1561 3407 quando
1634 3316 1850 3396 illud,

318 3437 519 3525 quod
562 3432 938 3506 convenit
975 3433 1216 3504 alicui
1260 3453 1406 3525 per
1457 3432 1850 3515 accidenS,

318 3552 629 3624 scilicet
700 3570 842 3642 ρον
884 3549 1099 3629 illud,
1171 3550 1263 3621 (le
1333 3570 1488 3641 quo
1556 3550 1856 3622 (licitur

318 3688 455 3759 per
505 3691 618 3749 se,
657 3672 939 3742 natum
976 3671 1099 3740 est
1140 3668 1389 3741 etiam
1423 3668 1494 3739 ei
1554 3668 1645 3739 de
1695 3687 1852 3758 quo

314 3783 609 3857 ‹licitur
652 3803 795 3875 per
834 3782 1229 3863 accidens,
1275 3803 1423 3874 per
1450 3805 1534 3854 se
1570 3803 1851 3856 conve-

320 3900 512 3983 nire,
587 3904 673 3973 ut
728 3902 1009 3972 clavus
1073 3901 1282 3973 fixus
1326 3901 1409 3972 in
1463 3906 1645 3975 rota
1689 3920 1848 3971 mo-

312 4020 547 4089 vetur
598 4036 742 4109 per
786 4016 1177 4097 accidens,
1252 4016 1441 4108 quia
1496 4038 1638 4110 per
1690 4037 1848 4087 mo·

316 4135 479 4204 tum
539 4137 771 4214 rotae,
854 4153 1027 4224 quae
1105 4136 1484 4204 movetur
1555 4153 1697 4224 ρον
1766 4154 1848 4203 se

316 4267 465 4320 non
502 4271 605 4321 ex
680 4269 788 4323 se,
849 4249 1037 4340 quia
1108 4269 1251 4341 ρον
1320 4270 1404 4319 se
1475 4252 1850 4320 movetur

316 4365 681 4457 quidquid
772 4367 893 4436 est
992 4364 1443 4456 subjectum
1549 4368 1843 4448 motuS,

321 4480 645 4553 etiarnsi
706 4481 803 4551 ab
862 4479 1135 4571 aliquo
1208 4484 1659 4552 moveatur.
1730 4483 1844 4552 Ex

316 4618 392 4667 se
422 4602 695 4671 autem
749 4600 1041 4677 movet,
1097 4598 1299 4688 quod
1342 4597 1648 4669 virtute
1700 4617 1845 4669 sua

316 4711 754 4787 intrinseca
795 4712 1281 4785 addivcrsas
1343 4717 1620 4805 partes
1683 4735 1842 4785 mo-

314 4834 568 4911 vetur,
664 4830 871 4921 quod
932 4829 1307 4902 convenit
1357 4829 1843 4901 animalibus

316 4944 599 5027 solum,
654 4950 742 5019 ut
781 4945 1082 5018 (licitur
1110 4948 1176 5015 8.
1224 4949 1492 5034 Physic.
1529 4959 1693 5015 texe.
1727 4949 1839 5019 27.

313 5064 387 5133 et
413 5064 526 5133 28.
573 5062 753 5134 Alio
781 5062 1013 5133 modo
1052 5061 1469 5134 reducitur
1513 5087 1636 5152 per
1676 5068 1845 5131 aeci-

314 5179 466 5245 dens
525 5179 617 5251 ad
662 5202 787 5268 per
849 5202 939 5259 se,
1005 5179 1317 5269 quando
1388 5179 1579 5250 illud
1642 5179 1847 5270 quod

316 5295 684 5368 convenit
745 5294 990 5367 alicui
1046 5316 1188 5387 ρον
1249 5296 1645 5373 accidens,
1707 5314 1849 5387 per

319 5409 505 5483 illud
557 5411 891 5490 scilicet,
947 5412 1076 5483 cui
1125 5434 1266 5505 ρον
1308 5434 1391 5484 se
1442 5411 1846 5493 convenit,

318 5546 469 5598 non
520 5533 640 5601 est
692 5531 975 5599 natum
1036 5528 1133 5607 ei,
1195 5529 1286 5600 de
1347 5550 1501 5619 quo
1553 5527 1854 5599 dicitur

324 5663 461 5737 ρον
538 5645 928 5725 accidens,
1005 5666 1147 5739 ρον
1217 5667 1300 5717 se
1387 5645 1848 5725 convenire,

1979 1217 2468 1310 perfectibili
2532 1237 2676 1309 ρον
2706 1215 3097 1295 accidenS,
3147 1234 3289 1305 ρον
3347 1213 3522 1284 sub-

1976 1333 2368 1406 stantiam
2411 1334 2699 1405 anim-‘e
2745 1330 3286 1411 intellectivae,
3335 1330 3522 1422 quia

1977 1468 2121 1540 ρον
2165 1468 2249 1518 so
2287 1445 2712 1538 perficitur
2752 1465 3075 1536 corpus,
3129 1444 3207 1534 ly
3249 1468 3372 1532 per
3409 1467 3516 1511 ac-

1970 1566 2198 1632 cidens
2261 1563 2486 1635 (lebet
2557 1561 2810 1654 accipi
2881 1561 3167 1633 ultimo
3259 1559 3515 1640 modo,

1973 1680 2160 1772 quia
2233 1680 2622 1774 perficere
2694 1699 2992 1773 corpus
3068 1679 3192 1750 vel
3277 1682 3520 1752 mato-

1972 1797 2185 1868 riam
2214 1798 2757 1888 corporalem,
2820 1796 3042 1866 nullo
3087 1796 3316 1867 modo
3379 1816 3524 1886 ρον

1972 1935 2055 1983 se
2104 1911 2481 1985 convenit
2545 1911 2954 2003 potentiae,
3005 1932 3147 1983 nec
3194 1909 3513 2003 speciei,

1970 2031 2047 2099 et
2094 2027 2209 2098 sic
2243 2048 2400 2097 non
2440 2031 2776 2119 possunt
2812 2048 2988 2098 esse
3027 2027 3102 2098 in
3138 2048 3511 2118 corpore,

1969 2150 2058 2218 ut
2128 2142 2523 2237 perfectio
2596 2144 2673 2215 in
2752 2143 3241 2236 perfectibili
3281 2172 3295 2215 ε
3371 2167 3515 2217 nec

1968 2260 2218 2332 etiam
2264 2263 2603 2350 possunt
2645 2281 2823 2331 esse
2867 2260 2946 2331 in
2990 2260 3376 2351 subjecto,
3425 2264 3511 2333 'ut

1969 2376 2337 2448 accidens
2375 2375 2452 2446 in
2488 2375 3037 2466 subjecto,nee
3068 2397 3210 2468 per
3231 2398 3339 2458 se,
3368 2399 3512 2450 nec

1968 2516 2114 2587 per
2158 2494 2546 2567 accidens,
2595 2496 2840 2587 Cujus
2879 2495 3092 2567 ratio
3136 2499 3283 2575 est,
3324 2496 3512 2587 quia

1971 2610 2233 2684 omnis
2273 2611 2659 2703 potentia,
2706 2631 2878 2704 qum
2936 2615 3057 2683 est
3104 2611 3509 2685 immedia-
3549 2593 3564 2600 “

1966 2732 2142 2802 tum
2187 2730 2675 2823 principium
2712 2733 3118 2823 operandi,
3160 2754 3333 2825 qum
3368 2753 3512 2824 ρον

1970 2867 2077 2927 se,
2117 2847 2241 2917 vel
2283 2867 2426 2939 ρον
2457 2845 2823 2919 accidens
2857 2850 2980 2919 cst
3019 2847 3099 2920 in
3135 2848 3505 2931 materia,

1972 2965 2056 3034 ut
2115 2963 2193 3034 in
2245 2963 2607 3054 subjecto
2649 2964 3114 3037 necessario
3156 2969 3281 3039 est
3323 2986 3511 3038 con-

1966 3082 2236 3152 tracta
2287 3083 2364 3151 et
2421 3079 2797 3161 limitata,
2862 3102 2954 3153 ac
2989 3081 3510 3173 propterhoc

1968 3217 2110 3270 nec
2188 3196 2469 3278 libera,
2549 3219 2694 3270 nec
2755 3196 2991 3271 habet
3062 3199 3509 3290 subjectum

1970 3313 2456 3393 universale,
2513 3333 2657 3385 nec
2704 3314 2780 3385 in
2813 3314 2960 3387 hoc
2992 3318 3113 3386 est
3146 3315 3513 3389 differen-

1966 3430 2107 3512 tia,
2158 3431 2324 3502 sive
2368 3451 2512 3524 ρον
2562 3453 2670 3511 se,
2735 3431 2902 3503 sive
2963 3453 3106 3524 ρον
3146 3434 3509 3507 accidens

1968 3547 2072 3619 sit
2118 3549 2198 3620 in
2246 3549 2615 3629 materia,
2663 3548 2865 3621 utin
2910 3549 3300 3641 subjecto.

2054 3667 2174 3736 Ex
2215 3664 2339 3735 his
2374 3666 2840 3757 patet,quod
2863 3687 3019 3738 non
3059 3671 3324 3759 potest
3356 3668 3507 3741 dici

1966 3782 2172 3872 quod
2205 3801 2504 3874 corpus
2548 3781 2976 3873 intelligat,
3020 3783 3206 3875 quia
3240 3789 3513 3876 poten-

1959 3896 2077 3971 tia
2121 3896 2643 3977 intellectiva,
2687 3917 2830 3970 nec
2870 3919 3017 3990 per
3058 3920 3165 3978 se,
3194 3918 3336 3971 nec
3368 3920 3515 3991 ρον

1962 4013 2330 4085 accidens
2355 4016 2476 4084 est
2507 4012 2581 4083 in
2607 4033 2979 4104 corpore,
3008 4017 3394 4107 tanquam
3432 4015 3509 4087 in

1963 4129 2352 4221 SubJecto.
2403 4131 2632 4202 Patet
2693 4128 2970 4210 etiam,
3012 4131 3217 4221 quod
3278 4135 3501 4205 totus

1965 4246 2208 4317 homo
2260 4266 2401 4338 per
2437 4268 2519 4315 se
2568 4245 2980 4334 intelligit,
3037 4251 3113 4319 et
3159 4252 3281 4320 est
3335 4253 3510 4339 qnod

1961 4362 2372 4451 intelligit,
2421 4362 2789 4454 quamvis
2830 4387 2956 4451 quo
2992 4363 3373 4455 intellig-'t
3407 4390 3507 4434 re·
3537 4362 3857 4493 ζεωῆθᾶῑὲἒῇ

1961 4492 2154 4559 moze,
2215 4480 2319 4551 sit
2368 4499 2557 4571 pars
2625 4478 2998 4553 formalis
3036 4482 3352 4563 animae,
3419 4485 3505 4554 ut
3539 4489 3858 4615 qsstsszeiiae-

3659 4615 3732 4677 ρι’(

1958 4595 2230 4666 anima
2271 4597 2794 4679 intellectiva,
2832 4601 2909 4671 et
2944 4624 3068 4689 quo
3123 4599 3510 4691 intelligit

1954 4712 2676 4791 immediate,scilicet
2702 4717 3054 4807 potentia
3083 4752 3096 4788 ;
3127 4718 3516 4792 estetiam

1958 4827 2334 4900 formalis
2377 4828 2768 4920 perfectio
2807 4833 3173 4906 materiae
3209 4856 3355 4927 per
3387 4855 3516 4908 ac-

1957 4946 2228 5019 cidens
2275 4947 2351 5016 et
2386 4967 2528 5038 per
2571 4947 3154 5022 reductionem.
3204 4954 3367 5024 Nec
3404 4975 3519 5026 se·

1960 5063 2273 5154 quitur,
2307 5064 2513 5153 quod
2560 5062 2626 5133 si
2682 5063 2873 5136 illud
2910 5086 3065 5157 quo
3110 5066 3514 5140 immedia-

1961 5185 2038 5253 te
2086 5180 2505 5269 intelligit,
2555 5201 2700 5272 per
2759 5181 3126 5255 accidens
3184 5184 3292 5257 sit
3347 5206 3518 5277 ρον-

1962 5296 2238 5377 fectio,
2279 5296 2486 5387 quod
2532 5301 2872 5388 propter
2905 5297 3052 5370 hoc
3099 5299 3338 5373 homo
3377 5322 3521 5394 per

1963 5414 2330 5486 accidens
2407 5413 2832 5501 intelligat,
2920 5415 3108 5505 (plia
3176 5418 3269 5488 ad
3342 5418 3516 5501 hoc,

1965 5532 2171 5621 quod
2243 5530 2457 5601 aetio
2531 5530 3035 5602 attribuatur
3117 5536 3521 5626 composi-

1967 5650 2053 5718 to
2112 5668 2253 5739 ρον
2296 5669 2404 5726 se,
2457 5646 2755 5719 suflicit
2813 5650 3017 5739 quod
3077 5649 3292 5731 illud,
3359 5673 3516 5744 quo
