4252 6393
538 1988 614 2041 17.

770 409 888 475 374

753 571 1093 654 serrum,
1189 576 1265 646 et
1342 573 1423 646 in
1516 574 1735 647 omni
1807 575 1987 645 arte
2060 592 2306 665 opus}

753 711 934 762 cum
1006 689 1285 781 igitur,
1363 694 1449 763 ut
1525 690 1822 763 dieitur
1884 692 1951 762 2.
2024 693 2296 778 Plaeysic.

754 819 911 874 text.
948 831 1092 895 cap.
1138 809 1249 878 22.
1297 827 1436 877 ars
1473 804 1845 878 imitetur
1878 807 2295 887 naturam,

754 943 967 1005 nam,
1008 925 1093 994 ut
1130 921 1235 994 ibi
1276 923 1599 1005 dieitur,
1642 922 1707 994 si
1750 923 2050 993 natura
2100 922 2302 994 face·

755 1043 879 1112 ret
948 1040 1299 1120 domum,
1380 1040 1508 1111 vel
1595 1059 1908 1119 navem,
1995 1039 2300 1113 faceret

754 1178 961 1238 eam,
1032 1156 1237 1230 sieut
1304 1157 1492 1231 facit
1565 1177 1756 1229 ars:
1824 1155 2301 1230 sicutenim

757 1277 1055 1346 natura
1089 1278 1209 1347 est
1238 1295 1486 1366 agens
1513 1274 1982 1357 intrinsece,
2012 1274 2126 1347 sic
2163 1294 2301 1346 ars

757 1392 1214 1466 extrinsece
1252 1419 1265 1474 ;
1303 1413 1502 1484 ergo
1535 1393 1856 1465 videtur
1893 1393 2096 1484 quod
2141 1410 2303 1463 om-

758 1531 855 1583 ne
898 1529 1144 1601 agens
1187 1511 1563 1583 naturale
1600 1512 2180 1602 praesupponat
2222 1508 2304 1581 in

760 1627 1149 1718 subjecte,
1192 1628 1283 1699 de
1327 1649 1482 1719 quo
1527 1630 1942 1719 operatur,
1983 1625 2191 1698 sicut
2223 1627 2302 1697 et

759 1765 922 1827 ars,
970 1745 1325 1836 aliquam
1397 1744 1752 1816 formam
1813 1741 2306 1815 substantia-

757 1861 917 1933 lem
961 1861 1058 1933 ab
1091 1861 1253 1933 alio
1289 1861 1861 1934 introductam.

861 1980 1091 2057 Item,
1174 1976 1270 2049 ad
1346 1976 1988 2051 confirmandum
2058 1973 2306 2047 istam

764 2096 1167 2170 rationem
1194 2096 1397 2174 dico,
1437 2116 1535 2185 qu
1550 2095 1640 2168 od
1665 2093 1831 2167 tria
1858 2096 2042 2166 sunt
2070 2111 2306 2182 agen-

756 2215 899 2296 tia,
944 2216 1183 2294 Deus,
1222 2216 1519 2284 natura
1586 2214 1663 2285 et
1698 2231 1861 2290 ars,
1899 2214 1976 2282 et
2012 2209 2307 2282 habent

761 2353 843 2403 se
888 2330 1321 2403 secundum
1376 2329 1774 2408 ordinem;
1830 2331 1908 2400 et
1970 2325 2085 2398 sie
2146 2329 2305 2398 ter-

756 2446 962 2518 tium
1009 2445 1573 2539 praesupponit
1615 2443 1989 2516 effectum
2034 2462 2306 2515 secun-

759 2564 859 2645 di,
907 2567 983 2636 et
1030 2562 1462 2636 materiam
1504 2563 1594 2632 de
1665 2580 1821 2653 qua
1867 2561 2302 2653 operatur;

762 2681 875 2753 ita
937 2681 1369 2752 secundum
1428 2678 1801 2751 effectum
1876 2676 2148 2770 primi,
2229 2677 2306 2748 et

760 2795 892 2869 ubi
942 2795 1231 2869 desinit
1302 2793 1655 2889 primum
1699 2792 1979 2886 incipit
2032 2812 2311 2865 seeun-

763 2915 983 2996 dum;
1029 2916 1107 2986 et
1145 2912 1277 2984 ubi
1320 2911 1611 2985 desinit
1658 2911 2120 2993 secundum,
2195 2910 2313 2982 in-

768 3031 961 3124 cipit
1015 3031 1381 3104 tertium.
1433 3029 1639 3104 Dico
1686 3031 1959 3101 autem
2008 3029 2314 3097 desinere

769 3152 1156 3242 quantum
1192 3148 1287 3222 ad
1343 3147 1716 3222 effectum
1761 3165 1906 3240 per
1940 3166 2022 3218 se
2054 3148 2133 3218 et
2169 3143 2312 3217 im-

770 3267 1135 3348 mediate,
1174 3286 1267 3338 eo
1303 3266 1510 3358 quod
1546 3284 1868 3356 semper
1888 3265 2103 3336 Deus
2129 3280 2308 3335 eum

769 3382 987 3455 omni
1023 3387 1311 3473 agente
1348 3384 1779 3474 operatur:
1820 3380 2012 3451 illud
2036 3380 2310 3450 autem

768 3499 973 3592 quod
1007 3519 1053 3569 a
1096 3499 1364 3591 primo
1426 3498 1538 3577 fit,
1584 3517 1745 3568 non
1796 3500 1917 3568 est
1963 3495 2313 3569 materia

772 3619 990 3693 omni
1034 3619 1299 3691 forma
1340 3618 1768 3696 denudata;
1829 3616 2094 3708 primo
2148 3614 2311 3707 qui-

769 3739 970 3818 dem,
1020 3736 1206 3829 quia
1243 3735 1456 3808 aetio
1500 3734 1645 3807 Dei
1688 3733 2189 3805 terminatur
2222 3731 2317 3803 ad

769 3875 910 3928 ens
953 3854 1475 3947 completum.
1535 3851 1915 3931 Secundo,
1964 3849 2152 3942 quia
2194 3850 2317 3922 da-

772 3975 883 4053 to,
952 3971 1153 4063 quod
1218 3968 1564 4040 materia
1604 3969 1818 4039 esset
1865 3964 2035 4038 sine
2097 3964 2315 4037 omni

775 4089 1068 4167 forma,
1124 4088 1314 4159 lieet
1366 4084 1473 4157 sit
1527 4084 1608 4155 in
1662 4083 2049 4176 potentia,
2115 4081 2318 4153 nihil

776 4210 991 4279 esset
1037 4224 1287 4296 supra
1358 4200 1842 4274 materiam:
1895 4199 1972 4271 in
2027 4198 2316 4292 primis

772 4324 984 4396 enim
1020 4319 1562 4394 fundamentis
1605 4322 1920 4390 naturae
1954 4316 2154 4389 nihil
2193 4321 2316 4390 est

774 4460 1047 4532 supra,
1084 4438 1210 4510 vel
1244 4439 1531 4510 eontra
1564 4437 1973 4505 naturam.
2010 4433 2312 4515 Tertio,

775 4556 961 4649 quia
1049 4574 1229 4627 cum
1314 4572 1546 4625 omne
1627 4571 1876 4639 agens
1947 4554 2315 4622 creatum

772 4677 963 4764 agat
1034 4693 1176 4765 per
1254 4671 1603 4762 aliquem
1674 4668 2089 4748 influxum‚
2160 4688 2315 4758 quo

772 4791 1073 4863 alterat
1114 4809 1468 4881 passum,
1519 4787 1649 4879 qui
1689 4786 1765 4858 in
1825 4805 2065 4877 passo
2112 4784 2317 4856 reci-

771 4908 994 5001 pitur
1061 4909 1446 4997 tanquam
1528 4904 1604 4974 in
1668 4902 2058 4993 subjectO,
2159 4921 2318 4973 ma-

771 5025 983 5099 teria
1018 5027 1287 5095 autem
1317 5020 1607 5114 prima,
1638 5022 1725 5091 ut
1749 5021 1871 5090 est
1901 5023 2318 5091 ostensum

773 5143 854 5215 in
890 5139 1235 5213 secundo
1273 5136 1652 5217 articulO,
1688 5155 1850 5207 non
1890 5137 2013 5205 est
2052 5133 2316 5205 imme·

772 5257 1080 5329 diatum
1171 5255 1621 5345 subjeetum
1718 5250 2093 5333 aetioniS,
2188 5252 2320 5323 sed

771 5371 1350 5466 compositum;
1399 5370 1586 5442 dato
1632 5367 1837 5459 quod
1877 5367 2097 5440 Deus
2157 5387 2322 5440 ma-

771 5492 1065 5565 teriam
1108 5490 1403 5581 absque
1458 5484 1672 5557 omni
1699 5484 1965 5556 forma
1992 5484 2321 5565 faceret,

780 5628 1196 5701 nunquam
1268 5606 1718 5699 subjectum
1786 5602 2132 5695 alicujus
2201 5623 2323 5674 ac·

1909 412 2012 476 DE
2055 409 2324 476 RERUM
2368 409 2754 475 PRINCIPIO

2415 570 2670 646 tionis
2731 592 2909 644 esse
2980 575 3286 665 posset.
3370 574 3702 655 Quarto,
3772 568 3932 663 quia

2415 701 2596 765 cum
2657 691 2987 782 agentia
3035 691 3477 774 naturalia,
3535 693 3626 764 de
3676 691 3931 783 quibus

2414 810 2548 884 hic
2608 811 3027 904 loquimur
3088 811 3250 886 sint
3305 809 3791 904 corporalia,
3856 830 3934 884 ae

2418 949 2563 1021 per
2595 927 2747 1001 hoc
2801 933 3051 1020 agant
3095 948 3240 1020 per
3280 927 3653 1019 angulos,
3698 930 3774 999 et
3820 947 3938 1020 py-

2418 1048 2796 1129 ramides,
2860 1048 3091 1120 modo
3166 1045 3741 1140 quantitative,
3817 1046 3938 1118 im·

2415 1164 2803 1257 possibile
2897 1169 3025 1239 est
3096 1166 3306 1256 quod
3384 1183 3670 1236 eorum
3747 1162 3940 1236 actio

2417 1279 2866 1372 recipiatur
2907 1280 2988 1352 in
3031 1280 3396 1373 subjecto
3431 1298 3592 1350 non
3634 1281 3937 1369 quanto,

2419 1397 2773 1471 materia
2806 1401 3083 1471 autem
3133 1396 3306 1470 sine
3347 1397 3619 1470 forma
3652 1398 3943 1468 estnon

2419 1517 2749 1605 quanta.

2511 1630 2742 1711 Item,
2808 1631 2872 1701 1.
2936 1632 3019 1699 de
3088 1632 3555 1713 Generatione,
3619 1644 3777 1701 text.
3840 1634 3940 1705 24.

2416 1745 2742 1827 dicitur,
2807 1746 3017 1837 quod
3070 1746 3140 1821 si
3198 1746 3474 1840 aliqua
3526 1749 3796 1840 passio
3852 1750 3946 1823 sit

2419 1861 2877 1934 communis
2927 1867 3346 1953 generato,
3392 1866 3472 1937 et
3539 1870 3946 1958 corrupto,

2417 1999 2581 2052 non
2635 1983 2963 2071 oportet
2995 1979 3221 2053 illam
3254 1983 3824 2056 transmutari.
3863 1986 3952 2056 Et

2420 2096 2595 2170 1112.
2633 2095 2989 2190 ejusdem
3032 2100 3337 2172 tex-125.
3390 2099 3717 2182 dicitur,
3764 2100 3954 2192 quod

2420 2214 2501 2287 in
2551 2213 3029 2287 habentibus
3087 2214 3572 2305 symbolum,
3646 2215 3958 2289 facilior

2419 2335 2545 2405 est
2587 2329 3015 2411 transitus,
3053 2350 3296 2423 quam
3327 2352 3743 2425 nunquam
3775 2333 3960 2406 mix-

2420 2450 2506 2521 ta
2547 2447 3094 2522 transmutari
3140 2474 3154 2518 :
3200 2469 3384 2521 eum
3428 2448 3686 2539 igitur
3723 2449 3958 2523 omni-

2419 2564 2566 2637 bus
2643 2563 3056 2656 generatis
3142 2568 3220 2638 et
3279 2565 3731 2658 corruptis,
3805 2569 3961 2640 tam

2420 2678 3076 2773 corruptibilitas
3191 2701 3432 2773 quam
3553 2681 3963 2774 quantitas

2423 2797 2530 2871 sit
2580 2797 3062 2879 communis,
3117 2796 3307 2870 licet
3362 2799 3803 2872 secundum
3866 2798 3964 2871 di-

2421 2934 2709 2987 versos
2770 2914 3095 3005 gradus,
3168 2934 3498 2987 necesse
3554 2921 3708 2999 est,
3769 2915 3968 3008 quod

2427 3035 2776 3109 materia
2825 3055 3000 3127 quae
3066 3038 3191 3108 est
3252 3034 3609 3128 primum
3673 3034 3970 3128 subjec-

2423 3156 2597 3227 tum
2639 3151 3221 3244 generationis,
3283 3152 3389 3228 sit
3434 3153 3792 3228 materia
3835 3150 3973 3225 sub

2423 3269 2963 3343 determinata
3014 3270 3473 3361 quantitate
3505 3294 3520 3340 :
3558 3270 3976 3364 quantitas

2424 3389 2696 3458 autem
2739 3405 2898 3458 non
2939 3389 3063 3459 est
3097 3385 3177 3457 in
3213 3387 3565 3462 materia
3603 3387 3783 3459 sine
3823 3385 3978 3458 for-

2429 3521 2559 3575 ma
2596 3501 3142 3584 substantiali,
3190 3501 3378 3594 quia
3406 3503 3779 3576 videmus
3828 3521 3981 3576 ma-

2426 3618 2722 3693 teriam
2780 3618 3093 3691 variari
3173 3619 3253 3690 in
3323 3621 3799 3711 quantitate
3871 3640 3980 3691 se·

2428 3735 2770 3808 eundum
2803 3733 3302 3824 exigentiam
3330 3734 3837 3818 formarum3
3866 3755 3981 3806 er-

2430 3870 2532 3943 go
2594 3851 3007 3943 quantitas
3071 3851 3442 3945 sequitur
3488 3851 3859 3926 formam
3912 3850 3985 3922 in

2432 3968 2806 4043 materia.

2522 4084 2750 4163 Item,
2809 4081 3139 4173 agentia
3219 4082 3640 4156 naturalia
3734 4085 3989 4175 agunt

2430 4221 2677 4273 unum
2720 4200 3316 4291 corrumpendo
3351 4199 3742 4281 alterum,
3811 4219 3991 4274 cor-

2432 4316 2845 4408 rumpitur
2889 4319 3162 4389 autem
3199 4336 3328 4388 res
3375 4336 3421 4388 a
3465 4337 3615 4388 suo
3663 4322 3992 4389 eontra·

2432 4433 2557 4505 rio
2606 4455 2619 4498 :
2674 4432 3114 4525 quantitati
3159 4438 3460 4515 autem,
3508 4438 3591 4507 et
3650 4430 3992 4526 corpori

2425 4548 2629 4622 nihil
2661 4552 2785 4622 est
2819 4549 3362 4632 eontrarium,
3411 4549 3795 4643 alioquin
3843 4571 3994 4623 coe-

2427 4667 2595 4740 lum
2636 4669 2853 4738 esset
2897 4664 3462 4758 corruptibile.

2518 4783 2929 4854 Praeterea
2986 4785 3135 4861 est,
3202 4780 3389 4872 quia
3431 4785 3623 4854 tune
3687 4801 4018 4877 corpus

2431 4897 2743 4973 Christi
2803 4898 3104 4980 vivum,
3187 4901 3267 4971 et
3327 4902 3762 4971 mortuum
3836 4916 3993 4971 non

2428 5020 2647 5089 esset
2709 5015 2912 5088 idem
2981 5034 3309 5106 eorpus,
3366 5013 3555 5106 quia
3631 5015 3996 5090 materia

2433 5131 2603 5204 sine
2644 5130 2917 5204 forma
2957 5150 3119 5202 non
3158 5135 3283 5203 est
3323 5150 3657 5223 corpus.

2523 5248 2767 5321 Ratio
2810 5253 3084 5321 autem
3127 5247 3459 5320 illorum
3500 5249 3799 5323 debilis
3844 5252 3994 5329 est,

2433 5365 2700 5458 prima
2733 5386 2894 5437 non
2931 5365 3174 5448 valet,
3215 5364 3403 5457 quia
3433 5385 3619 5437 cum
3659 5367 3994 5447 dieitur,

2433 5483 2638 5576 quod
2679 5482 2949 5554 forma
3009 5481 3572 5555 substantialis
3616 5485 3766 5558 dat
3819 5506 3998 5557 esse

2428 5604 2641 5682 actu,
2684 5621 2970 5673 verum
3004 5602 3152 5683 est,
3200 5600 3335 5673 sed
3373 5620 3535 5673 non
3566 5600 3993 5699 ultimum,

4055 1664 4111 1715 ¹8.
