4252 6393
512 1573 600 1626 39.

528 4735 610 4784 ⁴0.

430 4797 718 4873 Patr-esae-

399 4869 562 4909 nonu
608 4872 719 4909 non

398 4930 474 4970 est
521 4921 702 4986 defini·

516 4986 608 5034 tio.

429 5554 525 5601 Est
570 5552 694 5600 des-

453 5615 661 5679 criptio.

721 444 842 505 226

712 601 1076 674 omnium
1123 600 1494 678 istarum,
1541 600 1622 669 et
1657 594 1959 668 sufficit
2011 613 2255 685 quan-

713 722 888 790 tum
920 717 1016 789 ad
1068 713 1494 787 scientia-m
1526 712 1769 805 hujus
1818 710 2029 783 libri.

1202 1051 1630 1110 ARTICULUS
1683 1051 1779 1106 IV.

719 1232 815 1299 De
861 1231 1273 1315 delinitione,
1319 1243 1381 1297 et
1418 1231 1872 1317 descriptione
1914 1227 2265 1314 putrefac-

1363 1350 1593 1415 tionis.

813 1546 1044 1617 Nunc
1113 1543 1416 1616 dicitur
1468 1543 1563 1614 ad
1625 1543 2031 1632 quartum,
2093 1555 2268 1629 quae

726 1663 833 1736 sit
872 1662 1258 1743 definitio,
1330 1661 1457 1732 vel
1514 1656 1956 1750 descriptio
2000 1659 2269 1747 putre-

726 1778 1135 1858 factionis,
1209 1776 1409 1847 unde
1484 1775 1755 1868 potius
1822 1771 2078 1845 danda
2146 1772 2272 1841 est

723 1894 1080 1985 ejusdem
1121 1891 1590 1984 descriptio,
1630 1910 1869 1981 quam
1910 1887 2270 1962 definitio

723 2010 994 2083 dicens
1032 2008 1218 2099 quid
1265 2008 1407 2090 rei,
1444 2028 1537 2078 eo
1590 2006 1802 2078 forte
1856 2003 2061 2096 quod
2109 2023 2272 2075 non

727 2147 886 2198 una
931 2147 1087 2206 res,
1137 2144 1281 2197 nec
1337 2124 1610 2216 plures
1657 2143 1785 2194 res
1842 2125 2002 2193 una
2050 2140 2269 2201 vere,

726 2247 808 2315 et
862 2241 1219 2336 proprie,
1285 2245 1364 2314 et
1409 2261 1554 2332 per
1604 2260 1686 2311 se
1731 2236 2274 2311 consistentes

729 2363 916 2431 sunt
978 2355 1516 2449 putrefactio:
1583 2375 1727 2427 nec
1794 2353 2010 2426 enim
2069 2352 2274 2424 cale-

729 2474 977 2549 factio
1022 2473 1260 2554 Solis,
1306 2492 1451 2545 nec
1510 2471 1911 2552 caliditas,
1958 2491 2102 2542 nec
2139 2469 2277 2541 fri-

731 2590 1108 2683 gefactio‚
1172 2610 1316 2661 nec
1368 2587 1807 2679 frigiditas,
1881 2607 2025 2659 nec
2094 2605 2276 2657 con-

730 2706 1125 2788 densatio,
1196 2727 1340 2778 nec
1403 2705 1788 2784 densitas,
1842 2724 1987 2775 nec
2059 2722 2278 2774 rare-

733 2823 1012 2906 facti0,
1077 2844 1220 2895 nec
1291 2822 1539 2896 etia-m
1604 2819 2031 2911 generatio
2102 2817 2277 2889 sub-

733 2940 1176 3020 stantialis,
1199 2960 1340 3011 nec
1375 2938 1803 3031 corruptio
1834 2943 1960 3012 est
2014 2940 2279 3029 putre-

735 3057 1013 3140 facti0,
1062 3056 1194 3128 sed
1250 3055 1461 3129 sicut
1503 3055 1807 3129 dictum
1857 3058 1982 3126 est
2035 3052 2115 3125 in
2167 3073 2280 3123 se-

735 3173 991 3246 cunda
1051 3177 1283 3268 parte
1358 3171 1857 3264 quoestionis,
1928 3169 2283 3264 plurima

739 3289 1277 3382 requiruntur
1365 3289 1457 3360 ad
1562 3286 2276 3381 putrefactionem,

738 3413 932 3501 puta
1006 3407 1282 3500 plures
1344 3405 1866 3485 mutationes,
1934 3423 2284 3496 quarum

739 3526 963 3599 nulla
1032 3525 1207 3597 sola
1267 3528 1483 3597 esset
1549 3509 2067 3616 putrefactio,
2151 3521 2285 3593 sed

740 3643 938 3714 bene
994 3661 1273 3712 omnes
1315 3640 1557 3711 simul
1592 3643 2066 3730 aggregatae
2101 3657 2285 3708 cum

743 3759 1020 3831 ordine
1083 3757 1312 3849 prius
1359 3757 1601 3839 dicte,
1647 3761 1727 3829 et
1800 3756 2030 3827 modo
2098 3753 2285 3826 dici-

740 3880 880 3949 tur
961 3872 1483 3968 putrefactio,
1579 3871 1789 3944 sicut
1884 3870 1989 3943 ibi
2079 3862 2288 3943 'solet

740 3989 1289 4062 communiter
1328 3989 1484 4060 dici
1543 3988 1633 4059 de
1694 3986 2285 4077 augmentatio-

744 4128 841 4179 ne
913 4106 1246 4199 proprie
1341 4105 1581 4185 dicta,
1682 4103 1885 4194 quod
1950 4123 2110 4174 non
2180 4103 2286 4174 sit

745 4245 950 4294 unus
1022 4222 1244 4294 solus
1325 4225 1620 4301 motus,
1699 4220 1830 4292 vel
1903 4219 2280 4301 mutatiO,

746 4341 877 4412 sed
938 4340 1238 4432 plures,
1299 4343 1380 4411 et
1421 4335 1674 4409 adhuc
1729 4336 1988 4426 magis
2031 4336 2285 4408 diver-

745 4477 830 4526 se
889 4455 1187 4528 dicitur
1256 4452 1750 4547 putrefactio
1812 4474 2053 4544 quam
2095 4473 2286 4543 aug-

747 4573 1166 4651 mentatio

837 4693 955 4762 Ex
1016 4689 1299 4781 quibus
1363 4691 1586 4779 patet
1656 4686 1816 4758 ista
1866 4685 2285 4758 conclusio

748 4805 1036 4899 prima,
1085 4805 1289 4896 quod
1319 4801 1942 4895 putrefactionis
1974 4821 2132 4872 non
2164 4805 2287 4873 est

745 4922 1000 4994 danda
1056 4918 1414 4992 definitio
1456 4919 1619 5006 quid
1666 4920 1790 4985 rei.
1849 4916 2284 4997 Probatur,

749 5038 934 5130 quia
976 5036 1089 5110 nil
1123 5039 1246 5110 est
1289 5033 1649 5107 definitio
1691 5035 1856 5122 quid
1887 5037 1988 5100 rei
2021 5036 2288 5124 putre-

747 5150 1172 5232 factionis;
1262 5149 1521 5242 igitur
1587 5148 1812 5220 nulla
1907 5153 2031 5221 est
2114 5148 2289 5220 defi-

745 5269 950 5343 nitio
1009 5270 1170 5357 quid
1227 5270 1352 5335 rei.
1400 5263 2000 5354 Consequentia.
2036 5268 2285 5356 patet,

745 5391 826 5459 et
858 5384 1336 5457 antecedens
1369 5400 1467 5451 ex
1495 5379 1666 5469 jam
1699 5378 1961 5452 dictis.

837 5501 1195 5574 Secunda
1256 5495 1699 5576 conclusio,
1770 5495 2289 5587 putrefactio-

747 5620 873 5692 nis
936 5622 1061 5690 cst
1101 5615 1356 5688 danda
1413 5613 1880 5706 descriptio,
1941 5613 2069 5685 vel
2130 5616 2293 5703 quid

1900 405 2043 497 mn.
2097 433 2191 496 ιν.
2241 404 2781 497 im'rssonouuu

2369 597 2689 662 nominis.
2742 595 2910 667 Hoc
2965 600 3212 687 patet,
3274 595 3465 688 quia
3523 594 3914 691 explicari

2377 731 2522 803 per
2566 711 3024 785 orationem
3088 716 3274 803 quid,
3313 718 3394 789 et
3432 719 3744 804 qualiter,
3781 715 3923 792 hoc

2385 829 2881 921 putrefactio
2962 830 3313 921 signat;
3400 833 3683 925 igitur,
3764 840 3910 909 etc.

2381 948 2982 1038 Consequentia
3087 952 3340 1040 patet,
3445 952 3924 1025 antecedens

2375 1063 2846 1136 declaratur
2875 1063 3130 1156 prius.

2418 1180 2753 1254 ·Tertia
2830 1182 3286 1266 conclusio,
3373 1187 3581 1277 quod
3653 1191 3918 1280 potest
3963 1194 4192 1257 Putretoe·

2376 1297 2753 1380 describi,
2800 1299 3015 1374 sicut
3094 1302 3589 1377 Aristoteles
3662 1304 3918 1396 ipsam

2379 1413 2791 1497 describit,
2850 1417 2992 1497 Sic,
3032 1417 3238 1508 quod
3288 1431 3381 1487 est
3430 1423 3776 1509 corruptio
3813 1443 3921 1487 ca-

2382 1532 2674 1599 liditatis
2721 1536 3023 1622 propria„²
3062 1537 3135 1603 in
3185 1538 3590 1603 humiditate
3640 1539 3923 1625 propria

2381 1671 2422 1713 cz
2452 1649 2800 1716 caliditate
2827 1653 3077 1734 aliena,
3113 1655 3219 1719 vel
3245 1654 3642 1741 sriqiditate
3668 1655 3921 1722 aliena.

2386 1764 2487 1836 Et
2548 1762 2715 1836 hirc
2774 1765 3220 1858 descriptio
3285 1771 3509 1858 patet
3573 1788 3672 1839 ex
3736 1788 3930 1861 prae-

2383 1879 2648 1953 dictis
2724 1882 2870 1953 Sed
2931 1887 3153 1963 nota,
3222 1884 3429 1975 quod
3495 1882 3714 1958 forte
3774 1906 3931 1958 non

2385 2001 2510 2070 est
2543 1997 2952 2070 sufficiens
2985 1999 3457 2093 descriptio,
3495 2006 3575 2075 et
3600 2024 3930 2075 conver-

2385 2112 2733 2187 tibiliter
2777 2137 2861 2187 se
2897 2114 3201 2188 habens
3260 2138 3445 2189 cum
3491 2119 3935 2213 descripto,

2390 2230 2580 2322 quia
2644 2232 3067 2307 multoties
3119 2236 3699 2328 corrumpitur
3748 2237 3939 2309 cali-

2387 2348 2599 2421 ditas
2665 2350 3007 2442 propria
3070 2373 3115 2422 a
3177 2353 3600 2427 caliditate
3659 2355 3933 2426 aliena

2391 2464 2471 2536 in
2506 2464 2991 2540 humiditate
3043 2489 3215 2552 sua,
3283 2469 3453 2541 sive
3525 2472 3940 2564 putrefac-

2392 2580 2636 2662 tione,
2700 2583 2910 2658 sicut
2963 2589 3189 2676 patet
3239 2587 3329 2658 de
3369 2587 3700 2660 flamma
3741 2589 3938 2660 lam-

2391 2697 2641 2788 padis,
2699 2700 3173 2775 adveniente
3227 2721 3523 2793 magno
3586 2703 3800 2793 igne,
3845 2709 3925 2778 et

2393 2822 2923 2892 consumente
2964 2818 3398 2911 aliquando
3433 2824 3724 2904 totum,
3782 2842 3942 2894 non

2393 2938 2668 3007 tamen
2698 2936 2789 3008 fit
2822 2934 3345 3027 putrefactio.
3390 2937 3573 3010 Ideo
3609 2942 3942 3030 oportet

2397 3051 2655 3123 multa
2700 3054 3026 3144 apponi,
3090 3052 3465 3127 videlicet
3527 3056 3733 3146 quod
3810 3077 3943 3148 pu-

2398 3165 2782 3242 trefactio
2851 3173 2976 3244 est
3048 3170 3325 3262 plures
3398 3171 3938 3254 mutationes,

2399 3284 2613 3358 inter
2647 3306 2845 3376 quas
2879 3292 3003 3360 est
3034 3287 3464 3381 corruptio
3493 3288 3944 3364 caliditatis

2365 3401 2757 3494 ‚propriae
2824 3403 2902 3474 in
2965 3402 3472 3488 humiditate,
3527 3409 3607 3479 et
3665 3405 3950 3478 calidi-

2397 3521 2568 3591 tate
2637 3519 2903 3592 aliena
2961 3521 3229 3594 active
3296 3522 3788 3614 proveniens
3848 3543 3945 3594 ex

2401 3636 2935 3726 qualitatibus
2971 3638 3261 3729 primis
3295 3639 3616 3720 activis,
3651 3644 3732 3714 et
3768 3660 3949 3733 pas·

2401 3753 2624 3835 sivis,
2698 3775 3109 3846 nunquam
3173 3777 3221 3829 a
3273 3757 3947 3849 dispositionibus

2399 3870 2778 3962 subjecti,
2860 3891 2907 3943 a
2993 3872 3529 3963 qualitatibus
3635 3874 3945 3965 primis

2402 3988 2776 4080 passiviS,
2848 3989 2976 4060 vel
3038 3990 3330 4082 primis
3390 3990 3949 4082 {equivalenti-

2400 4113 2571 4184 bus,
2610 4117 2708 4186 Et
2740 4118 2864 4187 est
2897 4115 3165 4206 prima
3196 4117 3292 4187 ad
3324 4115 3950 4208 corruptionem

2400 4239 2689 4312 formae
2735 4239 2971 4313 mixti
3016 4240 3094 4311 in
3140 4247 3399 4333 parte,
3446 4248 3526 4317 et
3561 4242 3954 4316 similiter

2402 4366 2496 4435 ad
2529 4365 3143 4454 generationem
3187 4366 3530 4440 alterius
3568 4368 3835 4449 mixti,
3873 4370 3953 4441 et

2403 4512 2743 4582 sequens
2777 4492 3025 4565 etiam
3061 4493 3681 4583 generationem
3708 4491 3951 4566 mixti

2400 4615 2744 4688 alterius
2791 4616 3199 4691 elementi.
3258 4621 3359 4693 Et
3411 4619 3623 4693 sicut
3658 4640 3759 4691 ex
3793 4619 3948 4692 dic-

2403 4740 2509 4812 tis
2556 4741 2783 4832 prius
2834 4743 3107 4815 omnia
3161 4743 3405 4816 simul
3463 4764 3949 4837 comparan-

2403 4868 2525 4948 do,
2584 4871 2814 4960 potes
2868 4869 3242 4962 accipere
3286 4868 3472 4962 quid
3521 4869 3630 4944 sit
3675 4874 3951 4962 putre·

2404 4991 2683 5074 factio,
2719 4997 2799 5066 et
2844 4998 3039 5086 quot
3075 4994 3597 5077 mutationes,
3633 4998 3714 5068 et
3760 5015 3952 5087 qua·

2404 5117 2522 5189 les
2602 5118 2845 5190 simul
2906 5124 3383 5210 aggregatae
3450 5120 3735 5194 debent
3794 5119 3954 5193 dici

2407 5242 2929 5333 putrefactio,
2986 5246 3066 5316 et
3110 5244 3389 5335 quales
3424 5264 3608 5316 non.
3668 5246 3953 5318 Potest

2404 5366 2653 5438 etiam
2688 5367 2887 5448 addi,
2927 5368 3131 5459 quod
3173 5374 3298 5443 est
3339 5369 3771 5463 corruptio
3817 5390 3953 5442 na-

2406 5496 2490 5565 tu
2507 5492 2730 5576 raliS,
2769 5515 2926 5565 non
2960 5495 3345 5569 violenta.
3382 5496 3601 5569 Unde
3635 5497 3951 5571 Aristo-

2408 5617 2606 5690 teles
2651 5620 3039 5710 opinatur
3079 5620 3729 5695 combustionem
3767 5640 3952 5694 esse

3966 1257 4030 1308 tio
4051 1259 4157 1322 quid
4183 1258 4192 1305 Ι
