4252 6393
1640 427 2000 514 QuAEs'rlo
2050 433 2149 501 vn

329 619 452 693 per
526 603 860 673 terram.
954 600 1054 673 Et
1140 620 1391 673 eausa
1477 621 1638 673 non
1712 604 1836 674 est

328 713 486 795 alia,
532 713 715 806 quia
758 714 907 787 hoc
953 714 1249 788 habent
1298 736 1397 786 ex
1444 714 1834 791 instinctu

329 836 638 912 naturae,
729 831 898 904 sive
978 831 1414 906 instinctus
1503 832 1637 905 ille
1730 835 1838 909 sit

330 946 686 1038 cognitio,
743 948 913 1021 sive
954 969 1137 1020 non.

98 1084 305 1135 secanam
400 1061 833 1133 Secundum
876 1062 1199 1152 signum
1263 1069 1387 1137 est
1431 1063 1837 1137 turbulen-

106 1772 277 1821 rernm.

91 3528 271 3581 Quintum

328 1177 423 1251 tia
452 1199 675 1271 aquae
736 1186 1167 1272 puteorum
1201 1186 1281 1254 et
1327 1182 1667 1262 salse‹l0‚
1712 1181 1840 1252 vel

325 1295 514 1370 alter
577 1317 837 1389 vapor
910 1298 1458 1381 inconsuetuS,
1550 1304 1628 1372 et
1688 1300 1838 1373 hoc

326 1417 431 1485 est
470 1419 808 1507 propter
879 1417 1550 1491 commixtionem
1602 1419 1841 1492 exha-

326 1529 630 1603 lationis
700 1531 914 1604 infra
976 1537 1290 1606 terram
1370 1557 1553 1608 cum
1633 1557 1843 1629 aqua

327 1646 521 1718 illius
562 1648 808 1739 putei.

403 1763 755 1837 Tertium
800 1766 1122 1856 signum
1155 1772 1306 1848 est,
1362 1770 1676 1859 quando
1715 1790 1842 1841 res

324 1885 744 1960 existentes
827 1888 905 1959 in
965 1887 1179 1961 mari
1256 1890 1841 1981 quodammodo

323 2005 685 2084 tremunt,
751 2009 833 2076 et
893 2012 1325 2081 moventur
1402 2032 1416 2075 :
1480 2010 1562 2079 et
1629 2004 1844 2078 forte

322 2138 549 2191 causa
581 2123 730 2201 est,
769 2120 961 2212 quia
1009 2122 1483 2215 aliqualiter
1526 2141 1845 2194 moven-

322 2238 444 2305 tur
495 2256 541 2307 a
588 2240 820 2327 parte
862 2236 1410 2311 exhalationis
1470 2237 1843 2311 exeuntis

320 2348 401 2422 de
435 2355 678 2425 terra.
1292 2413 1298 2417 .

398 2474 791 2552 Quartum
827 2471 1151 2560 signum
1193 2476 1319 2545 est
1362 2477 1641 2547 tumor
1685 2491 1845 2543 ma-

320 2586 422 2658 ris
500 2587 1024 2663 inconsuetus
1115 2589 1287 2661 sine
1361 2594 1604 2664 vento
1680 2612 1694 2655 :
1763 2593 1844 2662 et

317 2723 551 2776 causa
583 2704 821 2796 hujus
855 2709 1005 2785 est,
1045 2706 1233 2796 quia
1278 2706 1843 2780 exhalationes

320 2819 638 2891 inclusae
711 2820 931 2892 infra
992 2826 1307 2894 terram
1369 2828 1843 2914 appetentes

319 2938 736 3010 ascendere
786 2959 1140 3019 sursum,
1184 2939 1275 3010 de
1308 2938 1529 3013 facto
1574 2960 1845 3012 ascen·

316 3053 533 3135 dunt,
614 3056 907 3128 saltem
992 3060 1264 3148 partes
1343 3056 1841 3139 subtilioreS,

318 3189 479 3262 quae
525 3173 1165 3247 commiscentur
1217 3174 1429 3247 mari
1463 3174 1540 3246 in
1574 3195 1845 3248 ascen-

318 3308 424 3369 su,
468 3290 662 3361 etin
700 3290 839 3362 illa
871 3291 1458 3364 commixtione
1492 3293 1847 3366 eflicitur

316 3407 593 3477 tumor
643 3408 927 3479 maris,

395 3521 781 3603 (mintum
865 3524 1187 3615 signum
1276 3530 1424 3605 est,
1510 3528 1601 3597 de
1690 3547 1845 3618 quo

316 3638 601 3729 quaerit
679 3641 1048 3732 quaestio,
1135 3647 1216 3714 et
1300 3643 1549 3714 etiam
1624 3643 1849 3734 ponit

317 3754 823 3838 Aristoteles,
889 3757 1204 3831 scilieet
1259 3758 1843 3849 tranquillitas,

318 3871 496 3961 quia
560 3874 959 3948 existente
1028 3874 1656 3966 tranquillitate,
1720 3896 1849 3947 ex-

314 3986 616 4061 halatio
701 4010 874 4081 quae
951 3995 1074 4064 est
1150 3991 1499 4065 materia
1582 3992 1844 4071 venti,

318 4103 751 4180 includitur
795 4105 1007 4178 infra
1062 4112 1400 4196 terram,
1447 4113 1526 4182 et
1568 4130 1662 4179 ex
1699 4108 1849 4181 tali

319 4219 757 4295 inclusione
819 4229 1217 4299 causatur
1293 4230 1844 4307 terraemotus,

319 4356 669 4412 unacum
703 4340 890 4412 aliis
934 4341 1231 4414 causis

401 4456 545 4527 Sed
587 4456 1022 4538 sciendum,
1092 4462 1431 4551 propter
1483 4458 1847 4531 rationes

319 4569 393 4641 in
455 4574 944 4665 oppositum,
1010 4575 1217 4666 quod
1286 4576 1847 4667 tranquillitas

319 4706 471 4759 non
530 4695 649 4763 est
719 4691 1044 4782 signum
1104 4692 1637 4765 convertibile
1690 4699 1849 4767 ter-

324 4811 725 4889 raemotus,
774 4808 968 4899 quia
1036 4829 1246 4901 saepe
1307 4809 1846 4883 fiunt-terrae-

323 4928 606 5007 motus,
654 4932 739 4999 ut
800 4925 995 4999 (licit
1056 4926 1545 5000 Aristoteles
1594 4932 1661 4996 in
1722 4933 1848 4997 isto

315 5039 609 5112 mundo.
691 5059 851 5110 non
928 5038 1330 5113 existente
1389 5039 1846 5131 tranquilli-

319 5153 505 5222 tate.
565 5157 827 5227 Causa
910 5159 1061 5235 est‚
1135 5156 1321 5246 quia
1418 5175 1578 5226 una
1656 5176 1844 5247 pars

318 5266 853 5344 exhalationis
891 5272 1200 5344 inclusa
1246 5275 1371 5346 est
1432 5272 1643 5342 infra
1690 5276 1845 5345 ter-

322 5403 523 5465 ram,
607 5394 685 5461 et
760 5387 924 5460 alia
1003 5409 1278 5481 supra,
1376 5409 1517 5479 per
1603 5409 1842 5479 quam

320 5509 698 5576 causatur
754 5509 1069 5585 ventus,
1116 5509 1195 5578 et
1248 5504 1397 5577 hoc
1442 5503 1847 5593 contingit

321 5619 727 5715 quandoqu
831 5643 931 5696 ex
1017 5623 1194 5706 hoc,
1286 5621 1475 5717 quia
1555 5626 1847 5699 ventus

3364 433 3474 501 155

1948 601 2279 673 veniens
2321 601 2420 673 ab
2470 623 2627 674 una
2676 605 2912 695 parte
2956 605 3178 677 totus
3230 599 3490 675 intrat

1951 720 2172 790 terra
2190 739 2265 790 m
2303 740 2445 812 per
2481 720 2757 804 rimaS,
2812 724 2893 793 et
2933 717 3492 791 concavitates

1950 834 2225 913 terrae,
2306 839 2386 906 et
2461 838 2743 927 postea
2815 837 3106 906 ventus
3163 832 3495 905 veniens

1954 947 2053 1018 ab
2117 948 2281 1020 alia
2325 955 2559 1042 parte
2609 948 2913 1024 transit
2971 948 3085 1021 sie
3138 969 3283 1041 per
3341 953 3498 1022 ter-

1955 1083 2158 1135 ram.
2204 1068 2507 1139 Verum
2562 1071 2687 1140 est
2731 1071 3002 1141 tamen
3053 1066 3260 1157 quod
3306 1068 3496 1138 tunc

1951 1180 2154 1254 fiunt
2217 1183 2574 1274 majores
2640 1185 3190 1262 terraemotus,
3257 1202 3499 1273 quan·

1950 1299 2048 1369 do
2092 1302 2270 1372 tota
2327 1299 2745 1374 exhalatio
2791 1297 3229 1371 includitur
3283 1298 3498 1371 infra

1954 1419 2293 1496 terram,
2348 1421 2428 1490 et
2477 1421 2602 1490 est
2643 1414 3203 1508 tranquillitas
3248 1435 3499 1508 supra

1956 1538 2297 1606 terrani.

2046 1652 2407 1722 Secundo
2480 1657 2724 1744 patet,
2772 1654 2978 1744 quod
3029 1673 3189 1724 non
3232 1652 3339 1725 sit
3401 1652 3500 1724 si-

1957 1785 2204 1853 gnum
2264 1768 2821 1851 convertibile,
2887 1770 3074 1860 quia.
3140 1790 3352 1862 saepe
3408 1768 3500 1844 fit

1957 1885 2517 1975 tranquillitas
2561 1906 2723 1957 non
2760 1886 3162 1961 existente
3220 1889 3501 1961 terrae-

1959 2002 2181 2071 motu
2248 2004 2407 2073 :et
2493 2000 2644 2075 hoe
2726 2022 2872 2095 pro
2961 2006 3227 2086 tant0‚
3312 2001 3502 2094 quia

1959 2117 2522 2207 tranquillitas
2585 2118 2722 2190 illa
2765 2121 2853 2192 fit
2904 2123 3244 2211 propter
3293 2118 3499 2191 alias

1956 2251 2273 2314 causas,
2355 2255 2594 2326 quam
2659 2240 2997 2329 propter
3065 2235 3500 2310 introitum

1955 2350 2506 2425 exhalationis
2579 2352 2790 2425 infra
2892 2358 3230 2437 terram,
3310 2351 3501 2445 quia

1962 2472 2305 2560 propter
2385 2470 3096 2563 consumptionem
3178 2469 3501 2542 exhala-

1958 2585 2206 2659 tionis
2258 2609 2304 2658 a
2356 2588 2564 2668 Sole,
2635 2592 2776 2662 aut
2839 2608 2981 2680 per
3043 2587 3503 2661 conversio·

1957 2723 2140 2774 nem
2215 2705 2471 2798 ipsius
2543 2705 2621 2776 in
2665 2726 3058 2798 vaporem
3116 2709 3197 2778 et
3257 2709 3503 2777 mate·

1961 2820 2173 2893 riam
2220 2843 2474 2914 aquae,
2531 2823 2658 2894 vel
2707 2822 2955 2896 etiam
3007 2822 3169 2895 alio
3238 2821 3499 2902 modo,

1960 2939 2303 3020 scilicet,
2371 2941 2683 3032 quando
2737 2938 3152 3011 exhalatio
3203 2942 3328 3012 est
3376 2957 3503 3009 su·

1963 3077 2110 3149 pra
2157 3059 2491 3138 terram,
2538 3062 2616 3129 et
2650 3057 2962 3148 quando
3006 3059 3131 3128 est
3165 3074 3505 3145 magnus

1959 3178 2290 3255 ventus;
2363 3178 2443 3248 et
2504 3178 2692 3248 tunc
2762 3172 3173 3265 frigiditas
3231 3192 3507 3266 super-

1959 3290 2290 3365 veniens
2359 3291 2753 3384 praevenit
2821 3289 3354 3379 congelandO,
3425 3296 3506 3365 et

1960 3409 2591 3500 constringendo
2644 3429 2892 3500 poros
2947 3411 3195 3481 terrae
3247 3406 3508 3500 prius·

1962 3549 2203 3622 quam
2263 3525 2664 3597 subintret
2705 3522 3146 3603 exhalatio,
3193 3527 3273 3595 et
3315 3525 3506 3595 tunc

1962 3645 2363 3717 existente
2413 3642 2594 3731 gelu
2653 3640 2856 3713 fiunt
2915 3639 3188 3730 magni
3255 3640 3504 3712 venti.

2068 3764 2404 3833 Sextum
2509 3757 2835 3847 signum
2930 3759 3055 3831 est
3187 3756 3507 3847 quidam

1964 3898 2239 3956 sonus,
2346 3875 2439 3944 ad
2502 3873 2821 3944 modum
2904 3872 3289 3963 mugitus,
3380 3872 3509 3946 vel

1964 3994 2202 4075 tubae,
2256 3989 2575 4064 auditus
2622 3989 2834 4060 infra
2869 3992 3206 4063 terram.
3244 3992 3509 4063 Causa

1961 4114 2111 4190 est,
2187 4108 2376 4201 quia
2426 4110 2616 4178 tune
2682 4103 3096 4178 exhalatio
3165 4104 3510 4179 interius

1962 4225 2280 4297 inclusa
2325 4222 2608 4315 incipit
2662 4220 3123 4302 fortificari,
3198 4224 3279 4295 et
3336 4241 3511 4313 per-

1962 4342 2279 4414 cutitur
2346 4341 2441 4412 ad
2520 4340 2785 4411 latera
2866 4341 3136 4419 terrae,
3223 4339 3509 4429 quibus

1962 4459 2458 4538 continetur,
2504 4462 2583 4529 et
2634 4475 2732 4526 ex
2785 4454 2926 4525 illa
2979 4454 3508 4547 percussione

1961 4580 2354 4648 causatur
2395 4594 2668 4653 sonim,
2717 4572 2852 4664 qui
2908 4572 3508 4665 multiplicatur

1962 4698 2054 4769 ad
2125 4694 2486 4766 auditum
2558 4695 2936 4763 nostrum
3017 4710 3160 4782 per
3228 4695 3506 4782 partes

1961 4810 2430 4885 subtiliores
2505 4803 3052 4879 exhalationis
3135 4804 3508 4877 exeuntis

1965 4949 2107 5021 per
2171 4948 2419 5020 poros
2466 4931 2738 4997 terrae.

3564 3785 3809 3837 Sextum.

2050 5043 2501 5136 Septimum
2553 5042 2901 5131 signum,
2951 5046 3075 5115 est
3136 5039 3499 5132 quaedam
3535 5062 3847 5128 sepianum.

1960 5159 2354 5232 nubecula
2426 5179 2704 5252 parva,
2795 5158 3071 5247 longa,
3143 5162 3223 5231 et
3291 5152 3496 5234 alba,

1959 5278 2264 5350 situata
2357 5297 2645 5347 versus
2730 5278 3149 5349 occasum.
3239 5280 3503 5349 Causa

1959 5400 2107 5473 est,
2165 5393 2352 5485 quia
2418 5396 2606 5465 tunc
2668 5392 2990 5481 signum
3068 5396 3216 5473 est,
3298 5395 3502 5484 quod

1961 5531 2118 5582 non
2190 5515 2376 5581 sunt
2445 5509 2666 5581 venti
2737 5508 3148 5601 superius,
3214 5509 3501 5599 quihus

1958 5623 2471 5702 distrahatur
2532 5623 2670 5696 illa
2720 5622 3139 5707 nubecula,
3201 5627 3281 5700 et
3328 5622 3501 5698 ideo
