4252 6393
1669 387 2033 470 QuAEsrto
2080 389 2208 456 vm
3396 393 3512 455 333

330 572 458 625 nec
498 553 862 645 potentia
920 555 1046 626 est
1084 551 1619 634 extensibilis,
1684 553 1855 624 idco
1969 557 2294 646 sumpta
2407 554 2488 626 in
2579 552 3120 628 determinato
3227 571 3522 644 genere

328 670 556 743 aliter
655 673 782 742 est
885 668 1398 742 indivisibilis
1505 670 1855 741 materia
1970 692 2130 743 non
2215 676 2337 744 est
2429 672 2826 762 unigenea
2913 692 3095 744 cum
3167 671 3519 745 materia

323 792 525 876 primo
559 791 811 876 prima,
847 786 1091 861 aliter
1149 786 1496 858 materia
1537 785 1848 876 Angeli.

328 905 532 977 Hanc
594 907 868 976 autem
926 902 1659 976 indivisibilitatem
1720 901 1853 973 ha-

321 1022 438 1094 bet
486 1022 837 1095 materia
916 1022 1234 1113 Angeli,
1310 1024 1395 1093 ut
1465 1025 1591 1093 est
1658 1021 1852 1092 talis

319 1139 862 1213 determinatae
902 1143 1246 1220 naturae,
1295 1139 1505 1211 sicut
1548 1139 1850 1210 animal

322 1260 567 1349 potest
637 1278 817 1330 esse
868 1256 1297 1337 rationale,
1360 1256 1852 1330 velirratio-

321 1367 510 1447 nale,
547 1367 699 1442 hoc
732 1369 895 1444 tale
935 1371 1271 1452 animal,
1330 1374 1525 1463 puta
1578 1370 1846 1452 homo,

322 1505 452 1576 per
482 1506 716 1557 suam
748 1487 1216 1568 essentiam,
1265 1489 1381 1561 sic
1433 1493 1556 1562 est
1606 1487 1851 1560 ratio-

324 1601 514 1686 nale,
580 1604 788 1695 quod
829 1625 973 1676 nec
1015 1606 1231 1687 actu,
1280 1625 1424 1677 nec
1487 1605 1852 1697 potentia

323 1720 433 1790 est
485 1719 997 1792 irrationale.

406 1837 628 1917 Item,
664 1856 848 1909 cum
908 1838 1268 1911 activum
1313 1841 1391 1910 et
1436 1837 1852 1930 passivum

325 1952 472 2026 sint
508 1954 1141 2046 proportionata
1182 1959 1260 2028 et
1320 1956 1847 2037 correlativa,

322 2070 390 2139 et
429 2073 803 2161 aspectus
845 2090 1135 2141 eorum
1194 2071 1534 2162 aequalis
1605 2071 1850 2144 ambi-

323 2187 462 2265 tus,
526 2186 607 2256 ut
697 2188 923 2279 patet
1004 2185 1086 2258 in
1163 2187 1528 2279 potentia
1586 2187 1851 2260 visiva

320 2303 389 2371 et
428 2301 724 2384 colore,
793 2303 1227 2375 secundum
1286 2303 1851 2376 diversitatem

321 2418 719 2508 agentium
789 2423 1059 2511 potest
1109 2420 1364 2512 accipi
1412 2421 1849 2493 diversitas

324 2533 699 2607 materiae.
773 2536 1005 2607 Nunc
1098 2540 1371 2608 autem
1456 2536 1843 2618 videmus,

323 2650 512 2741 quod
576 2671 716 2722 ars
758 2671 918 2724 non
958 2651 1197 2724 habet
1240 2653 1405 2725 vim
1485 2657 1625 2726 aut
1686 2653 1849 2725 for-

322 2783 542 2847 mam,
607 2788 752 2860 per
813 2787 1055 2859 quam
1122 2772 1315 2859 agat
1396 2770 1699 2861 aliquid
1757 2771 1848 2842 de

321 2886 672 2969 materia,
711 2906 887 2978 quae
937 2891 1059 2960 est
1106 2886 1556 2979 subjectum
1618 2907 1848 2977 gene-

321 3000 691 3074 rationis:
755 3022 915 3074 non
982 3005 1199 3074 enim
1255 3007 1521 3094 potest
1576 3004 1843 3078 facere

1966 789 2313 861 alterius
2348 789 2699 879 generis.

2061 904 2289 982 Item,
2367 906 2784 974 ostensum
2846 905 2968 974 est
3031 901 3236 993 quod
3281 922 3515 973 omne

1970 1037 2113 1108 per
2185 1041 2267 1089 se
2323 1018 2774 1090 subsistens
2840 1018 2917 1090 in
2987 1038 3282 1108 genere
3346 1017 3523 1087 sub-

1965 1133 2314 1214 stantiae,
2341 1139 2463 1207 est
2489 1134 3030 1227 compositum
3054 1156 3149 1205 ex
3173 1133 3520 1206 materia

1964 1252 2042 1320 et
2114 1249 2435 1330 forma,
2524 1271 2724 1341 ergo
2795 1251 3004 1324 sicut
3056 1251 3359 1323 entitas
3431 1252 3509 1321 ct

1966 1365 2428 1439 substantia
2501 1367 2616 1439 rei
2677 1370 3002 1439 constat
3060 1388 3158 1437 ex
3217 1365 3509 1458 duplici

1966 1483 2400 1577 principio,
2442 1485 2558 1558 sic
2617 1485 2791 1578 ejus
2834 1486 3103 1557 unitas
3146 1490 3226 1557 et
3257 1485 3512 1555 diver-

1968 1600 2172 1671 sitas
2240 1620 2422 1672 cum
2492 1602 2653 1674 alio
2715 1607 2898 1675 ente
2957 1605 3348 1673 causatur
3413 1621 3513 1672 ex

1965 1717 2305 1796 unitate,
2368 1721 2449 1789 et
2514 1718 2996 1792 diversitate
3075 1716 3512 1810 principio-

1969 1853 2152 1904 rum
2239 1834 2414 1924 ejus
2501 1836 2593 1906 ad
2664 1835 3070 1927 principia
3125 1833 3504 1914 alterius;

1965 1969 2164 2039 crgo
2209 1950 2273 2022 si
2320 1949 2540 2023 entia
2577 1951 2656 2022 in
2689 1971 2982 2040 genere
3033 1949 3509 2022 substantiae

1960 2065 2343 2139 differunt
2428 2066 2897 2138 subalterno
2977 2086 3295 2158 genere,
3364 2087 3508 2137 nu-

1966 2203 2219 2265 merO,
2255 2182 2381 2255 vel
2425 2185 2714 2276 specie,
2768 2203 3053 2256 eorum
3102 2184 3508 2276 principia

1965 2300 2146 2390 pari
2199 2301 2432 2372 modo
2472 2299 2878 2372 differunt.

2056 2418 2285 2497 Item,
2343 2418 2550 2491 sicut
2628 2439 2789 2491 non
2864 2421 2986 2491 est
3045 2419 3236 2492 darc
3309 2418 3506 2491 duas

1964 2534 2300 2627 species,
2373 2555 2518 2626 per
2576 2535 2971 2626 aequalem
3031 2534 3506 2607 distantiam

1962 2651 2362 2732 entitatis,
2434 2652 2554 2723 vel
2623 2651 3131 2725 actualitatis
3212 2651 3503 2744 primi,

1963 2767 2078 2840 sic
2132 2789 2276 2839 nec
2337 2769 2418 2840 in
2476 2773 2778 2842 natura
2827 2769 3018 2840 dare
3077 2768 3272 2840 duas
3333 2789 3509 2860 spe-

1962 2883 2151 2964 cies,
2225 2888 2607 2957 naturam
2679 2885 3002 2975 generis
3080 2885 3512 2977 aequaliter

1960 3001 2552 3093 participantes
2601 3029 2615 3072 ε
2669 3005 3010 3094 propter
3050 3005 3255 3094 quod
3313 3003 3504 3076 dicit

1962 3117 2478 3200 Aristotcles,
2546 3120 2749 3211 quod
2815 3119 3503 3211 aequivocationes
3582 3132 3805 3183 2.Post·

1961 3233 2216 3306 latent
2262 3235 2342 3307 in
2411 3236 2843 3327 generibus
2900 3261 2914 3304 :
2979 3238 3056 3307 et
3100 3241 3171 3304 in
3213 3239 3326 3305 zib.
3391 3239 3498 3309 10.
3536 3196 3853 3313 “AEssffffi

1959 3351 2246 3438 Metaph.
2304 3364 2461 3419 teaet.
2524 3375 2688 3419 com.
2749 3353 2855 3423 13.
2923 3352 3131 3442 quod
3183 3372 3504 3443 semper
3533 3320 3846 3450 paefssssf'tgst,

1958 3465 2224 3537 altera
2255 3466 2728 3539 differentiae
2772 3468 3082 3559 species
3126 3472 3251 3540 est
3283 3468 3500 3540 nobi·
3531 3446 3611 3496 ³²·

319 3112 594 3201 lanam,
638 3139 784 3191 nec
818 3117 1055 3192 habet
1086 3119 1253 3190 vim
1287 3122 1424 3191 aut
1460 3119 1841 3203 forma-m,

320 3251 448 3322 per
487 3256 723 3327 quam
764 3235 1011 3308 faciat
1075 3235 1656 3319 indumentum,
1715 3238 1842 3308 vel

322 3364 450 3438 per
487 3372 723 3443 quam
793 3351 1121 3444 aliquod
1160 3350 1412 3426 faciat
1463 3354 1553 3425 de
1598 3358 1844 3427 matc-

325 3464 433 3537 ria
494 3467 711 3550 coeli;
788 3489 988 3560 ergo
1069 3468 1233 3541 alia
1300 3473 1421 3541 est
1494 3471 1845 3543 materia

325 3584 641 3675 propria
710 3584 913 3666 coeli,
987 3583 1299 3675 Angeli,
1346 3590 1689 3667 naturae,
1763 3592 1843 3660 et

324 3699 540 3781 artis;
574 3705 654 3774 et
692 3702 807 3773 ita
838 3702 1091 3775 etiam
1130 3702 1508 3774 differens
1545 3723 1843 3793 genere

323 3815 792 3900 subalterno,
836 3818 963 3891 vel
1006 3819 1295 3910 specie,
1364 3819 1445 3891 in
1489 3820 1842 3912 particu-

323 3928 603 4005 laribus
634 3936 991 4017 entibus,
1030 3939 1114 4008 ut
1149 3936 1313 4007 alia
1349 3936 1454 4008 sit
1492 3937 1843 4010 materia

322 4050 634 4142 propria
674 4052 1056 4135 hominIS,
1128 4052 1294 4125 alia
1334 4053 1544 4144 equi,
1592 4057 1669 4125 et
1724 4054 1840 4126 sie

319 4161 399 4235 de
426 4166 624 4241 aliis.

401 4279 613 4363 Item,
681 4286 1098 4356 ostensum
1158 4286 1281 4355 est
1348 4305 1577 4371 supra,
1636 4283 1843 4373 q-uod

324 4400 642 4473 materia
697 4400 1001 4474 dicitur
1048 4401 1392 4495 propria
1444 4402 1524 4474 in
1583 4404 1841 4475 deter-

325 4513 602 4591 minato
655 4537 974 4609 genere,
1050 4540 1194 4612 per
1252 4519 1555 4610 aliquid
1623 4518 1840 4592 addi-

322 4628 471 4701 tum
526 4633 619 4706 ad
696 4635 1132 4707 materiam
1206 4639 1429 4723 primo
1502 4639 1837 4724 primam,·

324 4760 526 4821 omne
564 4750 781 4823 enim
846 4752 1255 4843 posterius
1315 4751 1644 4842 aliquid,
1709 4751 1836 4823 vel

325 4876 420 4939 re,
478 4864 596 4936 vel
639 4866 965 4937 ratione
1024 4866 1237 4938 addit
1279 4866 1373 4937 ad
1438 4866 1694 4959 priuS,
1758 4869 1836 4939 et

328 4978 611 5053 ratione
689 4980 911 5054 illius
1009 4982 1252 5054 additi
1355 4980 1659 5053 dicitur
1755 4983 1836 5054 in

322 5088 825 5172 determinato
860 5118 1155 5189 genere
1194 5125 1209 5168 ε
1250 5099 1381 5171 sed
1416 5099 1632 5171 aliud
1680 5104 1830 5182 est,

325 5212 497 5295 quod
534 5214 743 5288 addit
795 5217 1095 5286 natura
1139 5214 1543 5295 animalis,
1617 5215 1833 5287 aliud

328 5328 501 5412 quod
536 5332 747 5405 addit
796 5334 1093 5404 natura
1133 5330 1824 5423 corruptibilium,

326 5438 509 5516 aliud
552 5448 757 5539 quod
807 5447 1022 5521 addit
1071 5451 1371 5520 natura
1408 5447 1829 5541 incorrup-

327 5553 684 5646 tibilium;

1955 3581 2121 3655 lior
2162 3583 2449 3663 altera,
2513 3583 2665 3656 hoc
2701 3587 2921 3676 patet
2958 3584 3038 3656 in
3098 3604 3502 3677 corporeo

1956 3707 2038 3775 et
2081 3702 2163 3773 in
2198 3702 2713 3793 incorporeo,
2754 3701 3141 3774 rationali
3173 3706 3250 3774 et
3296 3703 3503 3776 irra-

1956 3820 2275 3902 tionali,
2339 3819 2520 3891 albo
2562 3822 2642 3892 et
2701 3818 2938 3909 nigro
3001 3842 3016 3887 ε
3079 3817 3230 3892 hoc
3291 3821 3500 3892 idem

1954 3935 2131 4009 dico
2198 3936 2289 4007 de
2377 3934 2804 4008 individuis
2899 3940 3270 4026 respectu
3333 3957 3498 4009 suae

1957 4053 2281 4145 speciei,
2356 4052 2542 4145 quia
2614 4073 2817 4124 unus
2886 4052 3171 4146 purius
3231 4057 3310 4126 et
3370 4073 3500 4127 ac-

1957 4170 2262 4243 tualius
2336 4168 2777 4262 participat
2854 4171 3237 4241 naturam
3323 4170 3496 4264 ejus

1957 4307 2197 4378 quam
2224 4286 2461 4367 alius3
2489 4286 2897 4376 (quamvis
2925 4286 3176 4377 aliqui
3198 4286 3493 4369 dicant,

1953 4408 2033 4477 et
2075 4403 2308 4485 falso,
2348 4403 2553 4493 quod
2597 4423 2873 4474 omnes
2919 4402 3212 4475 animae
3258 4424 3498 4496 pares

1956 4518 2036 4590 in
2077 4518 2589 4591 naturalibus
2642 4518 2852 4609 sint)
2892 4538 3090 4609 ergo
3129 4520 3499 4612 impossi-

1951 4634 2106 4706 bile
2140 4638 2262 4708 est
2299 4636 2506 4726 quod
2567 4635 2834 4708 forma
2873 4635 3222 4708 duorum
3266 4656 3496 4727 gene-

1953 4771 2136 4823 rum
2194 4751 2881 4832 subalternorum,
2965 4754 3050 4823 ut
3110 4773 3502 4845 corpora-

1952 4867 2148 4940 lium
2207 4871 2285 4940 et
2332 4867 2917 4960 spiritualium,
2973 4867 3101 4940 vel
3150 4869 3496 4943 duarum

1951 4984 2434 5076 specierum,
2479 4983 2604 5054 vel
2647 4984 2992 5054 duorum
3057 4983 3498 5057 individuo-

1950 5120 2132 5170 rum
2176 5098 2521 5172 habeant
2562 5099 2960 5191 aequalem
3003 5100 3341 5191 gradum
3377 5119 3497 5171 ac-

1943 5216 2321 5296 tualiter;
2377 5216 2509 5286 sed
2579 5215 3012 5288 secundum
3071 5215 3492 5287 diversita-

1942 5334 2108 5404 tem
2196 5332 2678 5413 formarum‚
2768 5330 2895 5403 vel
2964 5351 3284 5423 genere,
3365 5328 3491 5403 vel
3562 5393 3567 5399 .

1941 5446 2233 5540 specie,
2279 5448 2408 5519 vel
2440 5467 2782 5518 numero
2818 5446 3189 5519 materiae
3228 5447 3490 5520 diver-

807 5583 1009 5656 ergo
1115 5565 1467 5637 materia
1572 5565 1826 5637 etiam
1938 5564 2268 5639 sitatem
2332 5563 2663 5647 habent,
2730 5562 2921 5655 quia
2996 5568 3225 5638 actus
3289 5563 3483 5637 acti-
3540 5654 3552 5665 ·
