4252 6393
362 1963 610 2029 Objeceio.

381 2784 611 2839 Soluu‘o.

723 372 842 442 464

713 537 976 628 magis
1016 542 1142 612 est
1173 539 1669 620 communis;
1708 558 1907 630 ergo
1975 541 2044 613 si
2093 561 2259 613 non

712 654 1086 728 obstante
1127 655 1421 729 unione
1457 656 1595 728 illa
1647 656 1726 728 in
1783 676 1939 728 una
2011 663 2257 732 mate-

711 772 836 845 ria
887 773 1304 865 spirituali
1352 774 1481 846 vel
1554 773 2002 866 corporali,
2069 777 2258 847 sunt

705 891 878 962 tres
939 888 1251 972 formae,
1292 891 1461 962 sive
1514 895 1683 964 tres
1757 895 2035 982 partes
2094 891 2256 961 for-

710 1005 987 1088 males,
1027 1005 1288 1096 magis
1334 1008 1600 1097 potest
1631 1005 2018 1098 diciquod
2069 1011 2257 1081 sunt

708 1122 879 1192 tres
933 1119 1254 1193 animae.

799 1238 964 1309 Nec
1036 1241 1305 1330 potest
1337 1237 1493 1310 dici
1535 1238 1974 1310 secundum
2028 1236 2255 1309 illam

711 1352 1200 1446 opinionem,
1249 1355 1453 1445 quod
1524 1353 1687 1425 sint
1730 1373 1889 1424 una
1957 1352 2250 1435 forma,

709 1468 896 1559 quia
962 1489 1107 1562 per
1148 1469 1416 1541 locum
1450 1489 1496 1540 a
1557 1467 1998 1561 superiori,
2047 1468 2253 1559 quod

705 1604 866 1656 non
909 1589 1033 1659 est
1066 1585 1358 1667 forma,
1396 1606 1555 1657 non
1590 1590 1714 1658 cst
1749 1605 1906 1657 una
1941 1584 2250 1655 forma:

708 1701 841 1773 sed
898 1701 1386 1784 intellectus,
1476 1707 1563 1775 ut
1637 1702 1834 1776 dicit
1920 1700 2250 1794 positio,

705 1836 866 1889 non
925 1821 1051 1890 est
1108 1816 1401 1889 forma.

773 1934 1071 2008 Sidicis
1093 1936 1295 2027 quod
1324 1935 1524 2006 idem
1552 1934 1946 2026 sequitur,
1973 1933 2256 2025 siprae·

704 2050 921 2125 dicta
987 2052 1152 2126 tria
1195 2055 1381 2125 sunt
1424 2051 1833 2144 potentiae,
1890 2049 2017 2121 vel
2068 2052 2256 2121 sunt

706 2169 900 2242 illud
944 2171 1151 2261 quod
1211 2167 1671 2241 substantia
1706 2167 2030 2248 animae,
2078 2166 2255 2238 solo

709 2289 1085 2379 respectu
1165 2284 1654 2365 differentes
1705 2284 1894 2375 quia
1938 2282 2257 2357 sensiti-

704 2423 896 2474 vum
964 2403 1046 2474 in
1114 2406 1507 2494 quantum
1552 2400 2061 2482 sensitivum,
2131 2405 2254 2474 est

708 2520 1006 2600 anima,
1060 2523 1140 2593 et
1199 2539 1362 2590 non
1429 2522 1554 2591 est
1618 2517 2102 2592 sensitivum
2157 2518 2256 2589 ab

711 2635 1235 2710 intellectivo.

797 2752 1020 2834 Dico,
1059 2752 1265 2843 quod
1306 2770 1467 2822 non
1523 2751 1741 2825 valet
1787 2776 1800 2819 ε
1857 2751 2046 2842 quia
2083 2772 2252 2823 sen-

707 2869 1045 2943 sitivum
1118 2868 1199 2940 in
1267 2872 1657 2959 quantum
1724 2868 1915 2940 dicit
1980 2873 2252 2961 poten-

701 2988 932 3069 tiam,
995 3005 1157 3057 non
1225 2988 1347 3057 est
1383 2984 1674 3066 forma,
1737 3005 1881 3057 nec
1951 2985 2248 3068 anima,

705 3104 837 3175 sed
890 3101 1290 3196 potentia;
1357 3101 1490 3172 sed
1542 3099 1622 3172 in
1685 3104 2075 3191 quantum
2147 3101 2252 3172 di-

702 3222 812 3295 cit
846 3218 1414 3300 substantiam,
1451 3222 1575 3291 est
1618 3217 1884 3290 forma
1942 3222 2021 3292 et
2080 3219 2254 3290 ani-

702 3356 833 3409 ma
877 3361 892 3420 ;
953 3355 1152 3428 ergo
1187 3334 1322 3428 qui
1367 3334 1595 3427 ponit
1655 3336 1862 3426 quod
1901 3339 2028 3408 est
2094 3355 2253 3406 una

700 3454 967 3527 forma
1005 3478 1187 3528 cum
1232 3454 1732 3529 intellectiva
1796 3473 1954 3524 non
1995 3453 2254 3524 divisa

697 3569 827 3643 vel
860 3570 1245 3644 distincta
1286 3568 1384 3641 ab
1415 3589 1537 3651 ea,
1586 3572 1673 3641 ut
1722 3567 2026 3641 dicitur
2059 3588 2250 3660 pars

698 3687 1078 3760 formalis
1131 3687 1230 3758 ab
1288 3686 1452 3758 alia
1512 3688 1772 3779 parte,
1850 3685 2039 3759 talis
2120 3706 2251 3778 po-

698 3805 847 3886 nit,
943 3804 1147 3897 quod
1234 3808 1362 3877 est
1468 3824 1653 3875 cum
1753 3802 2252 3875 intellectiva

696 3941 858 3994 una
900 3921 1196 3993 anima.
1262 3922 1363 3993 Et
1432 3918 1563 4011 qui
1611 3918 1837 4012 ponit
1880 3919 2084 4010 quod
2124 3921 2251 3990 est

696 4035 862 4110 alia
929 4056 1121 4130 pars
1208 4034 1584 4107 formalis
1648 4033 2241 4115 substantialis,

694 4152 1164 4226 necessario
1263 4152 1490 4243 ponit
1576 4151 1784 4243 quod
1869 4153 1994 4223 cst
2087 4149 2250 4222 alia

696 4269 1159 4342 substantia
1183 4266 1532 4359 simplex
1573 4265 1671 4336 ab
1713 4263 2242 4344 intellectiva,

696 4383 1582 4478 quamvisconstituant
1617 4382 1979 4463 tertium,
2006 4386 2085 4455 et
2120 4402 2251 4474 po-

694 4502 818 4576 nit
861 4501 1068 4595 quod
1110 4504 1231 4573 est
1293 4500 1455 4572 alia
1523 4499 1815 4580 forma,
1854 4502 1934 4572 et
1967 4499 2243 4570 eodem

698 4619 958 4701 mod0,
1012 4618 1219 4711 quod
1260 4619 1381 4690 est
1453 4616 1617 4689 alia
1678 4615 1978 4687 anima.

785 4738 886 4809 Et
956 4734 1109 4808 hoc
1186 4736 1467 4828 aperte
1544 4735 1796 4824 patet,
1886 4732 2073 4824 quia
2167 4731 2248 4803 in

694 4850 1158 4944 composito
1248 4849 1381 4922 ubi
1443 4852 1633 4923 sunt
1721 4849 1997 4921 multae
2086 4846 2247 4919 sor·

697 4989 872 5053 mae,
912 4968 980 5041 si
1040 4965 1417 5060 quaelibet
1485 4969 1701 5039 esset
1765 4964 2062 5046 anima,
2148 4964 2249 5035 si-

695 5090 831 5160 cut
865 5085 1236 5167 dicimuS,
1302 5083 1508 5175 quod
1580 5083 1772 5154 illud
1839 5087 1965 5156 est
2033 5101 2246 5153 com-

696 5201 1054 5296 positum
1139 5220 1238 5272 ex
1310 5198 1675 5291 pluribus
1738 5196 2028 5270 formis
2062 5218 2245 5269 con-

696 5316 1416 5391 substantialibus:
1485 5314 1673 5407 quia
1732 5313 1892 5387 illae
1957 5312 2246 5384 formae

696 5439 885 5509 sunt
975 5435 1056 5506 in
1127 5433 1296 5506 suis
1382 5431 1706 5506 naturis
1810 5429 2241 5511 distinctae,

1894 373 1997 442 DE
2042 377 2309 445 RERUM
2351 376 2739 448 PRINClPlO

2368 544 2846 626 diceremus,
2922 551 3128 639 quod
3186 555 3312 625 est
3362 550 3894 644 compositum

2369 684 2466 734 ex
2527 665 2894 756 pluribus
2964 667 3412 740 animabus.
3497 670 3576 742 Si
3638 675 3897 743 autem

2368 780 2846 859 diceremus,
2885 785 3092 874 quod
3161 784 3240 856 in
3283 807 3441 858 uno
3507 786 3898 859 individuo

2367 896 2570 969 nihil
2611 903 2734 971 est
2783 900 2941 971 nisi
2975 920 3134 972 una
3192 901 3483 984 forma,
3531 924 3706 995 quae
3739 923 3901 995 per-

2367 1013 2537 1088 ficit
2599 1015 2676 1085 in
2757 1017 3126 1089 omnibus
3171 1018 3579 1110 gradibus,
3636 1019 3705 1092 si
3773 1019 3902 1092 illa

2371 1131 2477 1204 sit
2546 1133 2843 1214 anima,
2904 1136 3115 1208 sicut
3174 1141 3472 1209 natura
3506 1136 3897 1219 formaliS,

2367 1258 2528 1309 non
2591 1245 2715 1313 est
2777 1263 2863 1312 re
2922 1241 3310 1314 distincta
3369 1242 3448 1314 in
3523 1263 3643 1323 ea,
3702 1244 3904 1317 sicut

2366 1353 2731 1436 dicimus,
2822 1357 3026 1446 quod
3125 1357 3316 1431 illud
3384 1379 3545 1429 non
3630 1365 3755 1433 est
3812 1381 3902 1433 ex

2368 1469 2735 1560 pluribus
2809 1470 3097 1545 formis
3158 1475 3729 1566 compositum,
3797 1475 3904 1548 sic

2368 1607 2529 1658 non
2593 1587 3073 1672 dicercmuS,
3147 1591 3353 1681 quod
3418 1595 3633 1665 esset
3700 1611 3904 1663 com-

2372 1704 2729 1794 positum
2828 1727 2925 1778 ex
3016 1707 3382 1798 pluribus
3459 1708 3902 1780 animabus.

2369 1822 2598 1892 Nunc
2634 1826 2904 1896 autc-m
2973 1823 3107 1915 qui
3151 1823 3380 1916 ponit
3450 1826 3657 1916 quod
3713 1844 3906 1917 prae·

2367 1935 2582 2008 dicta
2643 1936 2808 2009 tria
2910 1944 3097 2013 sunt
3195 1941 3581 2032 potentiae
3671 1942 3905 2012 unius

2368 2054 2685 2133 animae,
2723 2054 3074 2127 etunius
3137 2055 3422 2129 formae
3484 2057 3903 2151 simplicis,

2369 2187 2528 2239 non
2585 2189 2684 2240 ex
2755 2169 3018 2242 tribus
3091 2171 3460 2263 partibus
3547 2172 3910 2245 formali-

2366 2283 2511 2354 bus
2609 2286 3104 2369 constitutae,
3178 2308 3337 2360 non
3431 2289 3627 2361 dicit
3704 2290 3910 2381 quod

2367 2402 2946 2491 vegetativum,
3022 2405 3530 2487 sensitivum,
3613 2409 3695 2480 et
3804 2405 3908 2479 in-

2369 2518 2870 2591 tellectivum
2963 2521 3256 2596 dentur
3314 2521 3413 2594 ab
3511 2543 3669 2595 una
3741 2523 3910 2595 ani-

2368 2654 2499 2704 ma
2578 2655 2723 2727 per
2822 2640 2991 2709 tres
3077 2638 3416 2721 formaS,
3509 2623 3678 2711 sive
3771 2657 3911 2731 per

2367 2755 2536 2825 tres
2628 2757 2908 2845 partes
3008 2753 3425 2837 formales,
3509 2756 3643 2828 sed
3729 2757 3912 2828 dan-

2371 2871 2506 2940 tur
2589 2867 2688 2939 ab
2782 2889 2941 2941 una
3034 2869 3329 2951 anima,
3416 2875 3497 2945 et
3585 2870 3684 2942 ab
3758 2891 3912 2942 una

2367 2981 2635 3056 forma
2714 3005 2876 3057 non
2944 2985 3239 3060 habent
3290 2986 3366 3058 in
3437 3008 3521 3058 sc
3586 2987 3914 3061 distinc-

2368 3100 2673 3175 tionem
2749 3102 3052 3174 realem
3159 3103 3520 3195 partium
3615 3103 3915 3176 forma-

2364 3217 2588 3299 lium,
2637 3218 2770 3289 sed
2840 3219 3105 3292 solum
3182 3218 3516 3292 virtute.
3591 3220 3705 3291 Tu
3791 3239 3919 3290 au-

2366 3337 2553 3414 tem,
2612 3333 2746 3425 qui
2808 3334 3007 3406 dicis
3069 3335 3276 3427 quod
3318 3356 3497 3407 esse
3529 3334 3921 3425 vegetati-

2363 3472 2577 3530 vum,
2621 3450 3127 3532 sensitivum,
3174 3457 3253 3525 ct
3325 3450 3924 3525 intellectivum

2361 3566 2658 3640 dantur
2715 3587 2760 3638 a
2802 3566 3064 3640 tribus
3123 3567 3492 3661 partibus
3553 3566 3925 3642 formali-

2363 3684 2509 3755 bus
2570 3706 2656 3758 re
2723 3686 3130 3759 distinctis
3211 3686 3287 3758 in
3359 3708 3469 3767 se,
3542 3686 3919 3779 quamvis

2364 3798 2610 3873 unitae
2658 3799 2820 3873 sint
2881 3802 3248 3875 materiae
3295 3801 3742 3894 spirituali,
3791 3822 3919 3874 ne-

2363 3917 2726 3989 cessario
2797 3917 3032 4009 ponis
3105 3922 3276 3991 tres
3337 3918 3679 3991 animas.
3751 3921 3919 3992 Nec

2365 4038 2624 4108 restat
2652 4034 2730 4106 in
2752 4034 2930 4116 hoc,
2962 4039 3238 4110 utrum
3262 4035 3418 4107 illae
3447 4040 3729 4128 partes
3758 4036 3923 4108 uni-

2362 4155 2466 4224 tae
2527 4151 2689 4224 sint
2726 4151 2804 4223 in
2867 4172 3026 4223 una
3072 4152 3423 4226 materia
3460 4151 3917 4245 spirituali,

2360 4266 2486 4339 vel
2523 4267 2605 4340 in
2640 4287 2798 4339 una
2840 4268 3114 4339 anima
3157 4268 3542 4350 humana,
3577 4268 3711 4340 vel
3756 4270 3919 4341 sint

2366 4384 2692 4456 omnino
2760 4385 3192 4457 distinctae.
3258 4386 3438 4457 Non
3500 4385 3756 4458 unitae
3843 4385 3921 4458 in

2363 4521 2520 4572 una
2551 4500 2924 4581 materia,
2960 4521 3143 4573 cum
3187 4522 3508 4595 semper
3541 4506 3717 4576 tres
3753 4502 3921 4575 sint

2362 4616 2678 4698 animae,
2737 4616 2895 4690 nisi
2966 4616 3153 4708 quia
3188 4617 3378 4691 licet
3439 4618 3603 4692 sint
3661 4620 3922 4693 unitae

2364 4731 2446 4803 in
2523 4731 2664 4803 illa
2736 4732 3115 4814 materia,
3161 4755 3259 4805 ex
3301 4733 3565 4806 tribus
3609 4735 3922 4808 anima-

2364 4848 2506 4920 bus
2537 4848 2627 4922 fit
2671 4869 2829 4920 una
2908 4848 3206 4920 anima.
3274 4849 3356 4923 Si
3422 4855 3697 4924 autem
3756 4870 3921 4923 non

2362 4968 2550 5038 sunt
2619 4965 2867 5040 unitae
2924 4965 3003 5037 in
3066 4965 3418 5039 materia
3498 4966 3921 5060 spirituali

2363 5085 2533 5154 tres
2586 5081 2907 5162 animae,
2955 5103 3054 5153 ex
3098 5082 3385 5173 quibus
3427 5102 3587 5155 non
3627 5083 3722 5159 fit
3758 5104 3922 5157 una

2360 5197 2657 5279 anima,
2695 5198 3123 5291 perficiunt
3165 5197 3601 5272 hominem.

2450 5317 2562 5387 Ad
2614 5315 2768 5391 hoc
2818 5317 3139 5391 videtur
3188 5316 3460 5391 facere
3555 5320 3922 5395 auctori-

2361 5435 2486 5505 tas
2528 5432 3014 5505 Damasceni
3085 5436 3197 5501 lib.
3251 5434 3318 5505 2.
3387 5437 3663 5505 orthod.
3721 5441 3915 5524 fidei,

697 5551 1066 5646 quamvis
1119 5549 1456 5626 tertium
1526 5547 2061 5631 constituant,
2126 5546 2242 5619 sic
2355 5574 2501 5639 cap.
2550 5551 2656 5622 12.
2702 5553 2975 5633 Anima,
3054 5549 3339 5641 inquit,
3410 5556 3717 5637 estviva,
3756 5558 3922 5623 sim-

4065 5332 4089 5383 8
