4252 6393
659 397 776 463 398

645 579 997 654 corpore
1038 559 1181 632 fiat
1212 580 1483 631 unum.
1532 558 1770 633 Circa
1813 557 2019 648 quod
2062 561 2190 630 est

554 741 559 746 .
645 677 761 750 sic
830 676 1419 770 procedendum
1464 702 1477 745 :
1553 676 1819 768 primo
1893 674 2189 747 intelli-

642 795 875 885 gendi
928 799 1116 868 sunt
1168 795 1404 874 modi,
1452 793 1587 886 qui
1640 793 2018 869 videntur
2057 792 2188 863 de-

636 914 879 988 ficere
918 914 1142 987 circa
1177 914 1497 987 modum
1532 912 1853 984 unionis
1894 912 2184 985 animae

636 1030 733 1102 ad
767 1053 1094 1125 0011188.
1135 1033 1495 1105 Secundo
1538 1052 1635 1102 ex
1672 1031 2001 1102 illarum
2038 1029 2185 1101 im·-

635 1148 1117 1239 probatione
1149 1149 1694 1222 concedendus
1715 1152 1838 1222 est
1874 1149 2177 1227 modus,

636 1285 792 1355 quo
855 1267 1139 1341 unitur
1195 1268 1469 1339 anima
1512 1266 1944 1340 rationalis
2004 1286 2180 1338 cor-

636 1380 842 1473 pori.
869 1382 1147 1456 Tertio
1181 1386 1305 1458 est
1334 1385 1933 1466 ostendendum,
1973 1384 2177 1476 quod

631 1497 857 1571 nulla
897 1499 1165 1572 forma
1207 1501 1323 1574 ita
1350 1521 1543 1573 vere
1602 1501 2067 1575 formaliter
2096 1504 2177 1574 et

632 1612 917 1689 intime
976 1617 1258 1692 unitur
1317 1639 1481 1690 8810
1543 1621 1910 1693 materiae
1963 1621 2175 1694 sicut

628 1730 901 1803 anima
953 1733 1384 1807 rationalis
1425 1736 1783 1827 corpori.
1831 1742 2167 1819 Quarto,

629 1847 836 1937 quod
876 1869 975 1921 ex
1010 1851 1242 1923 modo
1280 1849 1519 1924 istius
1553 1852 1875 1923 unionis
1912 1854 2171 1944 sequi-

625 1964 787 2046 tur,
835 1967 1040 2057 quod
1090 1966 1334 2040 homo
1400 1971 1661 2059 magis
1720 1971 1871 2046 fuit
1926 1971 2167 2046 homo

623 2078 704 2150 in
747 2084 963 2156 statu
1008 2090 1327 2159 naturae
1369 2087 1735 2169 conditae,
1793 2110 2033 2181 quam
2088 2091 2167 2163 in

624 2198 842 2270 statu
896 2201 1523 2295 08181101811880,
1569 2207 1649 2276 et
1690 2205 1850 2278 erit
1905 2205 2165 2294 magis

622 2310 703 2383 in
749 2316 969 2388 statu
1013 2315 1301 2406 gloriae
1365 2323 1550 2411 post
1618 2322 2165 2398 resurrectio-

620 2445 828 2512 nem,
869 2452 1110 2522 quam
1153 2434 1233 2506 in
1267 2436 1541 2528 aliquo
1573 2439 1663 2510 (10
1708 2441 2023 2511 mundo.

971 2742 1217 2800 AR‘rlc.
1305 2744 1377 2801 11.
1476 2744 1679 2803 SECT.
1759 2747 1802 2803 1.

626 2921 844 2988 Varicc
908 2922 1466 3012 Philosophorum
1546 2929 1897 3014 opiniones
1980 2933 2161 2997 circa

800 3040 1116 3112 unionem
1158 3041 1405 3107 anima»
1457 3063 1603 3109 cum
1650 3064 1948 3132 corpore.

733 3235 972 3310 Circa
1046 3237 1400 3329 primum
1479 3226 1884 3314 sciendum
1948 3248 2157 3338 quod

609 3350 835 3425 circa
876 3353 1258 3427 unionem
1301 3355 1543 3449 1111188
1577 3359 1870 3432 animae
1906 3363 2154 3437 ratio-

608 3468 820 3542 nalis
861 3474 942 3543 et
998 3473 1378 3565 corporis
1430 3474 1868 3559 invenitur,
1933 3480 2153 3551 Aris-

609 3587 969 3668 totelem,
1043 3588 1518 3674 Averroem,
1589 3598 1669 3666 01
1730 3594 2151 3670 Platonem

610 3704 1044 3776 secundum
1131 3706 1589 3781 doctrinam
1661 3714 2150 3786 Sanctorum

608 3819 969 3912 turpiter
1006 3820 1417 3896 defecisse.

1179 4051 1580 4113 SGHOLIUM.

687 4233 975 4290 Errorem
1037 4228 1205 4284 hunc
1262 4226 1338 4285 de
1396 4230 1743 4289 assistentia
1803 4237 2153 4295 extrinseca

604 4329 831 4388 animae
863 4326 1186 4384 rationalis
1215 4324 1293 4382 ad
1340 4341 1588 4400 corpus,
1649 4331 1847 4390 veluti
1906 4338 2149 4392 externi

605 4428 879 4494 10010118,
912 4426 1134 4483 tribuit
1156 4424 1257 4482 hic
1289 4426 1504 4484 Doctor
1553 4430 1812 4501 Platoni,
1858 4434 2149 4502 Averroi,

601 4532 664 4585 et
692 4525 1036 4584 Aristoteli.
1068 4524 1183 4583 Sed
1218 4539 1285 4583 re
1315 4526 1546 4584 melius
1593 4543 1896 4601 perpensa
1950 4533 2149 4589 solum

603 4628 945 4682 Averroem
967 4625 1097 4681 baec
1126 4623 1406 4682 docuisse
1436 4625 1587 4684 dicit
1615 4627 1681 4684 in
1711 4628 1763 4685 4.
1790 4628 1931 4688 dist.
1965 4632 2055 4689 43.
2089 4649 2150 4706 q.

603 4715 660 4771 2.
690 4717 747 4781 §-
781 4715 1048 4770 Pras-terea
1076 4730 1262 4769 omnes
1290 4714 1611 4786 Philosophi
1631 4738 1654 4775 .·
1682 4722 1744 4775 et
1771 4724 1826 4786 ἓ.
1860 4720 1993 4775 Dico
2023 4737 2151 4790 erqo

603 4812 751 4882 quod
776 4810 1037 4881 illarum,
1088 4811 1192 4869 ubi
1226 4813 1457 4870 acriter
1485 4813 1550 4869 in
1582 4814 1767 4872 illum
1798 4818 2148 4886 invehitur,

603 4909 1009 4983 breviterque
1037 4909 1212 4982 docet
1242 4911 1491 4968 nullum
1515 4914 1789 4985 reperiri
1812 4915 2148 4974 notabilem

605 5008 1071 5081 Philosophum,
1101 5010 1211 5082 qui
1261 5015 1446 5081 neget
1474 5012 1747 5069 animam
1807 5014 2152 5072 intellecti-

605 5123 751 5168 vam
780 5122 917 5166 esse
945 5108 1210 5166 formam
1240 5110 1537 5181 00100118.
1571 5112 1642 5169 Et
1672 5110 1833 5183 quod
1863 5111 1941 5170 ad
1971 5115 2152 5170 Aris-

604 5207 854 5267 totelem
885 5208 1127 5276 attinet,
1163 5208 1295 5279 ipse
1327 5208 1421 5263 hic
1452 5207 1688 5267 indicat
1743 5210 1928 5267 illum
1986 5211 2149 5269 male

605 5308 829 5379 exponi
862 5322 898 5364 a
927 5320 1040 5363 880
1069 5306 1561 5363 commentatore
1592 5310 1890 5375 Averroe‚
1925 5314 1992 5368 ut
2039 5325 2151 5368 880

604 5407 807 5465 errori
866 5408 1166 5481 majorem
1221 5404 1515 5463 conciliet
1570 5408 2019 5468 auctoritatem.
2081 5412 2152 5469 Et

606 5504 797 5577 paulo
815 5504 981 5562 infra
1012 5519 1073 5562 n.
1105 5504 1191 5561 37.
1212 5504 1430 5574 probat
1450 5503 1847 5565 Aristotelem
1867 5507 2152 5565 docuisse

607 5606 815 5662 actum
844 5602 1242 5674 intelligendi
1275 5618 1397 5662 non
1454 5606 1650 5664 solius
1706 5621 1841 5663 0880
1900 5607 2149 5675 animae,

1815 395 1917 458 DE
1962 393 2227 459 RERUM
2268 392 2655 459 PRINCIPIO

2295 557 2408 615 sed
2438 561 2500 613 et
2526 558 2713 615 totius
2743 556 3088 630 compositi,
3149 573 3420 633 eumque
3451 563 3712 635 proinde
3768 565 3843 624 ab

2296 653 2408 712 hoc
2441 670 2655 713 errore
2703 655 3003 715 defendit.
3067 659 3449 730 Largissime
3479 663 3668 720 etiam
3730 664 3841 723 1100

2296 752 2601 826 impendit
2629 753 2906 812 officium
2966 755 3336 829 Ρ111108οο110
3365 759 3594 817 Suarez
3625 760 3735 819 lib.
3788 764 3836 819 1.

2296 850 2371 906 de
2406 851 2746 910 substantia
2778 854 3005 911 animae
3033 871 3088 912 c.
3153 856 3239 911 12.
3274 870 3334 912 n.
3397 858 3484 914 16.
3527 859 3836 917 Platonem

2293 951 2483 1007 etiam
2514 951 2624 1008 alii
2658 956 2936 1021 tuentur,
2969 955 3076 1025 qui
3136 960 3462 1015 autumant
3516 972 3662 1016 eum
3720 975 3838 1017 non

2293 1051 2551 1118 negasse
2582 1049 2858 1108 animam
2892 1052 3350 1112 intellectivam
3383 1068 3519 1112 esse
3578 1056 3836 1116 formam

2294 1147 2603 1218 00100118,
2634 1146 2740 1204 sed
2772 1162 2909 1207 eam
2944 1149 3285 1209 informare
3305 1167 3531 1226 001088
3551 1169 3624 1212 eo
3644 1160 3838 1227 pecte,

2292 1258 2414 1315 quo
2445 1244 2709 1317 reliquae
2739 1245 2955 1303 formae
2985 1263 3127 1320 quae
3157 1249 3242 1307 ita
3273 1251 3640 1323 corporibus
3696 1258 3840 1311 sunt

2289 1342 2583 1413 alligatae,
2618 1347 2685 1401 ut
2714 1349 3019 1418 separatae
3066 1360 3187 1403 non
3249 1351 3488 1419 possint
3545 1352 3833 1412 existere.

2291 1438 2445 1497 Vide
2502 1442 2969 1503 Conimbricen.
3026 1448 3082 1504 2.
3142 1445 3218 1505 de
3279 1448 3524 1517 Anima,
3585 1466 3719 1524 cap.
3781 1453 3830 1510 1.

2289 1543 2507 1609 quaest.
2537 1542 2593 1596 6.
2625 1545 2742 1598 art.
2774 1544 2829 1599 2.
2861 1546 2922 1600 et
2953 1544 3280 1602 Cavellum
3315 1546 3379 1602 in
3403 1548 3834 1630 supplemento

2287 1634 2590 1695 librorum
2623 1638 2699 1695 de
2731 1641 2979 1710 Anima,
3012 1642 3154 1701 dist.
3189 1645 3240 1701 1.
3272 1648 3419 1703 sect.
3451 1650 3506 1703 2.
3539 1646 3605 1703 in
3652 1650 3832 1721 prin-

2286 1749 2471 1805 cipio.

2372 1859 2768 1931 Doctrina
2845 1862 3318 1938 Aristotelis
3382 1869 3634 1960 ponit,
3717 1893 3826 1944 se-

2282 1976 2625 2046 cundum
2689 1978 2892 2068 quod
2951 1999 3131 2050 cam
3199 1985 3532 2075 exponit
3594 1991 3828 2061 Com-

2284 2093 2701 2163 mentator
2735 2113 2927 2165 81188
2966 2096 3032 2167 3.
3067 2098 3149 2164 de
3176 2101 3449 2183 Anima,
3486 2125 3718 2172 comm.
3755 2107 3820 2176 4.

2278 2218 2338 2270 ec
2366 2207 2432 2277 5.
2471 2208 2674 2298 quod
2721 2206 2964 2281 homo
2996 2216 3123 2285 081
3166 2212 3408 2287 110100
3470 2237 3617 2309 per
3657 2220 3828 2292 ani-

2282 2340 2495 2393 mam
2541 2325 3018 2400 sensitivam
3059 2331 3546 2406 nobiliorem
3610 2337 3821 2421 aliis,

2277 2440 2649 2513 eductam
2716 2444 2807 2515 de
2869 2447 3236 2536 potentia
3289 2451 3692 2537 01810118ος
3745 2461 3823 2530 01

2279 2558 2484 2648 quod
2517 2557 3021 2635 intellectiva
3064 2583 3224 2636 non
3267 2566 3553 2640 unitur
3591 2570 3820 2644 nobis

2278 2672 2489 2748 sicut
2548 2675 2845 2760 forma,
2911 2679 3043 2751 sed
3077 2679 3286 2754 s³cut
3340 2689 3638 2769 motor,
3702 2687 3817 2760 in-

2277 2797 2667 2882 quantum
2728 2814 2775 2865 a
2840 2794 3546 2887 phantasmatibus
3616 2806 3815 2879 acci-

2277 2906 2395 2997 pit
2430 2908 2738 3000 species
2783 2910 3366 3004 intelligibiles,
3423 2938 3570 3010 per
3619 2941 3816 3013 quas

2275 3024 2446 3115 ipse
2487 3024 2794 3101 format
2835 3035 3110 3104 actum
3153 3030 3681 3126 intelligendi.
3721 3042 3818 3114 Et

2273 3138 2424 3214 hoc
2475 3161 2806 3217 necesse
2837 3144 3076 3220 habet
3116 3148 3411 3233 dicere,
3457 3173 3551 3226 eo
3614 3156 3816 3246 quod

2271 3257 2543 3351 posuit
2592 3281 2841 3334 unum
2895 3262 3398 3341 intellectum
3453 3271 3814 3345 omnium

2269 3373 2722 3459 hominum;
2772 3380 2978 3470 quod
3025 3401 3312 3455 verum
3364 3404 3527 3457 non
3568 3393 3807 3471 esset,

2269 3491 2337 3564 si
2415 3493 2647 3565 nobis
2731 3500 2817 3569 ut
2894 3495 3163 3570 forma
3230 3500 3635 3585 uniretur,
3713 3525 3807 3577 00

2268 3609 2474 3700 quod
2508 3613 2946 3684 secundum
2982 3614 3245 3707 ipsum
3285 3619 3626 3710 propria
3657 3619 3812 3693 for-

2267 3744 2398 3796 ma
2465 3730 2589 3799 ost
2671 3727 2749 3799 in
2818 3730 3157 3823 propria
3227 3735 3603 3807 materia.
3677 3737 3807 3810 Sic

2262 3840 2477 3914 enim
2540 3845 2877 3935 exponit
2933 3867 3116 3919 eum
3190 3851 3810 3927 commentator

2264 3980 2485 4042 suus,
2530 3963 2594 4033 4.
2659 3965 2740 4030 cle
2778 3967 3050 4046 Anima,
3100 3979 3260 4035 text.
3324 3969 3388 4039 4.
3425 3983 3488 4038 et
3540 3973 3608 4044 5.
3674 3972 3808 4065 qui

2264 4097 2605 4169 sequens
2662 4078 2953 4171 ipsum,
3003 4080 3082 4153 in
3139 4082 3365 4155 illum
3408 4086 3809 4179 duplicem

2262 4213 2637 4267 errorem
2705 4196 2944 4268 simul
3006 4198 3283 4291 lapsus
3351 4206 3500 4285 est,
3601 4205 3809 4297 quod

2265 4308 2577 4382 scilicet
2628 4331 2788 4382 non
2830 4316 3048 4387 esset
3099 4315 3259 4390 11181
3311 4338 3514 4390 unus
3577 4320 3807 4394 intel-

2265 4426 2519 4500 lectus
2580 4430 2967 4513 omnium,
3015 4436 3096 4505 01
3149 4435 3356 4525 (180(1
3412 4457 3577 4509 000
3632 4438 3797 4510 uni-

2263 4547 2496 4616 retur
2564 4543 2792 4616 nobis
2853 4548 2938 4617 ut
2990 4546 3300 4630 forma,
3376 4552 3508 4624 sed
3596 4554 3808 4627 sicut

2264 4661 2562 4741 motor,
2600 4664 2678 4731 et
2713 4681 2858 4753 per
2894 4664 3482 4754 operationem.

2355 4777 2445 4848 In
2502 4777 2865 4850 eumdem
2934 4799 3308 4854 errorem
3361 4782 3639 4877 lapsus
3681 4792 3807 4862 est

2265 4891 2522 4975 Plato,
2565 4898 2959 4985 quantum
2993 4896 3089 4967 ad
3125 4900 3442 4971 modum
3477 4902 3802 4976 unionis

2263 5011 2727 5086 intellectus
2771 5014 2866 5085 ad
2901 5034 3074 5097 nos,
3123 5015 3258 5088 scd
3299 5017 3797 5096 differenter.

2263 5126 2494 5200 Plato
2527 5128 2741 5200 0111111
2780 5130 3116 5222 posttit',
3158 5131 3363 5224 quod
3406 5133 3645 5208 homo
3681 5142 3884 5213 est.-

2265 5241 2435 5334 ipse
2479 5241 2944 5318 intellectus
2997 5265 3142 5338 per
3195 5268 3278 5319 80
3323 5249 3799 5335 subsistens,

2262 5379 2420 5430 non
2453 5380 2777 5452 corpus,
2817 5382 2960 5433 1100
2994 5360 3292 5435 habens
3329 5384 3471 5456 per
3500 5387 3801 5461 corpus

2263 5494 2764 5565 processum,
2815 5478 2946 5548 sed
2981 5482 3213 5552 utens
3263 5500 3639 5574 corpore,
3700 5484 3800 5557 si-

2262 5596 2399 5665 cut
2457 5597 2708 5667 nauta
2757 5594 2970 5667 navi.
3034 5596 3259 5671 Dixit
3317 5599 3532 5673 enim
3593 5603 3800 5696 quod

3914 1964 4082 2036 Opinio

3858 2027 3897 2074 A
3907 2026 4091 2074 rastotel
4097 2027 4133 2074 1⁸³

3855 2088 3992 2136 circa
4008 2088 4134 2137 unio-

3852 2165 3970 2199 nem
4004 2152 4112 2199 ani·

3933 2227 4048 2264 moe.

3853 2274 4134 2338 Philosophi

3851 2339 4090 2400 putabam

3883 2414 4109 2449 Gnlmaln

3886 2465 4113 2511 rationa-

3875 2524 3972 2572 lem
3998 2540 4093 2572 non

3872 2602 3980 2634 esse
4001 2588 4110 2647 sor-

3846 2663 3986 2698 „le
4011 2664 4119 2697 001·-

3899 2712 4060 2773 potis.

3889 4807 4069 4870 Opinio

3847 4868 4106 4919 Platonis.

3869 5204 3924 5237 m
3956 5191 3995 5239 A
4006 5186 4089 5237 Ici-

3893 5250 4051 5302 binde.
