4252 6393
1697 426 2056 504 QUAESTlo
2100 425 2259 493 xvll

338 594 606 684 posset
638 612 815 662 esse
878 595 1270 682 quantum
1305 595 1426 663 θεῖ
1475 611 1572 662 ex
1627 612 1735 672 se,
1790 591 1867 663 in

339 706 628 781 talibus
650 706 997 780 diversis
1032 707 1302 779 simul.
1335 709 1430 778 Et
1463 706 1638 779 dico
1663 731 1868 796 quan-

335 840 459 895 tum
492 838 582 892 ese
605 849 690 892 eoe
716 849 820 906 se,·
841 824 1028 915 quia
1054 823 1307 896 adhuc
1331 824 1410 895 in
1438 824 1598 896 illis
1625 824 1864 896 Simul

333 963 501 1014 esse
534 960 695 1011 non
746 944 1022 1032 posset
1068 947 1408 1034 propter
1446 943 1866 1016 diversita-

328 1063 484 1132 tem
503 1058 1203 1142 terminationum,
1229 1081 1426 1151 quas
1447 1065 1865 1154 oporteret

331 1194 588 1267 ipsum
629 1173 929 1246 habere
998 1175 1143 1246 sub
1184 1175 1450 1248 forma
1495 1178 1730 1268 ignis,
1789 1183 1866 1250 et

331 1289 599 1361 aeris:
674 1309 872 1381 quas
934 1290 1300 1362 diversas
1361 1293 1870 1364 terminatio-

331 1424 462 1476 nes
509 1405 752 1478 simul
790 1427 948 1479 non
1012 1411 1285 1499 posset
1328 1407 1695 1480 accidens
1738 1407 1868 1481 lia-

332 1520 535 1604 bere,
571 1529 651 1596 et
723 1524 873 1597 hoc
908 1525 1411 1598 sufficienter
1445 1525 1870 1620 impediret

332 1639 592 1732 ipsum
655 1662 751 1715 ne
814 1643 1059 1715 simul
1117 1648 1332 1717 esset
1398 1644 1472 1716 iu
1548 1644 1728 1734 igne
1789 1649 1869 1719 et

327 1775 534 1830 aere.

424 1876 624 1948 Cum
693 1896 919 1967 ergo,
987 1880 1070 1948 ut
1137 1877 1435 1959 dicunt,
1521 1878 1867 1950 materia

329 2013 500 2064 cum
529 1996 1139 2068 transmutatur
1168 1994 1258 2066 de
1295 1996 1560 2067 forma
1596 1996 1674 2066 in
1709 1995 1865 2068 for-

333 2130 569 2192 mam,
626 2115 907 2203 utpote
956 2111 1055 2182 ab
1086 2131 1275 2184 aere
1321 2112 1399 2183 in
1445 2112 1738 2201 ignem,
1788 2100 1863 2184 in

328 2226 544 2298 nullo
591 2228 929 2301 instanti
992 2229 1096 2301 sit
1150 2228 1323 2301 sine
1372 2230 1644 2321 aliqua
1699 2231 1869 2301 illa-

330 2363 502 2414 rum
615 2343 1072 2416 formarum
1171 2346 1863 2430 substantialium,

330 2481 672 2551 quarum
708 2462 1107 2553 quaelibet,
1157 2463 1241 2533 ut
1303 2462 1493 2544 dixi,
1538 2468 1660 2535 est
1698 2465 1869 2535 sub-

321 2578 1207 2671 jectumindifferenter
1249 2580 1468 2652 illius
1515 2581 1869 2654 acciden-

326 2694 431 2766 tis
490 2697 970 2778 communis,
1037 2697 1204 2770 sive
1266 2698 1369 2770 sit
1424 2702 1866 2791 quantitas,

328 2813 773 2904 symbolica
870 2813 1243 2904 qualitaS,
1350 2816 1670 2888 videtur
1755 2819 1871 2889 eis

328 2931 531 3022 quod
582 2930 1034 3003 successive
1088 2931 1290 3004 idem
1325 2930 1692 3004 accidens
1737 2955 1871 3005 nu-

329 3068 552 3120 mero
583 3068 726 3141 per
759 3049 1163 3120 actionem
1196 3051 1659 3122 naturalem
1697 3073 1871 3143 pos-

327 3167 429 3241 sit
471 3187 650 3240 esse
684 3167 766 3238 in
798 3165 1140 3238 diversis
1187 3166 1600 3261 subjectis,

415 3286 512 3357 Et
556 3284 716 3356 isto
764 3283 993 3353 modo
1033 3283 1303 3356 dicunt
1341 3286 1548 3376 quod
1596 3287 1870 3357 eadem

324 3398 696 3470 caliditas
731 3419 1070 3470 numero
1104 3402 1225 3471 est
1265 3401 1342 3472 in
1376 3405 1766 3489 generato
1793 3404 1869 3472 et

326 3517 745 3605 corrupto,
785 3514 971 3585 licet
1035 3516 1465 3586 secundum
1507 3515 1873 3585 diversas

326 3630 979 3712 terminationeS,
1013 3652 1154 3722 per
1187 3652 1385 3722 quas
1423 3632 1867 3723 perficitur,

329 3747 756 3818 secundum
818 3746 1315 3837 exigentiam
1357 3748 1641 3819 forma*
1694 3770 1872 3820 cor-

331 3867 589 3955 ruptae
622 3866 700 3935 et
736 3868 1171 3953 generatae,
1220 3865 1314 3935 ad
1356 3886 1555 3956 quas
1597 3864 1872 3936 termi-

329 3977 699 4049 nationes
736 3979 1167 4050 secundum
1205 4000 1288 4051 se
1327 3984 1449 4052 est
1490 3978 1566 4050 in
1605 3984 1870 4071 poten-

329 4094 447 4166 tia
528 4095 1030 4188 imperfecta,
1123 4098 1310 4188 quia
1392 4097 1482 4167 de
1562 4119 1644 4168 se
1748 4103 1872 4172 est

328 4211 855 4303 perfectibilis
889 4214 1320 4285 secundum
1374 4215 1870 4303 exigentiam

325 4328 804 4412 formarum,
897 4331 1106 4405 sicut
1171 4333 1515 4404 materia
1607 4334 1872 4425 prima

325 4468 424 4518 ex
470 4469 550 4518 se
600 4450 721 4519 est
797 4447 877 4518 in
923 4449 1288 4541 potentia
1351 4450 1444 4520 ad
1504 4449 1870 4521 diversas

326 4564 945 4638 terminationes
1028 4565 1416 4638 formales
1505 4568 1871 4639 substan-

327 4677 564 4752 tiales
617 4707 630 4749 :
671 4685 750 4754 et
787 4680 1032 4753 talem
1077 4681 1619 4770 quantitatem
1661 4683 1752 4754 de
1789 4705 1870 4754 se

331 4795 888 4886 imperfectam
988 4800 1354 4887 respectu
1465 4797 1869 4889 praedictae

327 4912 931 4984 terminationis
1001 4915 1326 5003 oportet
1385 4916 1726 5006 supponi
1792 4916 1868 4987 in

331 5025 696 5107 materia,
737 5048 911 5117 quae
952 5030 1073 5098 est
1109 5028 1253 5098 sub
1296 5028 1566 5119 aliqua
1603 5030 1866 5102 forma

327 5142 842 5216 substantiali
913 5144 990 5214 in
1080 5144 1296 5215 omui
1374 5147 1870 5221 transmuta-

327 5259 548 5332 tione
588 5262 682 5333 ad
713 5259 1091 5333 formam.

425 5378 515 5448 Et
552 5376 701 5451 hoc
744 5376 950 5449 idem
1018 5376 1291 5450 dicunt
1329 5380 1419 5450 (le
1462 5380 1868 5471 qualitati-

327 5491 479 5564 bus
524 5493 1014 5586 symbolicis,
1080 5495 1286 5586 quod
1339 5500 1663 5568 manent
1726 5520 1868 5570 eze-

329 5608 505 5680 dem
542 5632 880 5684 numero
911 5638 924 5693 ;
966 5611 1096 5683 sed
1134 5616 1449 5687 mutant
1485 5613 1868 5686 termina-

3435 429 3555 493 603

1981 590 2289 663 tionem
2325 593 2759 664 secundum
2805 590 3065 681 magis
3109 595 3189 665 et
3232 590 3523 673 minus,

1983 710 2414 782 secundum
2473 709 2968 801 exigentiam
3018 708 3522 789 formarum;

1982 828 2067 897 ut
2132 825 2245 897 sic
2291 824 2397 899 sit
2435 827 2709 897 eadem
2751 823 3124 899 caliditas
3185 845 3526 897 numero

1982 940 2059 1012 in
2104 962 2316 1022 aere,
2356 945 2433 1013 et
2483 940 2559 1013 in
2598 941 2780 1030 igne
2822 941 3304 1024 successive,
3340 942 3525 1012 dum

1981 1058 2294 1132 scilicet
2361 1081 2457 1130 ex
2520 1079 2709 1130 aere
2784 1059 2871 1130 fit
2962 1059 3200 1150 ignis,
3293 1060 3422 1130 vel
3484 1081 3524 1130 e

1979 1173 2428 1252 contrario,
2470 1174 2730 1263 magis
2762 1177 2842 1247 et
2877 1173 3140 1244 minus
3177 1173 3517 1244 intensa.

2073 1291 2217 1362 sed
2275 1291 2489 1363 istud
2558 1290 2741 1363 aliis
2796 1311 2958 1364 non
3023 1291 3341 1363 videtur
3398 1310 3521 1360 ve·
3673 1293 3747 1343 ¹6-

3584 1354 3836 1408 Aliorum

1985 1429 2165 1479 rum
2206 1438 2218 1478 :
2262 1411 2629 1502 quamvis
2672 1409 2887 1481 enim
2922 1429 3021 1479 ex
3054 1407 3287 1480 dictis
3331 1407 3521 1480 isto-
3550 1419 3731 1483 opinio
3757 1421 3871 1496 cfr-

1984 1544 2164 1597 rum
2194 1525 2391 1597 bene
2425 1529 2845 1618 appareat,
2895 1524 3099 1615 quod
3158 1522 3360 1596 talia
3406 1542 3525 1594 ac·
3590 1497 3820 1595 ⁰335&

1979 1623 2328 1715 cidentia
2395 1641 2885 1722 communia,
2960 1641 3347 1732 quantum
3402 1642 3526 1712 est
3608 1622 3837 1660 mmm*

3649 1686 3769 1722 nm.

1978 1759 2068 1830 de
2111 1781 2218 1837 se,
2256 1759 2451 1830 bene
2497 1761 2825 1851 possent
2856 1776 3035 1829 esse
3067 1757 3149 1828 in
3180 1756 3525 1828 diversis
3578 1734 3840 1864 ξῗῗῗῇἐζ

1983 1875 2368 1969 subJectis
2455 1874 2932 1956 successive,
3028 1893 3176 1966 pro
3265 1875 3521 1954 tante,
3552 1859 3868 1988 cssssi'ifl‘iss.

1982 1994 2187 2084 quod
2218 1993 2410 2064 illud
2432 1992 2796 2065 accidens
2829 1992 3139 2063 nullum
3172 1990 3522 2063 istorum
3554 1985 3841 2099 dlgc‘sswfg·

1981 2110 2538 2202 subjectorum
2617 2110 2768 2182 sibi
2843 2106 3357 2188 determinat,
3443 2109 3521 2179 et
3689 2086 3704 2101 ⁹
3813 2086 3828 2101 ⁹

1984 2228 2156 2298 ideo
2202 2231 2593 2318 quantum
2652 2231 2773 2299 est
2815 2228 2906 2299 de
2949 2225 3268 2298 ratione
3320 2223 3524 2296 acci-

1980 2344 2239 2416 dentis
2301 2364 2460 2414 non
2531 2345 2880 2435 oportet,
2947 2341 3153 2435 quod
3228 2341 3311 2413 in
3381 2341 3527 2415 tali

1982 2460 2675 2534 transmutatione
2698 2460 3313 2551 corrumpatur,
3343 2455 3530 2548 quia

1982 2578 2297 2651 nullum
2359 2577 2914 2668 subjectorum
2970 2577 3372 2667 repugnat
3429 2573 3527 2654 ei,

1985 2717 2128 2769 nec
2165 2693 2491 2786 aliquid,
2532 2693 2736 2784 quod
2782 2690 2887 2766 sit
2923 2691 3002 2763 in
3045 2692 3317 2782 aliquo
3362 2689 3533 2762 illo·

1989 2835 2220 2885 rum:
2290 2832 2542 2902 neque
2584 2811 2799 2882 enim
2864 2810 3101 2901 igniS,
3157 2828 3301 2881 nec
3362 2829 3529 2889 aer,

1984 2951 2128 3002 nec
2157 2928 2484 3020 aliquid,
2524 2928 2729 3019 quod
2758 2927 2864 2998 sit
2892 2925 2969 2997 in
2990 2926 3108 2997 eis
3135 2928 3535 3018 repugnat

1983 3047 2408 3128 caliditati,
2458 3047 2550 3118 a‘c
2590 3065 2734 3136 pcr
2775 3043 2925 3114 hoc
2990 3046 3378 3134 quantum
3409 3047 3535 3117 est

1983 3165 2072 3236 de
2118 3184 2226 3242 se,
2275 3165 2465 3233 nata
2525 3163 2649 3233 θεῖ
2709 3157 3166 3231 successive
3212 3177 3391 3229 esse
3452 3158 3530 3229 in

1986 3285 2333 3370 utroque
2371 3305 2383 3345 z
2424 3298 2580 3348 non
2626 3275 2738 3347 sie
2774 3278 3049 3347 autem
3089 3276 3181 3347 de
3221 3272 3531 3364 frigidi-

1984 3400 2154 3469 tate
2192 3396 2267 3465 in
2319 3415 2509 3466 acre
2549 3397 2625 3464 et
2674 3411 2908 3484 aqua,
2987 3391 3175 3482 quia
3233 3392 3530 3462 natura

1986 3514 2202 3585 aeris
2295 3514 2691 3605 repugnat
2779 3506 3258 3600 f1·igiditati;
3358 3507 3527 3579 ideo

1985 3630 2393 3721 frigiditas
2429 3625 2894 3699 necessario
2935 3623 3524 3716 corrumpitur,

1985 3748 2172 3818 dum
2205 3767 2299 3815 ex
2345 3764 2553 3837 aqua
2586 3743 2673 3816 tit
2707 3763 2873 3814 aer.

2075 3861 2458 3943 Quamvis
2509 3880 2705 3930 vero
2768 3856 3268 3931 caliditatem
3316 3874 3533 3946 sym-

1986 3978 2359 4059 bolicam,
2397 3977 2519 4050 vel
2548 3976 3087 4068 quantitatem
3115 3993 3274 4045 non
3302 3993 3534 4065 opor-

1985 4099 2153 4168 teat
2224 4093 2642 4185 corrumpi
2720 4113 2862 4185 per
2922 4090 3280 4183 aliquam
3356 4111 3532 4162 con-

1989 4212 2535 4291 trarietatem,
2584 4229 2826 4300 quam
2873 4208 3229 4282 inveniat
3264 4208 3345 4281 in
3395 4207 3533 4279 ali-

1986 4354 2142 4424 quo
2198 4329 2774 4419 subjectorum,
2823 4327 3197 4400 convenit
3257 4329 3532 4400 tamen

1985 4448 2419 4520 secundum
2469 4444 2875 4536 praedicta,
2931 4463 3113 4515 cum
3165 4443 3369 4517 talia
3410 4463 3532 4515 ac-

1984 4563 2333 4637 cidentia
2392 4581 2551 4633 non
2596 4560 2755 4633 sint
2806 4560 2886 4633 in
2950 4558 3323 4642 materia,
3386 4580 3531 4634 nec

1988 4680 2335 4754 materia
2378 4678 2486 4751 sit
2524 4698 2809 4749 eorum
2845 4677 3326 4772 subjectum,
3371 4678 3530 4749 nisi

1986 4800 2382 4870 mediante
2455 4796 2722 4869 forma
2793 4794 3340 4869 substantiali.
3418 4795 3531 4869 Si-

1982 4919 2119 4989 cut
2194 4913 2690 4987 naturaliter
2781 4917 3178 5006 corrupta
3261 4912 3531 4985 forma

1985 5029 2500 5104 substantiali
2541 5031 2865 5121 oportet
2898 5028 3315 5103 naturalia
3356 5049 3529 5101 cor-

1988 5168 2189 5241 pora
2228 5147 2675 5238 corrumpi,
2755 5145 2868 5218 sic
2924 5146 3321 5237 corrupta
3380 5144 3529 5217 hac

1985 5266 2250 5337 serina
2321 5262 2865 5345 substantiali,
2934 5266 3260 5355 oportet
3322 5263 3531 5353 quod

1983 5383 2133 5455 hoc
2220 5382 2586 5454 accidens
2636 5403 2976 5454 numero
3055 5400 3531 5472 corrumpa-

1979 5507 2168 5574 tur:
2209 5507 2287 5574 et
2329 5521 2489 5573 non
2549 5502 2814 5572 solum
2865 5502 3071 5592 quod
3131 5499 3347 5582 talis,
3401 5499 3530 5570 vel

1983 5619 2171 5694 talis
2194 5617 2667 5693 terminatio
2694 5623 3301 5713 corrumpatur,
3348 5617 3529 5713 quia
