4252 6393
230 1037 404 1099 Corpus

220 1100 396 1150 Christi

172 1171 263 1210 ero!
288 1175 408 1210 mor*-

202 1232 347 1285 tmcm,
378 1231 425 1271 et

222 1288 394 1337 vivum.

259 2224 325 2274 10.

1850 407 2211 485 QUAESTlo
2257 407 2314 471 X

460 565 727 638 turale
767 569 849 639 et
917 565 1365 639 humanum
1420 588 1563 661 per
1623 571 2001 650 mortem,

459 704 557 755 ex
652 685 1175 776 separatione
1274 685 1654 779 principii
1752 686 2007 779 ipsius

460 800 914 883 constituti,
1009 802 1200 877 licet
1269 823 1429 875 non
1526 807 2009 896 corrumpat

462 915 818 987 animam
875 916 952 989 in
997 939 1161 990 suae
1219 923 1537 993 naturae
1606 919 2003 1001 essentia;

464 1054 605 1104 nec
665 1033 915 1106 etiam
988 1057 1314 1129 corpus,
1396 1039 1655 1128 quoad
1732 1025 2009 1110 actum

462 1149 815 1242 aliquem
930 1149 1391 1235 formalem,
1492 1153 1705 1228 sicut
1821 1175 2012 1226 vere

466 1270 857 1348 tenemus,
924 1269 1132 1359 quod
1181 1290 1489 1362 corpus
1545 1270 1878 1352 Christi,
1932 1275 2012 1344 et

464 1402 660 1456 caro
742 1389 1071 1457 mortua
1145 1406 1339 1456 vere
1413 1385 1814 1458 remansit
1889 1407 2013 1458 ea-

462 1500 664 1581 dem,
742 1522 914 1593 quae
993 1502 1219 1595 prius
1289 1505 1468 1574 erat
1540 1502 1751 1575 viva.
1804 1505 2014 1574 Vere

462 1636 662 1707 ergo
725 1615 969 1691 homo
1018 1618 1248 1692 debet
1288 1618 1442 1692 dici
1496 1620 1876 1710 generari
1919 1621 2017 1691 ab

465 1733 819 1816 homine,
878 1737 1250 1828 quamvis
1293 1757 1451 1809 non
1495 1759 1578 1808 sc
1638 1737 2016 1811 extendat

462 1852 557 1922 ad
600 1857 876 1926 actum
932 1854 1379 1946 perfectum
1427 1855 1859 1927 secundum
1903 1877 2010 1936 se,

466 1968 657 2059 quia
708 1990 792 2039 se
842 1969 1204 2043 extendit
1246 1970 1338 2040 ad
1373 1970 2011 2060 generationem,

462 2090 543 2158 et
593 2086 1213 2176 corruptionem
1264 2110 1398 2154 esse
1465 2086 1927 2180 compositi.

560 2203 706 2275 Est
781 2206 1061 2275 autem
1130 2203 1733 2284 advertendum,
1814 2202 2022 2294 quod

467 2307 843 2410 quamvis
932 2323 1197 2392 totum
1283 2342 1420 2388 esse
1488 2317 1842 2390 hominis
1913 2316 2020 2390 sit

463 2435 931 2527 generabile
982 2439 1087 2519 ‚et
1175 2434 1747 2527 corruptibile,
1859 2455 2020 2506 non

467 2559 744 2627 tamen
833 2554 949 2626 ita
1038 2551 1372 2646 proprie
1452 2556 1529 2624 et
1634 2552 2015 2645 perfecte,

468 2670 682 2743 sicut
746 2670 865 2744 rei
920 2692 1119 2763 pure
1174 2669 1612 2752 naturaliS‚
1681 2675 1767 2744 ut
1808 2671 2016 2761 equi,

464 2786 595 2858 vel
666 2786 923 2859 bovis.
997 2787 1244 2877 Cuius
1319 2787 1534 2860 ratio
1610 2789 1759 2869 cst,
1835 2786 2023 2878 quia

465 2903 804 2994 agentia
890 2903 1310 2977 naturalia
1406 2904 1521 2975 sic
1627 2909 2024 2994 generant

464 3021 1048 3112 compositum,
1103 3020 1308 3112 quod
1361 3022 1734 3111 quamvis
1796 3041 2027 3110 genc-

472 3141 658 3212 rent
715 3157 858 3230 per
927 3158 1035 3219 se,
1101 3136 1637 3210 nihilominus
1698 3158 1844 3210 sua
1903 3158 2027 3212 ac-

467 3253 696 3327 tione
734 3253 1075 3326 educunt
1118 3252 1209 3324 dc
1255 3252 1617 3346 potentia
1662 3254 2027 3326 materiae

470 3371 698 3448 illud,
747 3391 903 3461 quo
974 3368 1525 3461 compositum
1584 3370 2029 3461 principale

468 3491 598 3560 est
646 3486 832 3567 tale,
873 3483 1212 3566 scilicet,
1261 3486 1643 3556 formam.
1685 3486 2031 3578 Proprie

467 3626 677 3695 ergo
738 3604 903 3676 tale
945 3623 1195 3693 agens
1239 3608 1579 3692 ,denerat
1632 3605 2035 3697 composi-

471 3726 680 3802 tum,
729 3721 917 3811 quia
960 3741 1105 3791 sua
1151 3720 1473 3794 actione
1517 3720 1869 3810 acquirit
1904 3745 2036 3788 esse

470 3837 941 3930 composito
981 3860 996 3903 :
1044 3838 1243 3908 unde
1308 3836 1496 3910 licet
1555 3856 1715 3907 non
1757 3841 2033 3909 causet

472 3956 836 4027 formam
875 3955 952 4025 in
987 3976 1096 4035 se,
1136 3954 1326 4045 quia
1368 3973 1511 4024 nec
1558 3952 1634 4024 in
1681 3976 1764 4023 sc
1797 3952 2034 4025 habet

471 4092 685 4151 esse,
735 4076 1021 4144 causat
1055 4075 1328 4143 tamen
1371 4089 1547 4142 eam
1596 4070 1672 4141 in
1717 4090 2036 4161 compo·

474 4187 671 4267 sito,
748 4206 893 4278 per
975 4205 1215 4277 quam
1308 4184 1547 4258 habet
1636 4185 2035 4276 composi-

472 4310 685 4384 tum,
760 4306 838 4374 et
916 4323 1118 4383 esse,
1212 4306 1293 4374 et
1380 4300 1737 4393 operari.
1812 4300 2037 4375 Sicut

476 4420 802 4515 quando
871 4419 962 4491 de
1047 4418 1487 4506 infigurato
1568 4420 1654 4491 fit
1743 4418 2038 4505 figura-

478 4548 685 4619 tum,
735 4556 986 4626 agens
1028 4555 1188 4607 non
1238 4539 1523 4608 causat
1587 4535 1666 4606 in
1718 4558 1801 4607 sc
1846 4538 2036 4623 ligu-

479 4677 693 4735 ram,
757 4652 946 4744 quia
987 4675 1130 4727 nec
1198 4652 1278 4724 in
1359 4674 1441 4724 se
1508 4655 1770 4744 potest
1832 4654 2042 4725 exis-

475 4781 690 4853 tere,
730 4792 875 4842 nec
918 4770 1256 4850 ferrum,
1294 4770 1420 4841 vel
1472 4791 1607 4850 ωε,
1657 4771 1845 4861 quia
1888 4769 2038 4842 hoc

475 4918 622 4962 csse
687 4888 980 4962 habent
1051 4908 1097 4958 a
1163 4891 1487 4967 natura,
1564 4888 1693 4958 sed
1756 4890 2041 4961 causat

478 5010 842 5097 figuram
887 5025 1131 5083 mere,
1169 5024 1261 5076 ac
1299 5024 1442 5096 per
1484 5001 1634 5074 hoc
1686 5002 2039 5093 acquirit

482 5127 642 5200 sibi
679 5143 980 5196 novum
1011 5147 1166 5202 esse,
1213 5142 1373 5193 non
1424 5142 1720 5192 novam
1776 5142 2041 5191 essen-

482 5246 724 5324 tiam,
790 5263 882 5314 ac
928 5262 1072 5333 per
1113 5238 1263 5312 hoc
1304 5240 1604 5312 dicitur
1646 5259 2043 5327 generare

482 5365 966 5453 figuratum,
1031 5362 1108 5430 et
1165 5357 1521 5451 proprie.
1592 5359 1849 5428 Homo
1913 5378 2042 5427 au-

486 5486 659 5554 tem
732 5474 1142 5547 hominem
1220 5493 1620 5563 generans
1685 5492 1843 5542 non
1912 5493 2042 5543 ac-

488 5594 753 5691 quirit
826 5616 959 5660 esse
1026 5591 1311 5663 sormae
1387 5590 1464 5661 in
1537 5611 1643 5672 se,
1732 5610 1874 5663 nec
1957 5593 2041 5663 ut

3538 390 3660 458 443

2119 572 2246 642 est
2300 568 2381 640 in
2422 565 2908 660 composito,
2955 561 3123 634 sive
3161 560 3243 634 in
3288 556 3663 639 materia,

2121 683 2279 757 nisi
2347 682 2775 757 formando
2818 684 2897 754 et
2944 674 3436 770 disponendo
3491 692 3668 745 cor·

2123 823 2299 895 puS‚
2348 822 2506 894 quo
2548 800 2944 893 disposito
2990 817 3237 888 agens
3280 810 3671 886 superna-

2119 920 2391 992 turale
2447 917 2790 990 infundit
2866 914 3225 989 animam
3283 932 3384 984 ex
3444 929 3672 984 crea-

2121 1038 2370 1112 tione.
2397 1036 2732 1109 Nullum
2765 1032 2982 1107 enim
3015 1051 3265 1124 agens
3293 1027 3674 1102 naturale

2125 1152 2366 1227 habet
2452 1152 2901 1246 potentiam
2973 1170 3220 1244 super
3286 1147 3666 1226 forma-m,

2124 1272 2284 1344 nisi
2365 1275 2762 1363 quatenus
2852 1269 2993 1341 illa
3060 1266 3332 1340 forma
3395 1267 3521 1337 est
3591 1263 3669 1335 in

2128 1387 2493 1481 potentia
2535 1386 2929 1469 materiae,
2962 1386 3052 1458 de
3087 1403 3242 1476 qua
3272 1381 3666 1454 educitur.

2217 1508 2334 1576 Ex
2406 1526 2561 1596 quo
2633 1509 2878 1598 patet,
2944 1501 3150 1595 quod
3206 1501 3449 1572 homo
3509 1518 3671 1571 non

2126 1624 2466 1710 generat
2525 1619 2936 1692 hominem
2988 1617 3128 1689 illo
3199 1616 3458 1697 modo,
3515 1634 3671 1706 quo

2130 1740 2291 1813 alia
2344 1738 2673 1826 agentia
2740 1739 3160 1826 generant,
3216 1733 3427 1806 sicut
3483 1730 3671 1803 dixi.

2128 1858 2348 1929 Unde
2390 1856 2651 1949 quoad
2694 1852 3122 1934 actionem,
3170 1871 3325 1945 qua
3366 1848 3676 1922 homini

2132 1972 2594 2063 acquiritur
2669 1990 2846 2043 esse
2926 1970 3394 2048 humanum,
3470 1964 3677 2058 quod

2134 2075 2705 2184 principaliter
2783 2090 2907 2160 cst
2979 2087 3077 2158 ab
3144 2087 3417 2158 anima
3501 2103 3671 2166 sua,

2133 2206 2582 2299 generatio,
2632 2204 2942 2277 scilicet
2984 2200 3360 2282 hominis,
3411 2202 3680 2292 potest

2131 2325 2286 2400 dici
2350 2321 3004 2416 supernaturalis
3065 2317 3677 2410 quodammodo,

2133 2445 2213 2514 et
2303 2440 2564 2528 magis
2643 2458 2887 2529 quani
2971 2434 3420 2514 naturalis3
3516 2432 3680 2505 imo

2138 2557 2407 2652 potius
2441 2555 2752 2629 creatio
2807 2572 3047 2646 quam
3110 2550 3559 2640 generatio,
3604 2554 3685 2622 ct

2134 2674 2404 2747 divina

2141 2909 2349 2980 riam
2408 2906 2790 2999 disponit,
2865 2907 2944 2976 et
3003 2900 3552 2980 administrat,
3608 2902 3686 2971 et

2139 3025 2670 3103 transmutat,
2745 3041 2905 3092 non
2991 3018 3255 3090 solum
3335 3016 3687 3088 formam

2139 3139 2767 3234 corrumpendo,
2817 3156 2992 3229 quae
3053 3133 3513 3229 praeexistit
3544 3132 3689 3221 (si-

2142 3264 2277 3333 cut
2351 3258 2756 3351 positores
2827 3253 3169 3328 unitatis
3231 3253 3692 3325 formarum

2142 3377 2442 3459 dicunt,
2516 3374 2649 3465 qui
2718 3394 2912 3451 vere
2981 3392 3141 3442 non
3206 3372 3545 3462 possunt
3586 3368 3693 3441 di-

2146 3512 2328 3563 cere
2364 3491 2568 3582 quod
2605 3490 2845 3559 honlo
2884 3489 3219 3575 generet
3253 3484 3686 3566 hominem,

2144 3630 2288 3680 nec
2378 3607 2910 3699 simpliciter,
3011 3625 3155 3676 nec
3259 3602 3693 3674 secundum

2149 3727 2374 3819 quid,
2477 3725 2664 3817 quia
2761 3721 3304 3794 substantiam
3376 3718 3696 3812 'primae

2151 3839 2519 3911 materiae
2588 3858 2747 3908 non
2808 3837 3186 3925 generat)
3258 3833 3391 3909 sed
3448 3831 3697 3905 etiam

2151 3960 2492 4051 generat
2555 3959 2635 4027 et
2712 3952 2978 4025 educit
3041 3950 3392 4023 sormam
3464 3947 3700 4021 mixti

2150 4078 2230 4148 et
2317 4067 2995 4163 complexionati‚
3085 4070 3167 4140 et
3260 4065 3524 4138 educit
3607 4065 3698 4137 de

2152 4189 2528 4269 materia,
2588 4208 2764 4279 quae
2807 4206 2999 4255 vere
3058 4186 3183 4256 est
3222 4183 3313 4254 de
3367 4181 3702 4274 integri-

2152 4312 2320 4381 tate
2357 4304 2736 4386 hominis,
2793 4304 2963 4377 ideo
3011 4301 3310 4373 dicitur
3345 4299 3503 4373 isto
3540 4321 3703 4371 mo-

2153 4425 2249 4497 do
2318 4423 2730 4496 hominem
2789 4441 3212 4509 generare,
3281 4418 3487 4509 quod
3546 4438 3706 4490 non

2152 4543 2487 4621 faceret,
2575 4539 2643 4611 si
2723 4559 2885 4609 non
2945 4540 3161 4609 esset
3233 4535 3313 4606 in
3379 4532 3704 4606 homine

2153 4659 2495 4730 nisiuna
2548 4656 2842 4736 forma,
2901 4653 3215 4726 scilicet
3272 4649 3703 4724 rationalis

2155 4776 2452 4846 anima.
2507 4776 2601 4845 Et
2645 4772 2854 4843 hunc
2892 4771 3218 4842 modum
3271 4772 3350 4841 et
3391 4767 3704 4843 nullum

2154 4893 2406 4964 alium
2486 4889 2832 4980 requirit
2893 4887 3248 4977 dignitas
3328 4884 3703 4959 humanae

2154 5010 2498 5083 naturae,
2601 5004 2680 5075 in
2769 5022 2926 5093 quo
3010 5001 3237 5073 debet
3305 4997 3703 5090 compleri

2155 5123 2369 5195 actio
2406 5120 2660 5194 totius
2694 5114 3008 5191 naturae
3044 5116 3351 5188 auxilio
3387 5114 3705 5206 agentis

2157 5237 2835 5332 supernaturalis,
2921 5240 3005 5308 ut
3058 5235 3266 5307 sicut
3318 5237 3705 5323 quantum

2155 5357 2248 5427 ad
2330 5334 2915 5432 substantiam,
3007 5349 3252 5422 homo
3332 5354 3456 5422 est
3542 5370 3707 5421 me—

2155 5473 2397 5552 dium,
2471 5470 2621 5542 lioc
2691 5472 2813 5541 cst
2887 5468 3263 5549 horizon,
3326 5470 3404 5563 et
3470 5465 3706 5539 confi-

2156 5589 2379 5666 nium
2475 5584 2978 5667 naturalium
3061 5587 3139 5659 et
3214 5587 3708 5676 supernatu-

2526 2670 2897 2764 operatio
2995 2688 3235 2761 quam
3331 2666 3686 2738 humana
3770 2691 3788 2713 ν

2138 2789 2589 2882 generatio.
2657 2789 2803 2860 Sed
2876 2786 3066 2878 quia
3134 2783 3378 2856 homo
3440 2787 3688 2855 mate·
3753 2777 3776 2858 Ϊ

3819 1506 3896 1559 ss.
