4252 6393
488 2774 682 2848 Caoe'soe

503 2860 661 2911 Halo.

767 434 881 502 198

757 600 968 679 dum,
1035 598 1244 690 quod
1313 596 1787 690 quandoque
1847 596 1926 669 in
1971 616 2302 688 genera-

758 717 979 792 tione
1017 717 1224 788 Halo
1273 721 1621 809 apparet
1654 716 2013 789 circulus
2058 716 2302 787 inter-

760 838 1074 925 ruthS‚
1147 837 1230 906 et
1300 832 1864 924 incomplctus.
1940 832 2301 903 Secundo

757 946 1078 1029 accidit,
1154 948 1361 1039 quod
1431 947 1639 1019 Halo
1722 946 1984 1035 magis
2053 946 2144 1018 fit
2224 946 2304 1018 in

721 1059 1044 1155 'hyeme
1121 1064 1366 1136 flante
1447 1067 1691 1145 Euro,
1794 1084 2033 1155 quam
2115 1063 2302 1135 aliis

760 1180 1290 1275 temporibus,
1342 1181 1565 1253 circa
1615 1181 2056 1253 candelam.
2119 1182 2303 1251 Ter-

761 1296 906 1378 tio,
947 1295 1135 1389 quia
1177 1297 1472 1390 saepius
1510 1296 1716 1367 Halo
1760 1302 2106 1389 apparet
2152 1296 2304 1368 cir·

762 1433 857 1485 ca
902 1414 1240 1495 Lunam,
1290 1433 1528 1506 quam
1588 1413 1810 1484 circa
1863 1414 2156 1486 Solem.
2206 1417 2304 1488 Et

765 1532 1089 1619 quarm,
1173 1529 1360 1620 quia
1431 1528 1638 1601 Halo
1710 1530 1955 1601 Lunae
2037 1529 2307 1622 major

761 1646 911 1723 est,
970 1663 1209 1734 quam
1273 1642 1479 1717 Halo
1534 1641 1770 1716 Solis.
1834 1643 2157 1726 QuintO,
2227 1644 2307 1716 in

764 1759 1021 1831 medio
1059 1757 1312 1849 ipsius
1349 1759 1556 1831 Halo
1596 1764 1720 1833 est
1757 1760 2021 1853 major
2067 1761 2306 1833 clari·

764 1878 916 1955 taS,
985 1896 1160 1967 quae
1201 1875 1523 1950 videtur
1580 1877 1966 1950 continue
2015 1900 2305 1950 versus

761 1991 1513 2066 circumferentiam
1552 1994 1874 2067 tendere
1909 1996 2003 2067 ad
2030 1995 2306 2069 obscu-

767 2110 1125 2184 ritatem.
1174 2112 1274 2182 Et
1318 2115 1550 2183 sexto
1605 2110 1901 2185 accidit
1960 2113 2305 2203 quando-

764 2244 916 2316 que
979 2224 1465 2316 ap'parentia
1522 2224 2036 2297 diversorum
2096 2228 2307 2300 colo-

695 2426 698 2427 r
767 2360 975 2421 rum,
1051 2339 1263 2413 sicut
1326 2340 1530 2431 quod
1591 2339 1887 2413 alicubi
1964 2349 2310 2435 apparet

764 2455 998 2526 color
1042 2454 1449 2546 puniceus,
1486 2459 1565 2528 et
1599 2455 1845 2529 aliter
1883 2458 2193 2541 viridis,
2229 2464 2310 2534 et

772 2570 884 2645 ita
914 2570 1476 2653 diversimode,
1519 2572 1732 2645 sicut
1767 2573 1847 2645 in
1893 2574 2126 2647 Iride.

885 2706 1117 2778 Nunc
1196 2705 1454 2797 igitur
1525 2708 2033 2799 assignandae
2122 2715 2311 2785 sunt

772 2842 1039 2893 causae
1111 2820 1486 2894 istorum.
1578 2824 1692 2895 De
1751 2823 2045 2915 primo,
2135 2825 2310 2897 dico

772 2939 977 3028 quod
1019 2937 1513 3031 interruptio
1546 2939 1835 3010 circuli
1870 2939 2124 3032 ipsius
2161 2942 2315 3013 Ha-

769 3055 849 3128 lo
907 3055 1282 3147 provenit
1325 3057 1800 3148 quandoque
1859 3079 1957 3129 ex
1998 3058 2311 3133 defectu

772 3171 1164 3253 materiae,
1213 3171 1423 3246 sicut
1475 3172 1679 3264 quod
1721 3173 1988 3248 deficit
2039 3174 2314 3268 spissi-

768 3291 957 3362 tudo
994 3289 1226 3361 nubis
1262 3290 1340 3361 in
1382 3289 1658 3381 aliqua
1693 3295 1925 3381 parte
1967 3291 2314 3364 circum-

770 3407 1140 3481 ferentiae
1177 3407 1430 3499 ipsius
1464 3427 1818 3488 coronae,
1869 3407 2038 3480 sive
2074 3409 2309 3492 Halo,

770 3523 959 3615 quia
1029 3527 1217 3597 tunc
1278 3523 1552 3596 radius
1615 3523 2068 3596 luminosus
2144 3547 2315 3617 per-

770 3640 1074 3714 transit
1115 3641 1210 3713 ad
1248 3641 1513 3712 visum
1552 3640 2017 3723 irreflexus;
2058 3642 2317 3733 igitur

773 3781 918 3852 per
963 3760 1545 3851 praecedentem
1590 3761 2123 3849 quaestionem
2156 3786 2317 3837 non

771 3876 1251 3952 causabitur
1345 3878 1450 3950 ibi
1559 3878 1829 3968 major
1941 3880 2311 3966 claritas,

774 4014 1016 4085 quam
1060 3995 1140 4066 in
1198 3995 1382 4067 aliis
1446 3995 1811 4087 partibus
1877 3998 2140 4070 medii.
2190 4003 2316 4072 Se-

774 4109 1058 4189 cundo,
1108 4110 1482 4200 provenit
1526 4111 2024 4203 interruptio
2058 4113 2315 4187 circu-

771 4223 829 4297 li
870 4244 968 4295 ex
1008 4223 1540 4298 difformitate
1577 4226 1965 4308 materiai,
2007 4231 2316 4320 quando

775 4339 1090 4413 scilicet
1153 4360 1310 4411 una
1378 4360 1569 4432 pars
1638 4343 1973 4434 vaporis
2052 4349 2176 4419 est
2238 4346 2319 4418 in

775 4461 1096 4530 tantum
1124 4457 1393 4538 densa,
1433 4458 1639 4548 quod
1675 4459 1948 4530 radius
1986 4459 2316 4535 luminis

775 4594 937 4645 non
1006 4572 1306 4648 sufficit
1380 4575 1915 4668 pertransire,
1998 4577 2130 4648 sed
2201 4600 2317 4651 re-

775 4690 1136 4764 flectitur
1186 4689 1267 4761 in
1305 4692 1664 4763 eamdem
1700 4696 2043 4784 partem,
2081 4713 2128 4763 a
2163 4713 2319 4785 qua

773 4806 1022 4880 venit.
1096 4810 1360 4881 Causa
1428 4812 1701 4881 autem
1763 4812 1911 4890 est,
1989 4809 2175 4899 quia
2239 4810 2318 4882 in

776 4922 1063 5013 hyeme
1129 4925 1374 4997 flante
1433 4927 1678 5006 Eum,
1717 4943 1860 4996 aer
1926 4929 2048 4997 est
2107 4945 2319 4997 com-

777 5038 1082 5113 mixtus
1140 5040 1610 5133 vaporibus,
1657 5044 1736 5112 et
1800 5039 2315 5132 inspissatus‚

774 5160 854 5230 et
880 5155 1050 5229 ideo
1078 5156 1364 5228 melius
1394 5160 1662 5248 potest
1687 5155 1864 5228 fieri
1899 5158 2316 5243 refractio,

775 5277 916 5346 aut
1003 5273 1335 5346 reflexio
1415 5273 1744 5346 luminis
1833 5275 1928 5346 ad
2014 5295 2315 5348 aerem.

776 5394 1039 5465 Causa
1089 5390 1330 5482 hujus
1384 5394 1534 5469 cst,
1584 5389 1771 5482 quia
1815 5390 1947 5464 Sol
1991 5393 2115 5462 cst
2161 5411 2320 5462 ma-

767 5505 978 5596 jOris
1001 5503 1339 5578 virtutis
1367 5504 1447 5576 in
1470 5504 2040 5586 calefaciend0‚
2079 5524 2319 5596 quam

779 5621 1027 5706 Luna,
1064 5623 1145 5696 et
1177 5619 1349 5695 ideo
1403 5641 1572 5714 prae
1606 5620 2060 5697 intensione
2103 5617 2317 5694 calo-

1975 436 2111 500 LlB.
2166 437 2265 499 lll.
2312 434 2854 501 METEORORUM

2418 596 2534 669 ris
2620 596 2785 670 cito
2876 595 3248 671 dissolvit
3332 596 3949 672 consistentiam

2413 715 2777 807 vaporis,
2826 716 2920 787 ad
2980 735 3213 806 quem
3255 716 3537 789 debeat
3596 716 3777 787 fieri
3830 736 3951 789 ,re-

2415 829 2682 912 flexio,
2738 835 2879 904 aut
2924 830 3314 905 refractio
3356 831 3714 904 luminis.
3761 836 3954 905 Cau-

2422 966 2511 1015 sa
2553 949 2702 1026 est,
2755 947 2943 1038 quia
2986 950 3207 1019 Luna
3252 952 3376 1021 est
3422 948 3957 1041 propinquior

2417 1056 2675 1144 nobis,
2724 1083 2966 1154 quam
3021 1064 3128 1137 sit
3186 1065 3364 1146 Sol;
3455 1065 3625 1137 ideo
3691 1064 3957 1136 lumen

2418 1180 2593 1270 ejus
2687 1180 2966 1253 incidit
3043 1183 3138 1253 ad
3215 1202 3604 1275 vaporem
3687 1201 3959 1253 secun-

2416 1296 2601 1368 dum
2673 1298 3016 1387 angulos
3115 1299 3374 1389 magis
3447 1299 3779 1372 obtusos
3882 1299 3958 1370 in

2417 1414 3035 1512 compara-tione
3085 1415 3180 1485 ad
3228 1414 3497 1485 visum
3555 1416 3956 1495 nostrum,

2421 1529 2593 1601 ideo
2647 1550 2692 1601 a
2747 1531 2974 1604 Luna
3021 1533 3249 1605 debet
3300 1551 3701 1623 apparere
3754 1531 3959 1602 Halo

2422 1646 2682 1737 magis
2727 1669 2966 1740 quam
3000 1669 3047 1719 a
3091 1650 3297 1721 Sole.

2511 1766 2862 1858 Propter
2966 1766 3363 1857 quintum,
3455 1769 3536 1837 ct
3608 1768 3957 1843 sextum,

2422 1879 3005 1970 praemittenda}
3040 1885 3228 1954 sunt
3262 1882 3623 1972 quaedam
3669 1900 3959 1971 suppo·

2422 1996 2788 2070 sitiones.
2828 1995 3105 2068 Prima
3146 1999 3295 2075 est,
3336 1996 3541 2086 quod
3588 1995 3790 2066 Halo
3834 2016 3963 2085 ge-

2420 2117 2764 2185 neratur
2838 2133 2938 2183 ex
3042 2110 3629 2183 commixtione
3726 2112 3961 2193 lucis,

2420 2249 2605 2300 eum
2664 2248 2917 2320 opaco
2988 2226 3408 2308 terrestri,
3497 2227 3724 2299 verbi
3784 2248 3967 2317 gra-

2424 2346 2566 2427 tia,
2613 2345 2862 2417 nubes
2908 2346 3381 2436 quandoque
3442 2349 3785 2436 apparet
3839 2367 3969 2417 ru-

2421 2462 2592 2543 bea,
2633 2460 3105 2553 quandoque
3138 2459 3481 2533 alterius
3515 2460 3849 2541 eoloris,
3889 2465 3972 2534 et

2424 2584 2597 2654 tum
2703 2579 2782 2650 in
2850 2578 3249 2659 veritates
3306 2598 3469 2649 non
3534 2583 3658 2651 est
3752 2577 3973 2649 aliud

2426 2717 2667 2789 quam
2708 2698 2871 2777 lux,
2916 2696 3043 2767 vel
3087 2695 3360 2767 lumen
3403 2695 3517 2766 sic
3561 2714 3971 2787 apparens

2427 2818 2766 2907 propter
2801 2832 3167 2904 opacum,
3206 2813 3301 2883 ad
3326 2812 3534 2902 quod
3571 2810 3972 2902 refrangi·

2426 2934 2588 3013 tur,
2632 2930 2758 3002 vel
2827 2928 3305 3010 reflectitur,
3373 2932 3513 3001 aut
3571 2928 3821 3002 etiam
3892 2928 3973 3000 in

2428 3070 2583 3141 quo
2623 3049 3231 3140 incorporatur.

2516 3164 2879 3238 Secunda
2915 3161 3401 3256 suppositio,
3458 3162 3664 3254 quod
3712 3182 3811 3234 ex
3864 3161 3975 3234 di·

2426 3283 2822 3356 versitate
2891 3280 3095 3354 lucis
3152 3302 3334 3353 cum
3401 3300 3680 3371 opaco,
3728 3284 3874 3353 aut
3933 3301 3975 3351 e

2428 3406 2744 3480 contra,
2822 3399 3199 3491 provenit
3256 3397 3694 3470 diversitas
3755 3397 3976 3470 colo-

2432 3538 2638 3589 rum.
2688 3519 2920 3589 Patct
2956 3536 3100 3607 per
3138 3513 3730 3606 experientiam
3782 3514 3977 3586 alle-

2431 3638 2734 3727 gatam,
2782 3631 2971 3724 quia
3034 3651 3178 3723 per
3220 3630 3509 3703 talium
3559 3630 3975 3701 diversam

2429 3749 3094 3825 commixtionem
3171 3752 3573 3840 apparent
3634 3746 3977 3819 diversi-

2432 3865 2658 3937 mode
2701 3864 3117 3936 coloratae.
3512 3937 3517 3940 .

2520 3980 2791 4054 Tertia
2848 3983 2995 4058 est,
3049 3978 3255 4069 quod
3297 3976 3437 4047 lux
3492 3976 3735 4050 fortis
3786 3997 3978 4048 cum

2434 4120 2686 4194 opaco
2727 4095 2963 4168 debili
2999 4094 3194 4167 facit
3244 4115 3644 4187 apparere
3686 4093 3981 4165 albedi-

2431 4239 2638 4292 nem.
2699 4218 2959 4297 Patet‚
3021 4213 3207 4306 quia
3253 4218 3594 4307 propter
3636 4211 3787 4284 hoc
3842 4232 3980 4304 ap·

2430 4339 2669 4431 paret
2703 4334 2980 4407 albedo
3027 4332 3106 4403 in
3146 4330 3512 4410 nubibus,
3558 4333 3637 4401 et
3689 4329 3980 4401 albedo

2432 4456 2778 4527 ssammae
2819 4450 3053 4542 ignis.

2519 4573 2824 4653 Quarta
2868 4570 3015 4646 est,
3063 4563 3268 4656 quod
3323 4566 3664 4655 propter
3703 4561 3982 4634 debili-

2432 4692 2687 4763 tatem
2747 4683 2952 4756 lucis
3017 4681 3092 4752 in
3136 4681 3412 4752 codem
3473 4680 3716 4752 denso
3761 4678 3983 4752 colo-

2433 4826 2564 4877 res
2618 4802 3188 4874 obscurantur.
3237 4799 3468 4870 Patet
3527 4819 3625 4869 ex
3679 4819 3980 4890 praece·

2430 4918 2672 4999 denti,
2722 4916 2908 5009 quia
2962 4917 3392 5008 postquam
3440 4913 3810 5006 opacitas
3852 4919 3985 4988 est

2432 5036 2795 5130 aequalis,
2834 5034 3207 5108 etlumen
3246 5031 3699 5112 remissius,
3742 5052 3981 5123 opor·

2433 5161 2552 5230 tet
2595 5155 2799 5246 quod
2832 5150 3065 5223 color
3113 5148 3373 5238 magis
3408 5149 3681 5221 tendat
3714 5148 3809 5217 ad
3848 5167 3982 5217 ru-

2432 5270 2819 5348 bedinem,
2865 5271 3628 5358 otperconsequens
3662 5261 3753 5334 fit
3803 5262 3978 5333 obs·

2431 5385 2739 5459 curior.

2521 5501 2841 5584 Quinta,
2894 5498 3082 5590 quia
3137 5497 3493 5569 omnium
3558 5494 3981 5568 radiorum

2436 5618 2645 5694 Solis
2709 5616 3234 5692 incidentium
3277 5616 3372 5690 ad
3428 5613 3787 5708 aliquam
3849 5632 3978 5685 su-
