4252 6393
1538 521 1545 527 ,
1613 442 1975 516 QUAESTIO
2022 444 2213 505 xxiv

352 600 437 670 In
481 599 642 672 ista
691 599 1141 691 quaestione
1185 599 1449 692 primo
1528 598 1815 673 videbi-

274 719 402 788 tur
439 714 534 786 de
576 714 1060 789 diversitate
1102 715 1533 806 signorum
1568 716 1647 789 in
1688 736 1815 808 ge-

270 829 552 902 nerali.
604 832 967 904 Secundo
1000 832 1407 907 videbitur
1447 832 1814 925 speciali-

272 953 393 1022 ter
420 948 513 1020 de
559 949 820 1040 signis
852 950 1435 1044 apparentibus
1473 951 1553 1024 in
1582 951 1812 1024 coelo.

273 1065 545 1137 Tertio
588 1067 682 1137 de
725 1065 986 1156 signis
1020 1066 1314 1160 pluvIae
1355 1067 1817 1160 apparenti-

276 1181 410 1252 bus
452 1182 537 1254 in
574 1201 794 1254 aere.
835 1187 1176 1265 Quarto,
1211 1183 1303 1256 de
1347 1182 1605 1274 signis
1649 1183 1817 1277 plu·

277 1298 419 1370 viae
455 1299 818 1391 repertis
854 1299 986 1372 hic
1021 1299 1364 1372 inferius
1414 1300 1492 1372 in
1534 1321 1819 1393 corpo-

280 1416 492 1487 ribus
539 1415 1049 1491 inanimatis,
1088 1418 1188 1492 Et
1221 1420 1529 1509 quinto,
1574 1418 1667 1491 de
1703 1439 1821 1490 re-

282 1532 528 1626 pertis
576 1533 658 1604 in
703 1531 1193 1625 corporibus
1225 1533 1638 1607 animatis.

765 1866 1201 1923 ARTICULUS
1278 1866 1336 1933 ,1.

371 2052 459 2110 De
490 2045 883 2111 diversitate
926 2045 1270 2131 siynorum
1310 2045 1381 2109 in
1420 2042 1744 2131 qenerali.

376 2245 781 2323 Quantum
832 2241 926 2312 ad
982 2240 1367 2333 primum,
1415 2237 1824 2311 sciendum

292 2358 488 2448 quod
539 2357 866 2446 signum
916 2362 1042 2431 est
1086 2355 1381 2429 relatio
1423 2355 1519 2427 ad
1559 2353 1824 2445 signa·

292 2478 456 2547 tum
485 2497 501 2555 ;
529 2478 610 2547 et
650 2473 822 2546 ideo
866 2473 1190 2564 signum
1232 2478 1384 2556 est,
1433 2493 1578 2566 per
1620 2469 1825 2563 quod

292 2581 761 2662 devenimus
812 2590 909 2662 ad
975 2589 1662 2679 significationem
1725 2587 1824 2660 si·

294 2706 537 2795 gnati,
585 2707 801 2781 sicut
846 2727 989 2800 per
1019 2707 1329 2780 sumum
1358 2705 1824 2780 devenimus

293 2822 364 2895 in
403 2823 965 2915 cognitionem
1002 2824 1241 2913 ignis.

373 2941 758 3023 SecundO,
785 2941 1196 3014 sciendum
1232 2941 1436 3033 quod
1462 2940 1825 3033 quaedam

297 3063 472 3132 sunt
517 3059 753 3149 signa
788 3058 913 3132 rei
951 3057 1279 3141 suturae,
1323 3063 1404 3133 et
1464 3059 1825 3151 quaedam

300 3173 403 3247 rei
450 3175 919 3267 praeteritze.
962 3176 1190 3256 Item,
1239 3174 1599 3267 quaedam
1641 3175 1830 3245 sunt

301 3291 522 3383 signa
573 3293 694 3364 rei
754 3291 1080 3373 futurae,
1139 3313 1314 3383 quae
1386 3312 1637 3385 prope
1704 3293 1832 3363 est

303 3406 595 3491 sutura,
657 3414 739 3483 et
808 3410 1170 3501 quaedam
1215 3409 1461 3491 illius,
1519 3407 1725 3500 quod
1785 3427 1832 3478 a

304 3523 733 3617 longinquo
841 3531 967 3601 est
1077 3526 1475 3600 futurum.
1599 3526 1829 3605 Item,

304 3644 700 3717 sciendum
728 3645 936 3737 quod
960 3646 1324 3738 quaedam
1349 3647 1539 3717 sunt
1573 3642 1831 3734 signa,

308 3782 465 3853 quae
506 3781 781 3835 causae
825 3768 1014 3838 sunt
1060 3763 1179 3835 rei
1212 3762 1581 3851 signatae,
1622 3759 1836 3833 sicut

310 3876 379 3947 in
428 3879 855 3971 proposito
907 3877 1608 3959 constellationes,
1686 3876 1837 3948 sal-

310 3998 457 4068 tem
497 3996 820 4089 aliquae,
886 3999 1077 4068 sunt
1141 3996 1400 4087 signa,
1463 3998 1543 4069 et
1588 3993 1836 4067 etiam

312 4113 702 4205 plurimae.

385 4231 564 4304 Alia
608 4234 799 4305 sunt
849 4230 1108 4321 signa,
1157 4249 1333 4321 quae
1376 4232 1563 4302 sunt
1611 4226 1838 4299 effec-

313 4348 429 4419 tus
492 4347 613 4420 rei
679 4347 1051 4438 signatae,
1107 4345 1322 4421 sicut
1384 4344 1655 4418 fumus
1713 4345 1838 4415 est

316 4463 623 4555 signum
690 4464 933 4555 ignis,
995 4466 1080 4539 et
1140 4462 1478 4536 effectus
1551 4460 1833 4553 ipsius.

319 4580 532 4663 Item,
576 4580 904 4674 aliquod
942 4582 1069 4653 est
1109 4579 1432 4670 signum
1464 4577 1834 4657 alterius,

320 4698 613 4785 quando
644 4696 802 4772 ista
832 4696 1385 4770 communiter
1418 4716 1502 4767 se
1541 4694 1838 4766 habent

320 4818 691 4903 quantum
737 4815 834 4888 ad
865 4814 992 4886 sui
1037 4811 1676 4905 generationem,
1724 4810 1840 4884 ita

323 4929 509 5019 quod
550 4928 964 5022 quodlibet
1005 4928 1318 5022 poterit
1356 4947 1536 5000 esse
1586 4946 1840 4999 causa

322 5042 667 5129 alterius,
723 5050 1118 5138 quantum
1177 5045 1273 5117 ad
1332 5045 1457 5117 sui
1511 5064 1841 5136 genera-

324 5158 635 5245 tionem,
702 5162 833 5235 vel
922 5163 1062 5243 ita,
1130 5166 1219 5236 ut
1286 5162 1368 5233 in
1440 5160 1838 5253 pluribus,

325 5282 592 5351 ventus
649 5283 772 5351 est
813 5276 1136 5370 signum
1170 5276 1466 5371 pluviae
1515 5275 1840 5356 suturae,

3389 452 3505 513 115

1933 601 2152 675 Tunc
2226 604 2482 692 igitur
2543 606 2634 677 de
2680 605 2936 696 signis
2984 607 3472 699 pluviarum,

1930 740 2107 815 quae
2167 726 2358 795 sunt
2402 741 2672 795 causae
2720 723 3115 797 effectivae
3169 724 3475 816 pluvia-

1934 857 2142 921 rum,
2234 838 2448 912 sicut
2529 843 2718 912 sunt
2804 841 3478 917 constellationes

1930 953 2136 1037 coeli,
2182 973 2344 1026 non
2387 959 2762 1048 spectant
2795 956 2892 1029 ad
2933 956 3178 1029 istam
3224 958 3478 1030 scien-

1932 1071 2161 1154 tiam,
2222 1072 2356 1144 sed
2398 1072 2495 1144 ad
2536 1072 3100 1164 Astrologiam
3149 1075 3242 1147 de
3275 1075 3479 1169 judi-

1934 1187 2110 1269 ciis,
2148 1191 2230 1262 et
2269 1189 2360 1259 de
2395 1188 2559 1260 illis
2590 1189 2794 1264 fiunt
2818 1190 3140 1282 quidam
3175 1193 3477 1266 tracta-

1935 1305 2092 1387 tu&
2167 1304 2305 1396 qui
2343 1303 2747 1388 (licuntur,
2802 1310 2898 1375 De
2935 1311 3479 1398 impressionibus

1933 1425 2138 1503 aeris,
2196 1420 2366 1494 ideo
2419 1422 2968 1506 dimittantur,
3030 1429 3305 1499 tamen
3371 1425 3477 1498 di·

1935 1539 2131 1608 cunt
2205 1534 2388 1628 ipsi,
2454 1538 2661 1630 quod
2722 1538 2882 1620 Sol,
2954 1542 3037 1612 et
3099 1540 3326 1611 Luna
3367 1537 3477 1610 in-

1936 1656 2066 1726 ter
2097 1656 2446 1727 caeteros
2498 1654 2900 1748 planetas,
2947 1659 3028 1729 et
3061 1655 3344 1729 stellas
3368 1654 3479 1727 sa-

1935 1770 2163 1843 ciunt
2194 1771 2288 1842 ad
2312 1771 2925 1861 generationem
2952 1772 3270 1866 pluviae,
3299 1772 3479 1845 dein

1938 1888 2300 1979 quaedam
2321 1888 2577 1962 stellae
2608 1887 2813 1973 fixae,
2849 1894 2931 1964 et
2958 1894 3240 1981 postea
3266 1889 3482 1962 inter

1938 2004 2311 2096 planetas
2362 2008 2794 2087 Saturnus,
2854 2011 2934 2080 et
2985 2003 3474 2078 Mercurius.

1939 2122 2042 2194 Et
2073 2119 2226 2193 hoc
2267 2121 2359 2193 de
2402 2121 2695 2215 primo.

2435 2450 2984 2525 ART1CULUS211.

2116 2628 2214 2694 De
2250 2630 2464 2717 siquis
2501 2631 2975 2718 apparentibus
3015 2632 3091 2699 in
3118 2631 3302 2699 ccelo.

2027 2822 2141 2894 De
2191 2823 2562 2904 secundo,
2606 2823 2783 2898 dico
2834 2826 3042 2916 quod
3085 2826 3483 2918 magnitu-

1936 2936 2035 3009 do
2093 2937 2305 3011 Solis
2363 2939 2706 3015 orientis
2758 2942 2850 3014 de
2902 2962 3140 3014 mane
3198 2946 3325 3017 est
3384 2942 3482 3016 si-

3635 2852 3690 2908 3.

3541 2919 3798 2993 Primum

3564 2995 3785 3045 :tynum

1941 3072 2188 3143 gnum
2243 3056 2560 3148 pluviae.
2624 3062 2886 3133 Causa
2930 3063 3082 3140 est,
3151 3059 3340 3152 quia
3382 3042 3709 3133 si-le‘oe
3736 3058 3840 3118 ap-

1942 3192 2189 3263 gnum
2253 3177 2406 3256 est,
2478 3176 2686 3268 quod
2752 3175 3318 3253 exhalationes
3400 3184 3482 3255 et

1941 3310 2293 3383 vapores
2329 3296 2744 3384 ponuntur
2768 3293 2983 3369 inter
3005 3295 3272 3368 visum
3307 3316 3485 3371 nos-

1947 3410 2195 3488 trum,
2233 3412 2313 3480 ct
2348 3407 2643 3490 Solem,
2683 3414 3025 3502 propter
3060 3432 3260 3503 quos
3307 3433 3487 3506 pro·

1947 3522 2276 3597 hibetur
2306 3524 2515 3597 visio
2575 3526 2819 3607 Solis;
2872 3531 2952 3600 et
2986 3527 3178 3618 quia
3223 3529 3372 3602 hoc
3405 3530 3497 3604 fit

1952 3640 2124 3712 sine
2178 3640 2406 3723 nube,
2466 3641 2792 3732 signum
2832 3648 2958 3718 est
3006 3645 3214 3735 quod
3254 3665 3497 3738 vapo-

1954 3777 2085 3828 res
2131 3756 2275 3838 illi,
2324 3760 2406 3830 et
2442 3758 3036 3842 exhalationes,
3091 3781 3253 3833 non
3307 3766 3498 3836 sunt

1949 3873 2251 3947 elevati
2283 3874 2376 3945 ad
2421 3875 2690 3949 locum
2729 3875 3309 3967 frigidationis,
3350 3878 3499 3951 sci-

1953 3991 2143 4067 licet
2203 3993 2299 4064 ad
2348 3992 2692 4065 mediam
2745 3993 3161 4085 regionem
3230 3982 3493 4077 aerisss

1953 4110 2125 4183 ideo
2172 4111 2487 4187 oriente
2530 4110 2712 4184 sole
2752 4131 3102 4204 vapores
3137 4114 3499 4207 superio-

1955 4246 2086 4298 res
2120 4232 2720 4301 consumuntur
2761 4245 2808 4299 a
2839 4229 3120 4301 calore
3145 4229 3380 4310 Solis,
3418 4236 3499 4306 et

1951 4363 2304 4436 vapores
2379 4342 2976 4436 infrigidanteS,
3050 4350 3131 4419 et
3229 4367 3497 4419 rever·

1953 4463 2218 4533 tentes
2259 4460 2356 4531 ad
2390 4460 2745 4553 primam
2779 4464 3166 4534 naturam
3200 4462 3495 4537 cadunt

1950 4569 2362 4658 deorsum,
2438 4582 2519 4652 et
2575 4577 2694 4650 sic
2750 4577 2977 4650 circa
3040 4577 3488 4661 meridiem,

1950 4691 2077 4763 vel
2121 4696 2312 4766 ante
2352 4690 2722 4783 sequitur
2758 4691 3097 4784 pulchra
3135 4693 3327 4765 dies,

3525 3119 3728 3171 parens
3757 3118 3819 3155 m

3601 3167 3750 3221 coelo.

2043 4807 2433 4891 Secundo,
2473 4808 2662 4899 quia
2695 4808 2830 4881 Sol
2872 4810 2964 4880 de
3000 4830 3235 4882 mane
3279 4809 3497 4883 lucet
3523 4833 3848 4886 secunaum.

1954 4926 2204 5007 clare,
2254 4928 2336 4997 et
2394 4924 2618 4997 circa
2655 4924 2914 5017 Ipsam
2966 4930 3311 5019 apparet
3358 4946 3498 4998 nu-

1953 5041 2092 5113 bes
2134 5041 2397 5131 nigra,
2437 5041 2705 5131 longa,
2748 5046 2830 5115 et
2860 5046 3224 5125 extensa,
3261 5063 3503 5134 quam

1960 5156 2095 5231 Sol
2141 5156 2638 5249 ingreditur3
2677 5156 2746 5230 si
2779 5162 2968 5230 tunc
3031 5158 3164 5230 Sol
3220 5158 3500 5231 obscu-

1970 5276 2229 5355 retur,
2313 5292 2473 5343 non
2553 5276 2882 5365 oportet
2941 5277 3029 5345 ut
3100 5274 3504 5364 significet

330 5398 396 5465 et
422 5416 461 5466 e
489 5401 800 5477 contra,
835 5401 924 5470 ut
964 5396 1046 5469 in
1076 5394 1471 5489 pluribus,
1509 5413 1850 5485 magnus
1964 5388 2327 5481 pluviam
2354 5410 2638 5471 ;causa
2667 5389 3017 5480 est,quia
3052 5388 3121 5462 si
3157 5391 3292 5464 Sol
3332 5391 3503 5465 obs-

335 5516 600 5586 ventus
634 5512 1134 5588 terminatur
1170 5533 1316 5605 per
1351 5511 1731 5604 pluviam,
1770 5515 1851 5584 et
1962 5510 2325 5587 curetur,
2374 5506 2694 5595 signum
2777 5511 2903 5579 est
2958 5506 3502 5582 multitudinis

342 5649 377 5697 e
410 5636 710 5712 contra,
776 5630 988 5704 siout
1032 5630 1334 5705 ‹lIcitur
1389 5628 1468 5702 in
1540 5629 1845 5703 littera.

1963 5645 2367 5716 vaporum
2409 5624 2917 5697 clevatorum
2980 5624 3380 5715 superius,
3426 5631 3507 5701 et
