4252 6393
702 392 823 455 400

689 552 953 625 reales
1012 552 1364 632 colores,
1439 555 1577 625 aut
1618 571 1975 643 corpora
2016 552 2228 624 colo-

690 673 873 741 rata
954 668 1455 762 participant
1528 674 1803 741 actum
1880 668 2223 749 videndi,

682 784 1047 877 alioquin
1114 805 1401 857 verum
1471 789 1597 858 est
1666 785 1871 876 quod
1956 785 2228 876 paries

682 903 1107 977 coloratus
1168 902 1434 983 videt;
1501 923 1726 992 ergo,
1792 902 2228 974 secundum

681 1019 1157 1100 Averroem,
1204 1018 1446 1091 homo
1499 1038 1660 1090 non
1704 1020 1968 1110 potest
2016 1038 2231 1089 com-

682 1135 1100 1208 municare
1141 1155 1321 1207 cum
1367 1133 1784 1228 intellectu
1842 1135 2227 1225 separato

680 1250 762 1323 in
805 1253 988 1324 actu
1033 1251 1566 1343 intelligendi,
1626 1251 1693 1322 si
1765 1249 2028 1321 solum
2092 1248 2227 1318 ha-

683 1366 908 1438 beret
944 1368 1023 1440 in
1058 1389 1145 1439 se
1188 1366 1790 1460 phantasmata,
1848 1386 1894 1437 a
1941 1365 2228 1457 quibus

680 1483 1602 1577 abstrahunturspecies
1626 1482 2186 1573 intelligibiles
2209 1507 2223 1563 ;

677 1597 842 1670 imo
861 1598 929 1671 si
954 1598 1288 1674 haberet
1314 1599 1623 1692 species
1648 1598 2225 1690 intelligibiles,

560 1712 565 1715 ’
678 1713 839 1787 nisi
898 1714 1188 1788 habeat
1230 1715 1539 1808 aliquid
1608 1718 1999 1807 tanquam
2067 1715 2229 1786 for-

365 4264 491 4315 Alio
500 4282 625 4317 rum

329 4329 512 4389 opinio
539 4330 629 4379 di-

355 4391 595 4441 centium

348 4451 598 4502 animam

366 4514 623 4564 rationa-

332 4576 435 4626 lem
456 4577 617 4628 uniri

330 4640 631 4689 dumtaxat

365 4709 427 4753 ut
455 4708 626 4752 moto-

414 4777 558 4819 rem.

677 1849 917 1912 mam,
958 1852 1115 1923 quo
1153 1833 1464 1925 species
1501 1832 1713 1913 illas,
1744 1853 1882 1903 seu
1921 1851 2053 1903 res
2082 1851 2227 1923 per

675 1947 985 2039 species
1029 1948 1467 2040 intelligat.

1254 2144 1338 2203 SC
1348 2147 1571 2204 HOLIU
1581 2147 1659 2202 M.

746 2325 962 2382 Refert
992 2325 1204 2381 Scotus
1235 2323 1391 2380 alias
1421 2327 1547 2380 tres
1576 2323 1903 2393 opiniones
1934 2335 2230 2377 erroneas

676 2417 845 2472 circa
880 2414 1173 2471 unionem
1204 2415 1432 2470 animae
1461 2426 1604 2470 cum
1635 2426 1914 2484 corpore,
1965 2427 2103 2484 quae
2163 2411 2228 2466 in

678 2528 751 2570 eo
780 2513 1183 2579 conveniunt,
1216 2512 1379 2584 quod
1421 2515 1650 2582 negent
1707 2511 1980 2567 animam
2040 2509 2230 2566 intel-

680 2612 975 2670 lectivam
1007 2624 1142 2666 esse
1198 2624 1415 2666 veram
1479 2610 1739 2666 sormam
1800 2608 2101 2680 corporis,
2164 2608 2226 2663 iu

682 2708 860 2766 modo
937 2713 1147 2766 tamen
1205 2706 1584 2781 explicandi,
1643 2712 1704 2765 et
1761 2709 1826 2764 in
1886 2706 2230 2764 rationibus

681 2821 837 2882 quas
866 2788 1202 2876 adducunt,
1235 2805 1611 2864 discordant.
1646 2808 1727 2862 De
1758 2807 2061 2863 varietate
2092 2804 2232 2875 opi-

682 2906 942 2964 nionum
975 2906 1139 2962 inter
1168 2907 1457 2978 antiquos
1509 2904 1907 2976 Philosophus
1966 2903 2111 2959 vide
2170 2904 2229 2960 S.

678 3005 996 3071 Thomam,
1041 3003 1151 3062 lib.
1183 3007 1238 3061 2.
1274 3007 1487 3061 contra
1545 3005 1790 3072 Gentes,
1850 3018 1886 3060 a
1942 3016 2077 3072 cap.
2137 3002 2229 3058 56.

680 3118 877 3177 usque
908 3102 985 3161 ad
1015 3104 1109 3161 70.
1143 3105 1310 3160 Inter
1339 3103 1727 3159 Christianos
1769 3102 1958 3159 eliam
2020 3099 2231 3156 Philo-

673 3204 899 3276 sophos
928 3208 988 3260 et
1018 3203 1358 3273 Theologos
1387 3201 1668 3269 fuerunt,
1718 3202 1829 3274 qui
1891 3201 1975 3257 ita
2034 3198 2232 3256 senti-

672 3305 814 3358 rent
847 3315 1045 3373 usque
1074 3300 1148 3358 ad
1180 3300 1530 3357 Concilium
1563 3299 1936 3356 viennense.
1998 3298 2229 3354 Mirum

673 3402 768 3456 est
799 3403 1006 3456 autem
1037 3403 1174 3471 post
1230 3397 1655 3456 definitionem
1719 3398 1906 3468 hujus
1964 3396 2228 3452 Concilii

674 3511 913 3555 necnon
977 3497 1409 3553 Lateranensis
1442 3497 1532 3553 111.
1594 3511 1749 3552 sesa
1808 3498 1862 3551 8.
1932 3492 2231 3566 quosdam

674 3596 870 3654 fuisse
904 3599 1189 3653 Doctores
1218 3595 1534 3662 classicos,
1567 3595 1674 3666 qui
1708 3593 1785 3650 ad
1831 3593 1999 3649 hunc
2056 3607 2232 3648 erro-

677 3709 813 3753 rem
843 3693 1237 3761 accederent,
1272 3697 1332 3750 et
1364 3698 1667 3764 negarent
1695 3693 1970 3749 animam
2003 3707 2233 3748 secun-

676 3795 826 3852 dum
859 3792 1123 3865 gradum
1156 3793 1461 3846 rationalis
1490 3797 1550 3849 et
1598 3794 1939 3846 ιἠιειιεειίυεε
1997 3790 2232 3846 sorma-

677 3894 826 3951 liter
856 3892 1200 3948 informare
1231 3903 1480 3962 corpus.
1541 3887 1694 3947 Vide
1725 3888 1997 3946 Rubium
2031 3887 2140 3945 lib.
2173 3892 2229 3946 2.

674 3991 753 4050 de
785 3991 1031 4059 Anima,
1063 4003 1198 4060 cap.
1234 3990 1285 4045 1.
1319 3992 1380 4045 et
1407 3990 1461 4043 2.
1494 3991 1709 4059 quaest.
1743 3989 1798 4044 8.
1833 4001 2004 4043 num.
2036 3987 2128 4042 45.

767 4169 928 4243 Alii
966 4173 1440 4263 posuerunt,
1500 4169 1703 4261 quod
1768 4168 2226 4242 intellectus

677 4287 962 4360 unitur
1002 4285 1233 4357 nobis
1268 4287 1353 4357 ut
1391 4288 1691 4368 motor,
1744 4289 1821 4358 et
1856 4286 1973 4358 sie
2008 4284 2226 4358 actio

682 4402 1142 4476 intellectus
1175 4402 1445 4493 potest
1478 4400 1635 4473 toti
1656 4400 1964 4473 homini
1992 4399 2227 4472 attri-

676 4520 838 4592 bui.
884 4517 1077 4590 Haec
1118 4516 1422 4608 positio
1481 4515 1734 4588 etiam
1784 4514 2226 4588 communi·

678 4637 886 4708 tera
934 4630 1427 4707 Doctoribus
1483 4632 1998 4725 reprobatur.
2057 4630 2225 4702 Pri-

682 4770 837 4832 mo,
884 4747 1180 4841 quiain
1209 4746 1359 4820 tali
1395 4746 1689 4819 unione
1740 4746 2037 4819 mobile
2091 4766 2225 4838 po-

678 4868 841 4940 test
883 4868 1023 4939 aut
1091 4885 1295 4946 esse,
1388 4866 1528 4935 aut
1607 4862 1960 4951 intelligi
2050 4863 2225 4935 sine

678 4984 1076 5064 movente,
1142 4982 1229 5052 ut
1289 4976 1625 5050 baculus
1689 4976 1861 5049 sine
1923 4998 2218 5060 manu;

675 5120 876 5192 ergo
919 5097 1351 5172 secundum
1394 5095 1644 5167 istum
1699 5094 2021 5166 modum
2085 5115 2224 5188 po-

673 5220 836 5293 test
897 5215 1141 5288 homo
1200 5233 1404 5294 esse,
1485 5213 1565 5284 et
1627 5210 1977 5302 intelligi
2048 5212 2223 5284 sine

679 5332 1122 5407 intellectu.

768 5445 1151 5526 Secundo,
1225 5442 1417 5535 quia
1514 5441 1974 5514 intellectus
2062 5461 2223 5512 non

683 5567 1059 5641 movetur
1120 5557 1521 5638 localiter,
1584 5556 1743 5629 nisi
1806 5578 1950 5650 per
1992 5557 2225 5629 intel-

1848 394 1951 456 DE
1993 392 2260 457 RERUM
2302 391 2694 457 PRINClPIO

2341 551 2771 624 lectualem
2804 554 3261 645 appetitum
3298 577 3313 634 ;
3351 553 3567 626 actio
3610 557 3880 627 autem

2344 666 2756 758 appetitus
2818 668 3253 740 rationalis
3329 671 3882 761 praesupponit

2343 783 2752 855 actionem
2840 785 3330 868 intellectuS,
3446 806 3607 858 non
3672 786 3884 859 enim

2345 898 2532 988 quia
2576 902 2952 972 movetur
2985 906 3366 974 Socrates
3401 902 3498 973 ab
3541 902 3886 975 intellec-

2342 1017 2428 1085 tu
2470 1014 2887 1106 intelligit,
2935 1018 3065 1089 sed
3120 1040 3162 1090 e
3204 1018 3655 1101 contrario,
3703 1019 3888 1111 quia

2346 1129 2764 1221 intelligit,
2803 1133 3140 1225 appetit,
3189 1138 3592 1208 movetur.

2433 1247 2738 1330 Tertio,
2779 1249 2968 1340 quia
3004 1251 3298 1323 mobile
3332 1272 3493 1325 non
3543 1272 3893 1325 commu·

2343 1363 2560 1436 nicat
2625 1365 2705 1436 in
2766 1370 2950 1438 actu
3014 1388 3196 1439 cum
3261 1372 3658 1449 movente,
3731 1367 3886 1441 nisi

2346 1480 2536 1571 quia
2573 1482 2866 1575 recipit
2903 1486 3176 1555 actum
3221 1486 3424 1578 ejus,
3498 1488 3575 1558 et
3612 1485 3783 1558 ideo
3824 1487 3888 1555 3.

2341 1600 2694 1684 Physicor.
2734 1612 2893 1668 text.
2952 1602 3059 1671 16.
3105 1602 3428 1683 (licitur,
3479 1602 3770 1674 mobile
3815 1602 3892 1674 in

2346 1714 2713 1806 potentia
2754 1719 3247 1819 estumotus:
3314 1718 3447 1790 sed
3507 1719 3723 1791 actio
3780 1719 3896 1791 in-

2339 1827 2757 1919 telligendi
2860 1833 2982 1903 est
3056 1832 3272 1905 actio
3381 1853 3713 1908 manens
3809 1834 3901 1907 in

2345 1943 2882 2037 intelligente,
3015 1967 3177 2019 non
3301 1950 3713 2022 transiens
3819 1950 3900 2024 in

2341 2060 2693 2132 alienam
2782 2064 3239 2146 materiam,
3364 2065 3573 2140 sicut
3676 2070 3898 2139 tran-

2348 2177 2455 2249 sit
2542 2178 2772 2251 calor
2891 2180 2970 2252 in
3055 2181 3537 2254 calefactum
3583 2208 3599 2265 ;
3695 2203 3896 2274 ergo

2343 2295 2849 2388 impossibile
2997 2302 3146 2379 est,
3296 2299 3502 2390 quod
3645 2299 3893 2373 homo

2343 2410 2755 2503 intelligat
2817 2433 2963 2505 per
3021 2413 3197 2497 hoc,
3264 2414 3470 2506 quod
3511 2419 3742 2488 actus
3779 2416 3892 2489 in·

2341 2525 2714 2600 tellectus
2801 2529 3237 2601 secundum
3334 2530 3883 2608 substantiam

2343 2643 2733 2733 separati,
2801 2643 3137 2736 corpori
3208 2645 3886 2718 communicetur.

2433 2763 2768 2841 Quarto,
2817 2761 3006 2852 quia
3039 2761 3255 2833 actio
3293 2761 3695 2833 moventis
3727 2783 3886 2835 non

2287 2875 2832 2948 .attribuitur
2903 2880 3148 2958 moto,
3222 2875 3382 2948 nisi
3454 2878 3662 2950 sicut
3733 2878 3890 2951 ins-

2341 2989 2785 3071 trumento,
2825 2991 3033 3063 sicut
3068 2992 3285 3064 actio
3312 2992 3524 3065 fabri
3561 2995 3889 3066 martel-

2343 3099 2420 3171 lo
2457 3128 2470 3170 :
2513 3102 2581 3174 si
2617 3101 2874 3194 igitur
2909 3105 3369 3198 intelligere
3401 3107 3892 3182 attribuitur

2344 3221 2693 3306 homini,
2785 3225 2974 3315 quia
3063 3225 3529 3300 intellectus
3621 3233 3889 3302 movet

2295 3360 2670 3431 corpuS,
2729 3342 3101 3433 sequitur
3160 3345 3363 3436 quod
3425 3344 3892 3436 intelligere

2346 3453 2450 3525 sit
2497 3474 2638 3546 per
2673 3455 3308 3530 instrumentum
3361 3479 3885 3552 corporeum,

2344 3569 2549 3660 quod
2589 3574 2832 3662 negat
2867 3574 3391 3649 Aristoteles.

2433 3698 2577 3770 Est
2645 3698 3003 3773 aliorum
3069 3701 3344 3793 opinio
3415 3703 3885 3787 dicentium,
4042 3746 4104 3794 ¹5,

2343 3813 2548 3903 quod
2593 3815 2671 3887 in
2734 3817 3008 3889 anima
3076 3818 3432 3891 humana
3497 3810 4187 3931 vegetati-esssjssss'ssjss.

2340 3951 2557 4013 vum,
2596 3934 3077 4007 sensitivum
3138 3939 3215 4008 et
3265 3936 3887 4024 intellectivum,
3919 3934 4183 3995 '‘5⁰2⁶‘'‘ffl‘

3921 4001 4048 4046 u'um
4066 4006 4177 4065 pas·

2343 4049 2528 4119 sunt
2550 4050 2720 4121 tres
2745 4055 3023 4143 partes
3052 4052 3632 4127 substantiales
3650 4055 3893 4128 unius
3929 4065 4187 4172 staff&

2340 4164 2632 4237 animae
2675 4165 2755 4237 in
2794 4168 3069 4239 eadem
3113 4170 3461 4242 materia
3504 4170 3894 4263 spiritua·
3966 4185 4146 4258 aetiynae

2342 4279 2423 4361 li,
2465 4301 2602 4351 seu
2640 4280 2722 4353 in
2754 4281 3032 4354 eodem
3063 4285 3494 4377 supposito
3530 4288 3892 4360 rationa-
3915 4243 4194 4361 “ssssi'tst‘f

2340 4395 2440 4468 lis
2481 4396 2772 4469 animae
2807 4399 3080 4472 unitae.
3119 4401 3335 4473 Talis
3370 4421 3568 4493 ergo
3611 4404 3888 4477 anima
3967 4382 4176 4431 ⁶⁰'⁷’⁰”'

2339 4511 2638 4584 habens
2668 4516 2843 4585 tres
2881 4518 3156 4606 partes
3192 4515 3273 4588 in
3315 4538 3473 4591 uno
3510 4521 3884 4613 supposi-

2338 4631 2423 4701 to
2467 4629 2901 4702 rationalis
2965 4630 3285 4715 animae,
3353 4638 3740 4725 qua-ntum
3790 4636 3889 4709 ad

2339 4747 2659 4836 partem
2702 4767 2936 4818 suam
2981 4749 3533 4838 vegetativam
3593 4755 3671 4824 et
3707 4773 3886 4826 sen-

2339 4860 2696 4944 sitivam,
2745 4862 3031 4934 unitur
3090 4863 3748 4941 substantialiter
3804 4872 3886 4941 et

2336 4973 2807 5050 formaliter
2838 4976 3174 5070 corpori
3211 5005 3225 5049 :
3265 4985 3655 5071 quantum
3686 5003 3886 5056 vero

2339 5093 2434 5163 ad
2528 5097 2849 5185 partem
2921 5093 3505 5169 intellectivam
3605 5100 3889 5173 unitur

2339 5208 2722 5301 corpori,
2827 5209 3121 5282 unione
3206 5214 3888 5288 consubstantiali

2336 5342 2498 5395 non
2576 5323 2953 5406 formali;
3036 5324 3331 5398 unione
3417 5327 3705 5403 intima
3798 5334 3882 5403 et

2338 5438 2823 5522 fortissima,
2907 5440 3041 5511 sed
3119 5460 3279 5513 non
3369 5442 3880 5527 immediata;

2342 5554 2640 5628 unione
2683 5555 3330 5641 ordinatissima,
3383 5561 3516 5633 sed
3554 5582 3716 5634 non
3764 5582 3879 5637 se·
3957 5618 3965 5625 .
