4252 6393
689 356 809 422 462

671 520 1008 598 nitione‚
1057 519 1243 611 quia
1319 520 1443 591 est
1510 520 1709 586 Actus
1746 519 2043 604 corporis
2111 539 2216 584 or-

669 641 899 726 yauici
983 640 1278 724 physici.
1327 634 1544 717 Quod
1623 633 1937 724 quidem
2012 631 2218 702 nulli

669 754 961 826 animae
1020 751 1515 831 conveniret,
1561 771 1654 822 eo
1698 749 1902 842 quod
1963 748 2220 841 hepar

671 891 816 963 per
900 892 1016 955 se,
1083 875 1224 943 aut
1306 889 1474 950 cor,
1551 873 1693 941 aut
1753 867 2210 947 cerebrum,

666 1008 827 1059 non
870 992 1056 1061 sunt
1114 1007 1409 1079 corpus
1446 986 1951 1076 organicum,
1993 988 2215 1076 patet

665 1102 1197 1175 nihilominus
1240 1102 1440 1194 ejuS,
1490 1101 1843 1194 inquam,
1892 1100 2213 1172 falsitas

671 1241 817 1314 pel'
887 1220 1432 1311 Augustinum
1488 1224 1562 1288 iu
1618 1222 1729 1302 lib.
1783 1221 1866 1286 de
1917 1222 2208 1307 Spiritu,

669 1350 729 1406 et
794 1339 1064 1418 Anima,
1142 1361 1287 1427 cap.
1370 1339 1477 1409 48.
1546 1335 1675 1408 ubi
1733 1338 2014 1428 aperte
2058 1334 2212 1408 iste

668 1472 915 1527 error
962 1453 1316 1534 eliditur,
1366 1454 1717 1524 Credimus
1754 1456 2017 1520 animas
2057 1452 2212 1539 (in-

672 1570 882 1662 quit)
948 1593 1066 1638 nec
1104 1593 1238 1638 esse
1301 1571 1382 1636 ab
1441 1573 1640 1640 initio
1698 1592 1842 1636 cum
1911 1571 2206 1656 Auqclz'S,

665 1709 784 1754 uec
823 1689 1027 1754 simul
1073 1698 1351 1767 creatas,
1395 1688 1564 1753 sicut
1610 1688 1927 1774 Oriycues
1982 1688 2205 1772 fiuffit,

663 1825 872 1891 neque
918 1826 1063 1870 cum
1123 1803 1509 1891 corporibus
1552 1825 1677 1890 per
1723 1809 1968 1869 coitum
2022 1804 2211 1868 semi-

664 1933 935 2003 nantur,
997 1924 1167 1989 sicut
1222 1921 1681 2008 Luciferiaui,
1750 1921 2076 2008 Cyrillus,
2151 1932 2213 1987 et

660 2038 878 2126 aliqui
955 2038 1352 2106 Latinorum
1418 2050 1932 2127 prccsumptorcs
2015 2040 2209 2124 assir·

659 2167 843 2223 mant
910 2181 931 2221 .·
997 2154 1113 2221 sed
1200 2154 1533 2222 credimus
1608 2175 1836 2220 earum
1927 2156 2210 2220 creatio-

660 2294 811 2339 nem
855 2274 1070 2338 solum
1111 2272 1408 2337 omnium
1465 2282 1829 2336 creatorem
1885 2291 2094 2348 nosse,
2150 2280 2212 2336 et

663 2409 901 2476 corpus
966 2398 1225 2454 tautum
1284 2408 1408 2474 per
1473 2388 1774 2473 conjuqii
1837 2386 2208 2472 copulatio-

661 2523 808 2570 nem
866 2503 1225 2581 seminari‚·
1301 2501 1426 2566 Dei
1465 2521 1617 2566 vero
1672 2499 1935 2585 judicio
1973 2520 2211 2586 eoaqu-

667 2618 801 2683 lari
856 2618 929 2682 in
969 2617 1165 2681 vulva
1212 2615 1474 2691 matris,
1520 2624 1580 2678 et
1624 2613 1961 2698 compinqi
2016 2623 2212 2700 atque

586 2763 589 2764 ⁷
663 2732 957 2815 formari
974 2753 999 2809 ,·
1081 2750 1158 2794 ac
1195 2730 1487 2813 formato
1525 2730 1674 2813 jam
1722 2747 2018 2811 corpore,
2065 2729 2209 2792 aui-

355 4284 605 4423 Sec-{iuda

378 4424 578 4473 opimo.

663 2865 840 2909 mam
896 2844 1114 2911 creari
1179 2853 1241 2908 ct
1313 2841 1611 2925 infundi.
1693 2840 1794 2912 Et
1837 2838 2209 2929 sequitur

664 2958 978 3040 ibidem,
1025 2961 1155 3026 Nec
1203 2958 1370 3025 duas
1408 2959 1672 3024 animas
1700 2956 2032 3023 credimus
2073 2978 2209 3023 csse

659 3079 733 3145 iu
784 3099 916 3145 uuo
974 3055 1262 3156 liomiue,
1359 3076 1531 3141 sicut
1619 3075 1815 3140 multi
1880 3073 2200 3155 scribunt,

658 3217 860 3261 uuam
915 3193 1298 3274 animalem,
1343 3214 1473 3279 qua
1549 3191 1885 3257 animetur
1937 3211 2198 3276 corpus,

658 3324 720 3378 et
776 3314 1089 3379 immixta
1135 3313 1223 3377 sit
1246 3311 1672 3397 .sauyui-ui,ct
1726 3310 2010 3374 alteram
2058 3309 2202 3395 spi-

658 3428 950 3507 ritalem,
1019 3448 1163 3513 quse
1214 3428 1545 3492 rationem
1619 3425 1954 3489 ministret
2008 3447 2027 3487 .·
2085 3422 2203 3489 scd

659 3544 943 3618 dicimus
981 3564 1183 3610 unam
1249 3541 1670 3628 camdemque
1724 3541 2023 3605 animam
2068 3559 2205 3604 esse

661 3662 735 3725 iu
802 3660 1085 3740 homine,
1122 3681 1265 3747 qua»
1320 3669 1382 3726 ct
1418 3678 1654 3744 corpus
1700 3677 1822 3721 sua
1893 3657 2204 3723 socictate

659 3778 975 3860 vivificet,
1011 3786 1073 3842 ct
1109 3776 1530 3861 semetipsam
1584 3794 1705 3838 sua
1761 3773 2027 3839 ratione
2065 3771 2200 3837 clis-

654 3905 886 3983 pouat,
975 3892 1218 3959 liabens
1255 3893 1332 3956 iu
1375 3911 1442 3955 se
1501 3889 1867 3954 libertatem
1896 3888 2195 3967 arbitrii,

658 4021 729 4075 ut
789 4012 862 4074 iu
905 4030 1024 4073 sua
1080 4006 1463 4073 substautisc
1518 4005 1723 4091 eliqat
1771 4003 2192 4090 coyitatioue,

660 4146 786 4214 quo
823 4125 988 4191 vult.

751 4239 895 4311 Est
934 4240 1015 4310 et
1065 4234 1228 4307 alia
1260 4232 1559 4326 opinio,
1598 4230 1806 4323 quod
1872 4229 2200 4323 praedic-

663 4359 747 4428 ta
850 4352 1017 4426 tria
1146 4355 1335 4423 sunt
1426 4354 1595 4422 tres
1692 4347 2192 4429 substantiae,

661 4489 1006 4565 quarum
1138 4467 1408 4560 prima
1527 4469 1652 4537 est
1741 4462 2197 4536 materialis

660 4591 1037 4680 respectu
1073 4583 1443 4665 alterius,
1488 4587 1569 4655 et
1611 4580 1957 4652 secunda
2036 4600 2197 4651 res·

656 4707 892 4798 pectu
987 4700 1282 4781 tertiae,
1354 4719 1451 4771 ex
1513 4697 1798 4789 quibus
1866 4696 1956 4769 fit
2042 4713 2199 4767 una

655 4820 930 4893 anima
996 4819 1403 4890 humana:
1479 4815 1595 4900 ita
1664 4813 1949 4907 primae
2024 4813 2197 4885 duae

653 4941 844 5012 sunt
902 4939 1334 5028 generatae,
1383 4932 1515 5004 sed
1556 4929 1807 5005 tertia
1864 4948 1911 5001 a
1977 4948 2199 5001 crea·

651 5052 874 5127 tione
933 5050 1225 5124 infusa.
1275 5050 1498 5120 Hanc
1553 5045 2017 5139 opinionem
2061 5045 2197 5116 eli·

650 5169 766 5243 dit
846 5168 1051 5242 idem
1137 5162 1643 5255 Augustinus
1734 5165 1815 5230 de
1901 5165 2191 5252 Spiritu,

652 5299 723 5354 et
805 5289 1078 5366 Anima,
1168 5307 1221 5350 c.
1272 5283 1337 5352 3.
1411 5293 1470 5349 et
1528 5281 1636 5351 49.
1726 5281 1992 5346 Duabus
2049 5277 2197 5367 (in-

660 5401 861 5494 quit)
933 5402 1321 5469 substantiis
1403 5409 1659 5464 constat
1734 5399 1950 5477 homa,
2042 5397 2199 5461 aui-

660 5543 774 5589 ma
865 5532 925 5586 et
1008 5538 1249 5601 carum·
1324 5517 1554 5583 anima
1663 5537 1811 5580 cum
1896 5514 2191 5592 ratione,

1854 355 1958 418 DE
2000 354 2268 419 RERUM
2307 352 2696 420 PRINCIPIO

2329 539 2531 583 car-uc
2610 540 2757 584 cum
2820 518 3116 584 sensibus
3171 519 3332 598 suis,
3421 541 3580 606 quos
3648 530 3857 587 tamen

2328 657 2554 702 sensus
2632 658 2768 703 uou
2853 648 3064 702 movet
3157 658 3313 702 caro
3408 639 3647 726 absque
3721 642 3866 705 ani-

2330 773 2452 817 ma:
2478 755 2788 818 socictate
2829 779 2849 818 .·
2881 755 3112 818 anima
3144 775 3298 819 vcro
3327 757 3661 820 rationale
3686 777 3865 821 suum

2330 877 2500 934 tenet
2538 871 2681 935 siue
2727 890 2949 936 carue.
3008 867 3234 938 Infra
3256 893 3281 949 ,·
3347 871 3594 948 Anima
3657 894 3738 937 ca·
3799 893 3866 935 eo

2328 998 2623 1065 vocatu-r,
2675 986 2850 1074 quod
2906 987 2997 1052 ad
3055 986 3561 1069 vivificandum,
3611 988 3713 1052 vel
3776 988 3866 1052 vi-

2327 1101 2618 1169 dendum
2651 1114 2860 1168 uzovet
2906 1124 3166 1188 corpus.
3227 1101 3434 1172 Eece
3509 1101 3714 1190 quod
3769 1100 3865 1172 di·

2326 1217 2462 1297 cit,
2530 1216 2888 1288 animam
2930 1215 3486 1289 advenientem
3551 1216 3866 1307 perfice-

2326 1354 2414 1407 re
2459 1355 2742 1405 sensus
2785 1333 3203 1425 corporis;
3269 1353 3429 1405 non
3478 1351 3679 1423 ergo
3747 1338 3863 1405 est

2327 1450 2718 1523 sensitiva
2795 1449 2897 1520 ab
2963 1449 3207 1530 intra,
3309 1448 3698 1522 distincta
3772 1447 3864 1518 ab

2326 1565 2599 1638 anima
2675 1569 2980 1638 creata.
3056 1565 3275 1648 Quod
3346 1569 3618 1638 autem
3691 1564 3860 1636 istm

2326 1687 2494 1755 tres
2523 1682 2684 1755 sint
2717 1682 3163 1753 unaanima
3188 1702 3234 1753 a
3266 1680 3712 1760 creatione,
3740 1700 3860 1752 ex-

2327 1819 2605 1891 presse
2636 1797 2830 1871 dicit
2864 1801 3024 1866 ibid.
3062 1823 3205 1887 cap.
3251 1801 3360 1869 42.
3398 1796 3861 1888 exponendo

2327 1914 2519 1986 illud
2539 1917 2819 1987 Genes.
2846 1917 2912 1985 2.
2936 1915 3309 2002 Inspiravit
3333 1917 3676 2000 infaciem
3699 1919 3858 2001 ejus,

2322 2035 2474 2103 ete.
2541 2035 2840 2119 Corpora
2887 2034 3212 2098 serviente
3246 2033 3535 2098 creatori
3564 2042 3866 2097 creatura

2319 2152 2728 2235 formantur,
2765 2160 2825 2215 ct
2881 2151 3016 2214 Deo
3056 2150 3434 2235 inspirante
3461 2149 3868 2235 spiraculum

2324 2266 2476 2331 vitcc
2541 2267 2953 2332 animantur.
3035 2266 3292 2335 Vocat
3363 2266 3636 2334 autem
3720 2261 3866 2352 Spi-

2326 2379 2696 2452 raculum
2739 2381 2929 2455 vitto
2969 2379 3548 2470 vegetativum.
3597 2378 3864 2468 Sequi-

2325 2500 2483 2577 tur,
2527 2521 2725 2586 quam
2755 2521 2887 2565 uon
2927 2499 3241 2587 producit
3276 2510 3480 2576 terra,
3527 2499 3631 2563 vel
3662 2521 3858 2585 aqua,

2319 2614 2435 2681 scd
2481 2615 2654 2679 Deus
2715 2617 3028 2701 inspirat,
3095 2637 3221 2701 quo
3265 2635 3494 2680 seusus
3561 2615 3867 2702 corporei

2319 2733 2732 2809 animantur,
2816 2728 2965 2802 hoe
3032 2728 3227 2802 dicit
3311 2733 3708 2819 quantum
3773 2728 3862 2798 ad

2323 2844 2824 2918 sensitivam.

2411 2963 2669 3054 Hujus
2745 2963 2995 3036 etiam
3059 2961 3493 3054 positionis
3546 2961 3867 3034 falsitas

2320 3079 2641 3152 ratione
2719 3083 2992 3171 patet:
3060 3079 3247 3171 quia
3314 3085 3506 3153 tunc
3595 3080 3868 3152 anima

2319 3193 2672 3269 humana
2743 3201 2959 3271 esset
3002 3196 3396 3288 quoddam
3467 3196 3868 3289 composi-

2317 3312 2487 3382 tum
2570 3311 2970 3403 integrale
3059 3333 3158 3384 ex
3232 3311 3704 3403 vegetativo
3792 3317 3869 3385 et

2317 3427 2707 3502 sensitivo
2772 3450 2946 3523 quse
3016 3433 3201 3502 sunt
3276 3451 3322 3500 a
3389 3435 3862 3519 generante,

2314 3548 2394 3616 et
2429 3542 2929 3619 intellectivo
2983 3547 3197 3637 quod
3239 3552 3363 3618 est
3407 3567 3454 3617 a
3498 3551 3860 3620 creante.

2317 3662 2460 3732 Sed
2521 3667 2837 3737 certum
2872 3668 3021 3744 est,
3095 3663 3303 3753 quod
3348 3683 3583 3733 omne
3630 3683 3863 3754 gene·

2317 3777 2568 3849 rabile
2611 3784 2734 3853 ost
2778 3778 3314 3871 corruptibile
3349 3806 3364 3859 ς
3399 3799 3599 3870 ergo
3632 3799 3866 3871 vege-

2313 3894 2658 3967 tativum
2693 3900 2774 3969 et
2804 3895 3284 3969 sensitivum
3326 3916 3865 3989 corrumpun-

2313 4015 2500 4084 tur:
2578 4012 2710 4083 sed
2789 4033 3025 4085 omne
3102 4016 3367 4086 totum
3458 4012 3866 4101 integrale

2312 4132 2705 4220 corrupta
2775 4133 3009 4219 parte
3069 4127 3666 4220 corrumpitur,
3740 4129 3865 4200 da-

2313 4248 2396 4318 to
2432 4244 2638 4333 quod
2699 4245 2963 4316 altera
3021 4265 3215 4337 pars
3260 4245 3366 4318 sit
3436 4244 3865 4337 incorrup-

2312 4359 2592 4439 tibilis,
2661 4363 2750 4432 ut
2797 4364 3021 4451 patet
3081 4360 3159 4431 in
3230 4360 3604 4441 homine;
3657 4380 3859 4450 ergo

2310 4475 2583 4547 anima
2678 4480 2803 4549 est
2902 4476 3493 4568 corruptibilis,
3619 4478 3859 4570 eujus

2309 4591 2819 4665 contrarium
2863 4592 3138 4665 dicunt
3183 4593 3486 4666 Sancti.
3523 4593 3863 4685 Experi-

2311 4711 2672 4781 mentum
2727 4706 2976 4779 etiam
3027 4707 3317 4800 duplex
3368 4708 3865 4781 contradicit

2310 4821 2494 4894 huic
2550 4822 2967 4915 positioni.
3027 4823 3394 4896 Primum
3437 4828 3587 4905 est,
3676 4823 3866 4916 quia

2309 4936 2672 5009 videmus
2744 4938 2822 5010 in
2864 4939 3246 5030 operibus
3280 4940 3598 5021 animae,
3657 4939 3866 5032 quod

2307 5051 2492 5123 dum
2529 5073 2684 5123 una
2726 5052 3095 5145 potentia
3158 5054 3502 5127 multum
3546 5055 3867 5127 intense

2307 5166 2531 5240 elicit
2594 5168 3152 5259 operationem
3191 5190 3450 5248 suam,
3504 5169 3867 5242 retrahit

2309 5282 2555 5354 aliam
2607 5304 2653 5355 a
2721 5305 2864 5355 suo
2908 5288 3121 5367 actu,
3178 5291 3265 5357 ut
3302 5288 3520 5376 patet
3554 5285 3646 5357 (le
3692 5306 3863 5356 sen-

2313 5401 2557 5473 sitiva
2604 5405 2685 5473 et
2758 5401 3278 5482 intellectiva,
3373 5423 3546 5492 quie
3632 5403 3860 5473 nullo

2314 5518 2547 5589 modo
2609 5521 2950 5610 possunt
2981 5538 3183 5600 esse,
3220 5516 3381 5589 nisi
3449 5538 3700 5591 unum
3742 5540 3859 5591 es-
