4252 6393
1654 421 2022 498 QUAESTlo
2071 424 2118 483 V
3384 424 3503 488 327

326 578 1024 673 propagationem3
1115 582 1195 652 et
1283 579 1484 653 talia
1568 581 1844 654 dicunt
1960 584 2247 675 quibus
2314 584 2564 658 ctiam
2631 586 3042 659 consentit
3093 586 3503 659 Averroes

323 717 463 769 non
500 717 671 767 esse
711 695 811 766 ab
871 702 1162 786 agente
1232 701 1641 790 separato,
1712 700 1841 771 sed
1960 704 2603 784 commentator,
2678 705 2765 775 ut
2827 707 3049 795 patet
3118 723 3364 795 super
3427 706 3494 775 8.
3527 719 3790 832 Assss'fff‘}

168 2448 253 2495 auio

170 2511 297 2561 coelis

322 815 407 886 ab
435 817 713 905 agente
763 814 1255 907 particulari
1296 836 1460 887 suae
1513 816 1836 908 speciei,

323 937 397 1006 ut
427 952 668 1023 equus
710 933 809 1004 ab
849 952 1079 1024 equo.
1127 933 1307 1005 Alia
1341 940 1832 1024 generantur

321 1069 448 1143 per
504 1048 1210 1141 putrefactionem,
1257 1054 1339 1123 et
1380 1070 1538 1121 non
1581 1071 1627 1121 a
1688 1051 1839 1122 sibi

320 1165 570 1245 simili,
632 1169 712 1238 et
784 1166 1073 1239 talium
1136 1167 1424 1238 formae
1497 1170 1684 1240 sunt
1742 1167 1840 1238 ab

317 1287 582 1373 agente
634 1288 1043 1375 separato,
1104 1288 1191 1357 ut
1235 1284 1332 1355 ab
1382 1284 1656 1375 aliqua
1719 1287 1838 1355 In-

316 1400 746 1491 telligentia
788 1405 1120 1475 creante
1185 1402 1413 1473 illam
1483 1401 1835 1474 formam

318 1520 385 1589 in
416 1519 753 1592 materia
799 1546 813 1588 :
851 1523 935 1592 et
976 1519 1215 1611 hujus
1254 1519 1710 1612 positionis,
1751 1524 1837 1592 ut

316 1635 497 1706 idem
535 1635 734 1707 dicit
775 1639 1417 1716 Commentator,
1454 1636 1678 1707 visus
1713 1639 1835 1708 est

318 1750 541 1823 l'uisse
582 1750 1075 1823 Themistius
1110 1756 1190 1824 et
1226 1750 1718 1831 Alfarabius,
1755 1757 1835 1825 et

315 1870 485 1942 dicit
552 1869 629 1940 in
710 1868 858 1941 hoc
939 1889 1217 1942 secum
1302 1870 1828 1941 concordare.

318 1987 508 2069 Quod
569 2006 769 2077 ergo
808 1986 1005 2058 dicit
1068 1984 1477 2057 Avicenna
1517 1986 1607 2055 de
1672 2005 1834 2056 om-

318 2103 520 2174 nibus
579 2102 869 2175 formis
913 2102 1609 2181 substantialibus,
1683 2100 1831 2174 hoc

317 2220 486 2293 dicit
557 2220 1051 2292 Themistius
1124 2219 1388 2291 solum
1466 2219 1558 2289 de
1638 2217 1827 2298 illis,

320 2358 471 2427 quae
508 2337 706 2410 fiunt
749 2357 908 2408 non
946 2356 989 2406 a
1035 2336 1307 2408 simili.

391 2453 651 2526 Tertia
724 2456 995 2527 autem
1059 2452 1332 2544 opinio
1398 2452 1678 2534 media,
1745 2457 1832 2525 ut

314 2568 483 2644 dicit
557 2573 1202 2649 Commentator,
1288 2568 1443 2643 fuit
1518 2568 1832 2643 Aristo·

318 2683 501 2765 telis,
544 2683 882 2757 dicentis
948 2684 1156 2775 quod
1215 2704 1466 2772 agens
1508 2705 1667 2757 non
1721 2682 1830 2757 fa-

315 2799 411 2873 cit
447 2801 598 2873 nisi
644 2800 1218 2893 compositum,
1282 2801 1396 2874 ita
1439 2801 1655 2892 quod
1688 2823 1831 2874 nec

315 2917 467 2989 sola
536 2918 908 2999 materia,
982 2938 1125 2990 nec
1182 2918 1358 2989 sola
1417 2917 1684 2989 forma
1740 2918 1830 2991 fit

318 3054 440 3125 per
516 3056 619 3115 se,
680 3034 828 3123 ,sed
917 3033 1180 3105 solum
1252 3034 1825 3127 compositum,

312 3151 579 3235 forma,
650 3156 731 3226 et
804 3151 1153 3225 materia
1221 3171 1418 3223 vero
1489 3172 1632 3245 per
1707 3171 1831 3224 ac-

311 3268 581 3341 cidens.

402 3390 531 3460 11ae
571 3393 837 3462 autem
905 3409 1182 3461 omnes
1251 3387 1696 3481 opiniones,
1743 3392 1834 3462 ut

307 3501 482 3578 dicit
539 3509 1179 3585 Commentator,
1242 3506 1518 3578 dicunt
1568 3527 1665 3578 cx
1718 3505 1829 3577 ni-

312 3618 457 3691 hilo
522 3621 721 3694 nihil
775 3643 1011 3714 posse
1079 3622 1283 3703 fieri,
1342 3623 1555 3696 inter
1597 3642 1821 3715 quas,

309 3742 385 3811 ut
436 3740 715 3812 ibidem
756 3740 978 3822 dicit,
1022 3741 1303 3812 verior
1342 3745 1466 3814 est
1552 3740 1827 3833 opinio

308 3854 790 3938 AristoteliS,
899 3856 1087 3947 quia
1173 3861 1261 3929 ut
1336 3856 1555 3937 dicit,
1645 3878 1827 3929 cum

307 3972 659 4044 omnibus
705 3973 893 4045 aliis
937 3973 1016 4045 in
1067 3973 1339 4064 aliquo
1383 3973 1762 4046 convenit
1808 3999 1822 4044 ε

303 4088 663 4164 convenit
719 4090 937 4163 enim
990 4112 1173 4162 cum
1217 4089 1659 4169 creatione,
1720 4089 1826 4160 in-

304 4209 677 4294 quantum
728 4206 949 4286 dicit,
997 4207 1203 4298 quod
1244 4212 1367 4279 est
1420 4207 1499 4278 in
1561 4211 1829 4299 poten-

305 4319 405 4390 tia
457 4323 634 4396 fieri
698 4323 778 4394 in
836 4328 1048 4404 actu,
1094 4327 1176 4395 et
1236 4323 1607 4414 accipere
1649 4344 1826 4394 esse

306 4442 470 4527 post
508 4460 668 4512 non
709 4461 913 4513 esse.
972 4440 1366 4515 Convenit
1426 4462 1609 4512 cum
1651 4440 1826 4513 lati-

302 4552 617 4640 tatione,
709 4555 1186 4646 inquantum
1272 4554 1464 4626 dicit
1515 4553 1824 4625 formas

302 4668 506 4743 educi
582 4672 674 4744 de
717 4670 1081 4764 potentia
1142 4669 1534 4752 materiae,
1638 4670 1824 4762 quia

303 4783 657 4879 quidquid
696 4787 1072 4865 educitur
1112 4788 1203 4859 de
1271 4788 1635 4879 potentia
1669 4808 1825 4859 ma-

306 4899 540 4982 teriae,
587 4902 864 4994 aliquo
936 4903 1170 4975 modo
1213 4908 1338 4977 est
1408 4904 1541 4985 ibi,
1604 4907 1683 4976 et
1743 4904 1825 4976 in

302 5033 386 5085 ea
433 5017 628 5093 latet
693 5045 707 5088 :
775 5020 973 5091 unde
1013 5019 1208 5093 dicit
1275 5021 1483 5113 quod
1546 5041 1825 5092 omnes

305 5131 703 5221 opiniones
752 5136 1264 5210 intendebant
1336 5136 1559 5208 illam
1607 5137 1825 5209 Aris-

308 5249 584 5332 totelis,
624 5252 759 5322 sed
799 5252 1070 5324 nullus
1117 5253 1449 5325 illorum
1501 5253 1595 5324 ad
1646 5273 1823 5324 eam

313 5365 555 5452 potuit
595 5368 1113 5461 pertingere.

383 5482 573 5556 Ecce
607 5484 890 5575 igitur,
937 5486 1142 5579 quod
1188 5507 1467 5559 omnes
1511 5486 1822 5579 antiqui

312 5594 864 5678 intellexerunt
901 5606 992 5677 de
1067 5604 1324 5677 nihilo
1369 5605 1571 5677 nihil
1618 5605 1818 5686 fieri,

1956 820 2226 905 Physic.
2272 841 2435 885 com.
2479 820 2543 889 4.
2587 817 2855 890 nitens
2909 817 3057 890 hoc
3119 817 3493 910 probare.

1957 937 2056 1006 Et
2091 934 2369 1023 arguit
2404 935 2692 1028 primo,
2734 934 2920 1025 quia
2957 934 3175 1007 omni
3211 936 3493 1018 motui,

1953 1056 2032 1124 et
2103 1052 2537 1125 mutationi
2605 1073 2933 1124 necesse
3009 1055 3133 1124 est
3212 1051 3498 1144 subjici

1954 1167 2278 1258 aliquid.
2354 1169 2711 1240 Secundo
2758 1168 2871 1240 sic
2953 1194 2966 1237 z
3046 1168 3126 1240 si
3196 1168 3499 1259 aliquid

1952 1286 2041 1358 fit
2130 1286 2220 1356 de
2306 1285 2585 1366 nihilo,
2673 1286 2824 1358 hoc
2904 1306 3064 1357 non
3131 1288 3257 1359 est
3333 1285 3494 1357 nisi

1954 1423 2098 1495 per
2149 1402 2541 1483 accidens,
2625 1423 2722 1474 ex
2766 1402 3226 1495 privatione
3276 1402 3493 1476 enim

1953 1518 2152 1590 nihil
2187 1518 2275 1591 fit
2339 1539 2482 1611 per
2542 1539 2649 1600 se,
2700 1518 2831 1589 sed
2893 1540 3037 1611 per
3078 1518 3488 1599 accidens3

1952 1655 2187 1706 omne
2254 1640 2526 1708 autem
2573 1655 2714 1727 per
2755 1634 3123 1706 accidens
3195 1634 3496 1707 reduci-

1950 1754 2089 1824 tur
2121 1753 2214 1823 ad
2251 1772 2394 1843 per
2428 1773 2535 1831 se,
2601 1755 2688 1824 ut
2735 1751 3086 1844 privatio
3132 1751 3227 1823 ad
3266 1755 3496 1824 natu·

1954 1887 2131 1939 ram
2164 1888 2261 1939 ex
2296 1889 2452 1960 quo
2482 1867 2815 1958 aliquid;
2853 1887 3053 1957 ergo
3089 1868 3155 1939 si
3189 1867 3492 1959 aliquid

1948 1987 2036 2059 fit
2077 2006 2176 2056 ex
2235 1984 2518 2068 nihilo,
2585 1985 2734 2058 hoc
2785 1987 2935 2065 cst,
2983 1984 3189 2077 quod
3247 1986 3337 2058 fit
3393 2007 3492 2057 ex

1947 2102 2221 2194 aliquo
2267 2123 2410 2195 per
2470 2124 2578 2174 se.
2629 2103 2856 2184 Item,
2903 2100 3121 2173 fama
3173 2100 3493 2195 publica

1944 2224 2070 2293 est
2116 2218 2799 2312 Philosophorum
2843 2240 2941 2292 cx
2988 2218 3243 2292 nihilo
3290 2216 3489 2291 nihil

1946 2336 2150 2408 fieri

2038 2456 2266 2535 Item,
2315 2472 2548 2525 omne
2590 2451 2794 2544 quod
2835 2450 2948 2533 fit,
2987 2449 3214 2542 prius
3254 2454 3379 2522 est
3415 2450 3493 2521 in

1948 2570 2355 2664 potentia;
2429 2569 2694 2641 omnis
2772 2571 3043 2641 autem
3123 2567 3491 2659 potentia

1946 2686 2332 2758 fundatur
2401 2685 2478 2758 in
2550 2685 2860 2776 aliquo;
2906 2702 3131 2775 ergo,
3167 2686 3321 2755 etc.
3368 2682 3483 2755 sic

1948 2804 2205 2893 igitur
2301 2807 2525 2896 patet
2616 2802 2706 2874 dc
2787 2800 2948 2873 ista
3044 2800 3490 2892 quaestione

1942 2921 2124 3013 quid
2165 2919 2479 3011 antiqui
2511 2918 2921 2991 dixerunt.

2425 3227 2854 3285 ARTICULUS
2929 3228 3001 3284 11.

2195 3411 2531 3475 Statuitur
2570 3411 2819 3475 veritas
2861 3408 3238 3479 Catholica.

2037 3605 2397 3677 Secundo
2457 3606 2581 3676 est
2620 3599 3066 3682 videndum,
3132 3601 3313 3694 quid
3375 3624 3488 3675 se-

1945 3721 2290 3794 cundum
2359 3718 2577 3791 Fidei
2643 3717 3083 3792 veritatem
3176 3722 3257 3791 et
3318 3737 3483 3791 rec-

1945 3843 2114 3912 tam
2175 3836 2606 3917 rationem,
2671 3838 2795 3909 est
2853 3835 3305 3908 tenendum.
3369 3837 3485 3907 Ad

1943 3954 2185 4046 hujus
2253 3953 2740 4028 evidentiam
2810 3952 2924 4025 sic
2999 3955 3123 4024 est
3210 3972 3483 4043 proce-

1941 4071 2304 4143 dendum.
2369 4070 2644 4143 Primo
2690 4068 3262 4143 ostendendum
3332 4071 3481 4149 est,

1944 4187 2151 4277 quod
2197 4187 2474 4259 modus
2554 4184 3275 4265 Commentatoris,
3351 4185 3483 4276 qui

1946 4302 2170 4394 ponit
2215 4302 2653 4375 materiam
2721 4304 3142 4382 aeternam,
3186 4305 3267 4373 et
3317 4320 3481 4372 non

1941 4423 2303 4491 creatam
2366 4419 2463 4491 ab
2529 4419 2803 4511 aliquo
2870 4420 2995 4506 (et
3053 4416 3205 4489 hoc
3276 4416 3481 4489 idem

1947 4536 2215 4629 posuit
2256 4535 2771 4618 Aristoteles,
2830 4540 2916 4608 ut
2946 4534 3140 4607 dicit
3185 4533 3482 4624 Magis-

1942 4658 2069 4728 ter
2126 4653 2739 4726 Sententiarum
2807 4655 2870 4724 1.
2931 4654 3087 4719 dist.
3143 4653 3210 4722 2.
3277 4653 3479 4740 libri)

1940 4771 2148 4864 quod
2218 4769 2395 4849 iste,
2471 4769 2823 4860 inquam,
2888 4767 3170 4838 modus
3257 4769 3480 4840 stare

1939 4908 2095 4960 non
2156 4891 2450 4979 potest.
2500 4887 2858 4961 Secundo
2903 4886 3482 4962 ostendendum

1938 5008 2089 5086 est,
2140 5005 2346 5095 quod
2386 5024 2716 5075 necesse
2775 5007 2899 5076 est
2939 5002 3235 5085 dicere,
3275 5001 3482 5095 quod

1939 5121 2240 5214 aliquid
2289 5122 2380 5194 dc
2421 5120 2677 5193 nihilo
2722 5120 2830 5194 sit
2876 5121 3363 5212 productum
3404 5123 3484 5192 et

1941 5237 2280 5330 produci
2323 5237 2608 5330 possit.
