4252 6393
702 375 817 438 118

1824 378 1969 440 LlB.
2021 380 2066 442 Ι.
2113 378 2659 446 METEORCRUM

698 532 1012 606 ferrum
1114 534 1336 608 illius
1405 535 1641 608 falcis
1702 541 2066 611 mutetur
2156 539 2236 611 in
2349 545 2584 632 pastu
2658 542 3161 625 animalium,
3229 545 3418 636 quia
3478 551 3666 620 tunc
3724 548 3883 620 ani·

700 647 1062 732 rubeum,
1109 652 1462 742 nigrum,
1489 652 1615 723 vel
1659 651 1988 725 lividum
2021 654 2237 726 colo-

699 783 899 846 rem,
950 764 1223 855 signat
1245 765 1630 859 pluviam.

788 881 1111 964 Quinto,
1174 883 1614 958 desiccatio
1690 885 2066 968 fontium,
2159 890 2240 960 et

696 998 1160 1084 fluviorum,
1208 1004 1478 1077 subito
1521 1004 1763 1086 facta,
1811 1005 2001 1098 quia
2047 1009 2240 1079 tunc

702 1115 1024 1208 signum
1057 1122 1182 1193 est
1214 1120 1422 1211 quod
1454 1120 1554 1192 ab
1594 1121 1711 1195 eis
1752 1123 2147 1198 elevatur.

373 914 653 969 Quintum.

2353 656 2602 729 malla
2646 660 3063 734 robustius
3087 663 3542 736 comedunt.

2441 776 2772 857 Octavo,
2836 779 3277 869 praescitur
3335 799 3434 849 ex
3492 785 3888 871 apertura
3935 767 4196 820 ‘'mmm-

2353 889 2852 964 concharum
2889 892 3169 972 maris,
3205 895 3285 966 et
3329 892 3673 984 piscium
3734 916 3894 967 mo·

2355 1013 2469 1088 tu,
2527 1012 2613 1080 ut
2653 1007 2849 1081 dicit
2904 1012 3198 1082 auctor
3246 1009 3323 1081 in
3367 1010 3896 1102 proprietati-

2352 1125 2499 1196 bus
2534 1126 3129 1197 elementorum
3174 1151 3188 1194 ε
3229 1146 3376 1219 per
3415 1126 3669 1201 istum
3734 1148 3895 1200 mo-

388 1274 634 1322 senum,
794 1237 1063 1315 Sexto,
1135 1255 1375 1307 casus
1434 1235 1800 1329 fuliginis
1857 1239 1938 1312 in
1993 1240 2241 1312 domi·
2352 1242 2538 1315 dum
2581 1246 3032 1333 generatur
3063 1244 3522 1334 margarita
3561 1245 3643 1317 in
3687 1244 3901 1337 capi-

703 1349 874 1419 bus,
923 1352 1022 1424 Et
1054 1349 1206 1424 hoc
1239 1350 1331 1424 de
1365 1357 1689 1444 quarto.
2356 1364 2435 1433 te
2468 1357 2823 1441 conchea,
2860 1378 3047 1430 nam
3080 1359 3390 1433 concha
3424 1359 3502 1431 in
3537 1380 3730 1433 casu
3775 1383 3899 1434 ro-

2361 1475 2476 1548 ris
2534 1475 2801 1568 aperit
2835 1496 2944 1556 se,
3010 1475 3478 1568 accipiendo
3535 1478 3902 1566 guttulas

2362 1591 2606 1671 roris,
2656 1611 2891 1683 quem
2925 1613 3108 1664 cum
3152 1593 3233 1665 in
3284 1593 3522 1686 copia
3564 1593 3899 1686 recepit,

1177 1740 1615 1798 ARTlcULus
1697 1743 1768 1798 v,
2361 1729 2446 1781 se
2496 1708 2800 1782 iterato
2842 1708 3169 1790 claudit,
3207 1715 3289 1783 et
3353 1714 3543 1784 tunc
3603 1730 3701 1780 ex
3760 1711 3903 1783 illo

2364 1844 2554 1897 rore
2574 1845 2758 1897 cum
2778 1825 3310 1916 qualitatibus
3337 1825 3900 1918 propriis‚una

701 1953 797 2020 De
833 1953 1052 2040 siquis
1103 1956 1355 2041 pluvioe
1400 1958 1685 2044 repertis
1732 1960 1805 2025 in
1862 1961 2250 2048 corporibus
2361 1962 2545 2015 cum
2599 1942 3020 2016 influent-ist
3061 1943 3239 2014 Gaeli
3287 1947 3630 2032 gellffl'at
3693 1963 3904 2015 mar-

1296 2073 1642 2142 animam.
2365 2059 2749 2148 garitam·

2451 2177 2709 2255 Nono,
2760 2173 3117 2246 insinuat
3169 2172 3529 2266 pluviam
3574 2173 3904 2246 volatus
3979 2181 4190 2231 Nonum·

385 2313 684 2391 semaam-1
799 2287 913 2358 De
955 2284 1266 2376 quinto,
1313 2286 1627 2360 scilicet
1671 2288 1762 2361 de
1822 2291 2078 2383 signis
2132 2315 2250 2365 re·
2366 2291 2910 2372 hirundinum,
2960 2291 3146 2383 quia
3189 2296 3380 2366 tunc
3431 2289 3904 2363 hirundines

353 2378 674 2493 {ffiffl‘ssn-J’*
719 2402 976 2496 pertis
1012 2403 1092 2475 in
1123 2404 1611 2496 corporibus
1653 2406 2067 2484 animatis,
2364 2407 2644 2479 volant
2691 2407 2953 2496 magis
2989 2426 3242 2499 prope
3278 2411 3590 2481 terram
3635 2410 3903 2480 trans-

803 2519 1106 2601 Primo,
1144 2520 1635 2595 confricatio
1662 2524 1985 2597 aurium
2010 2527 2245 2602 asini.
2364 2521 2672 2596 versim
2704 2522 3383 2595 circumferendo.

708 2639 1001 2736 Causa·
1047 2641 1196 2718 est,
1283 2637 1471 2729 quia
1514 2637 1593 2710 in
1647 2641 2053 2714 radicibus
2115 2665 2251 2716 au·
2455 2636 2814 2717 Decimo,
2862 2636 3300 2730 praescitur
3333 2635 3604 2728 pluvia
3644 2655 3744 2706 ex
3794 2636 3905 2708 lu·
3940 2651 4214 2700 nei-anm.

705 2751 922 2824 rium
991 2756 1179 2827 sunt
1238 2755 1471 2827 nervi
1531 2756 1852 2849 quidam
1910 2760 2251 2845 subtiles
2365 2755 2462 2827 do
2499 2772 2996 2826 muscarum.

702 2866 1483 2950 valde‚et1nodicum
1510 2874 1933 2947 sensibiles
1961 2877 2248 2959 tactui,
2456 2873 2557 2944 Et
2589 2891 2711 2941 ex·
2724 2868 2905 2943 istis
2937 2873 3307 2962 apparet,
3346 2889 3521 2959 quae
3565 2869 3754 2940 sunt
3805 2866 3907 2939 si·
3934 2863 4216 2991 φξζῇζχξ

704 2990 786 3058 et
822 2986 1021 3068 ideo,
1071 2987 1365 3074 saltem
1420 2988 1735 3079 quando
1778 3011 1927 3062 aer
1968 2992 2254 3086 incipit
2372 3007 2529 3080 gna
2573 2986 2889 3081 pluviae
2926 2990 3008 3060 et
3051 3007 3224 3077 quae
3259 2984 3755 3060 setenitatis
3803 2987 3910 3058 Et

710 3102 1197 3193 ingrossari‚
1265 3105 1514 3178 sentit
1567 3105 2256 3183 confricationem
2370 3127 2517 3200 per
2548 3105 2699 3177 hoc
2736 3107 2958 3198 patet
2993 3103 3421 3198 responsio
3474 3102 3569 3174 ad
3628 3100 3915 3194 quaesi-

716 3221 956 3296 istius
990 3221 1415 3312 grossitiei
1449 3224 1542 3295 ad
1581 3224 1764 3295 illos
1817 3245 2139 3309 nervos,
2179 3234 2259 3304 et
2373 3227 2572 3304 tum,
2613 3221 2818 3314 quod
2857 3220 3150 3291 rubedo
3199 3220 3604 3294 matutina
3644 3224 3768 3292 est
3811 3218 3916 3290 si-

720 3341 909 3411 tunc
947 3341 1215 3410 movet
1247 3357 1489 3409 aures
1523 3340 2075 3414 confricando.
2377 3359 2623 3431 gnum
2656 3337 2971 3431 pluviae,
3008 3341 3087 3410 et
3117 3336 3588 3429 vespertina
3615 3334 3916 3408 sereni-

372 3465 694 3516 Seeundum-
812 3456 1197 3535 Secundo,
1277 3456 1715 3547 praescitur
1804 3459 2076 3550 pluvia
2163 3483 2262 3534 ex
2378 3454 2601 3534 tatis,
2648 3458 2737 3528 ut
2777 3457 3001 3545 patet
3036 3473 3180 3546 per
3217 3452 3459 3526 dicta.

723 3571 939 3643 saltu
1002 3570 1350 3663 piscium
1410 3590 1639 3663 aquae
1693 3574 1950 3648 dulcis
2015 3596 2264 3669 super
2463 3569 2578 3642 Ad
2622 3568 3008 3641 rationes.
3057 3568 3172 3640 Ad
3200 3587 3577 3659 prlmam
3626 3569 3914 3650 Habetin,
3949 3580 4219 3693 ‘'¹¹⁶⁰’J-31'2m

720 3707 1040 3780 aquam.
2376 3692 2529 3762 etc.
2575 3687 2777 3761 Dico
2826 3686 3031 3779 quod
3093 3684 3464 3777 quamvis
3509 3684 3921 3773 significet
3972 3644 4114 3769 ραῖ.

410 3833 664 3885 rem-nm,
806 3804 1109 3885 Tertio,
1146 3826 1242 3876 ex
1281 3808 1531 3886 motu,
1567 3806 1692 3876 vel
1730 3807 2057 3882 fremitu
2110 3809 2264 3881 del·
2380 3805 2868 3885 siccitatem,
2901 3810 3172 3878 tamen
3213 3822 3399 3874 cum
3444 3802 3609 3874 illis
3678 3800 3924 3874 exha

721 3919 1161 4013 phinorum
1206 3920 1285 3992 in
1331 3920 1567 4003 mari,
1603 3921 1861 3996 etheo
1902 3924 2266 4003 insinuat
2381 3918 2822 3992 lationibus
2875 3918 3118 3990 siccis
3169 3916 3601 3989 elevantur
3646 3916 3925 4008 plures

721 4055 1105 4126 magnam
1166 4039 1764 4127 tempestatem,
1810 4042 1891 4111 et
1936 4040 2027 4111 de
2077 4040 2264 4116 istis
2378 4056 2728 4129 vapores
2787 4034 3053 4127 aquei,
3137 4035 3273 4125 qui
3335 4038 3523 4106 sunt
3567 4032 3925 4106 materia

718 4157 799 4227 et
832 4153 1017 4224 aliis
1052 4152 1573 4243 sequentibus
1607 4174 1767 4225 non
1792 4161 2060 4247 potest
2096 4160 2263 4237 red·
2382 4154 2698 4248 pluviae.

718 4268 794 4340 di
835 4288 1108 4350 causa,
1155 4268 1315 4342 nisi
1352 4269 1560 4361 quod
1594 4269 2053 4360 hujusmodi
2101 4275 2267 4346 ani-
2467 4270 2581 4345 Ad
2614 4269 3047 4341 secundam
3078 4269 3170 4340 de
3218 4264 3599 4337 rubedine
3646 4265 3920 4344 Lunae,
4028 4278 4108 4330 Aa
4132 4277 4177 4326 2.

723 4385 970 4460 malia
1003 4385 1297 4461 habent
1332 4388 1754 4478 quemdam
1790 4387 2266 4466 instinctum
2374 4391 2554 4462 dieo
2671 4389 2878 4481 quod
2989 4389 3057 4460 si
3189 4387 3418 4461 Luna
3527 4389 3926 4477 appareat

728 4502 1303 4577 naturalemad
1329 4502 1488 4577 ista
1508 4508 2262 4596 praeeognoscenda..
2384 4506 2631 4578 rubea
2712 4506 2790 4577 in
2871 4524 3166 4577 occasu
3230 4502 3468 4583 Solis,
3540 4506 3621 4574 et
3670 4500 3924 4574 etiam

400 4644 685 4699 Quartum.
819 4622 1157 4700 Quart0‚
1223 4617 1750 4694 inconsuetus
1806 4626 2097 4696 cantus
2145 4642 2267 4694 ra·
2382 4643 2636 4716 prope
2695 4640 3104 4702 occasum,
3160 4625 3350 4693 tunc
3399 4623 3525 4692 est
3598 4617 3927 4708 signum

732 4756 1049 4809 narum.
2384 4738 2901 4813 serenitatis:
2971 4736 3041 4809 si
3091 4741 3365 4809 autem
3441 4735 3520 4805 in
3593 4738 3778 4807 ortu
3842 4737 3929 4804 et

400 4895 678 4949 Quintum.
818 4853 1139 4935 Quinto,
1193 4853 1631 4946 praescitur
1679 4853 1951 4946 pluvia
1996 4875 2094 4926 ex
2136 4875 2269 4926 vo·
2385 4875 2639 4948 prope
2684 4859 2985 4933 ortum,
3049 4856 3174 4924 est
3228 4850 3549 4939 signum
3605 4847 3923 4941 pluviae.

730 4969 900 5042 latu
944 4968 1197 5049 corvi,
1246 4970 1434 5059 quia
1467 4974 1657 5042 tunc
1708 4991 2004 5042 corvus
2046 4971 2272 5045 volat
2472 4970 2586 5042 Ad
2630 4969 2990 5050 tertiam,
3018 4970 3177 5057 quia
3233 4968 3480 5035 rubedo
3522 4967 3923 5053 vespertina,
4031 4978 4112 5031 Ad
4133 4976 4180 5024 3.

729 5107 914 5157 cum
951 5086 1430 5159 sonantibus
1464 5086 1642 5157 alis.
2386 5091 2541 5161 etc.
2588 5085 2789 5159 Dico
2836 5084 3040 5176 quod
3065 5103 3225 5156 non
3259 5086 3385 5154 est
3419 5080 3710 5161 simile,
3734 5078 3924 5171 quia

416 5223 670 5271 sextum.
822 5202 1446 5286 Sext0‚ela1nor
1495 5202 1851 5275 cornicis
1893 5224 2078 5289 cum
2120 5203 2271 5275 ele·
2388 5202 2685 5274 rubedo
2741 5198 3210 5293 vespertina
3282 5197 3555 5287 signat
3605 5193 3928 5268 exhala-

642 5388 647 5394 .
730 5320 1081 5401 vatione,
1130 5324 1209 5394 et
1258 5320 1779 5413 depressione
1830 5319 2048 5400 colli,
2112 5319 2272 5391 col·
2387 5317 2677 5399 tiones,
2705 5322 2786 5391 et
2807 5336 3160 5409 vapores
3182 5313 3668 5386 descendere
3695 5329 3928 5403 prop-

734 5437 899 5509 lum
943 5438 1528 5530 quodammodo
1561 5437 2035 5526 elongando.
2390 5440 2518 5510 ter
2598 5432 3133 5524 frigiditatem
3224 5429 3517 5511 noctis,
3604 5428 3771 5500 ideo
3857 5422 3930 5495 si

379 5579 697 5643 septimum.
824 5554 1212 5646 Septimo,
1298 5552 1736 5646 praescitur
1823 5550 2095 5645 pluvia
2176 5532 2320 5621 ex‘
2388 5554 2784 5644 appareat
2821 5548 3141 5630 rubedO,
3177 5551 3303 5619 est
3341 5546 3665 5635 signum
3721 5562 3928 5614 sere·
