4252 6393
757 423 877 488 230

742 592 822 660 et
881 606 1040 660 non
1084 607 1234 679 pro
1297 586 1628 680 proprie
1672 589 2046 681 prop1²io;
2093 590 2173 661 et
2216 586 2285 659 si

742 725 892 797 pro
962 703 1297 797 proprie
1360 703 1723 796 proprie,
1790 708 1978 778 tunc
2042 703 2286 776 simul

738 820 1255 894 consumitur
1323 819 1803 902 humiditas,
1875 826 1955 895 et
2023 820 2289 894 calidi-

744 940 899 1017 tas,
956 936 1168 1010 sicut
1220 935 1464 1009 homo
1504 942 1583 1011 et
1619 938 1955 1020 risibile,
1994 943 2074 1011 et
2124 959 2287 1010 non

743 1057 1109 1125 remanet
1180 1073 1426 1125 unum
1487 1053 1648 1126 alio
1721 1059 2143 1147 corrupto,
2207 1059 2288 1128 et

740 1170 893 1244 hoc
953 1172 1034 1243 in
1092 1170 1357 1247 debita
1396 1177 1477 1246 et
1535 1173 1897 1246 naturali
1949 1173 2287 1265 disposi-

744 1288 990 1363 tione.
1053 1289 1168 1360 Ad
1232 1290 1480 1361 aliam
1548 1291 2283 1372 confirmationem,

745 1431 889 1496 qnce
946 1420 1039 1474 est
1094 1411 1344 1492 sortior
1399 1410 1716 1477 caliditas
1777 1411 2067 1497 proprii,
2123 1412 2284 1501 etc.

750 1527 964 1613 iqitur
1017 1529 1079 1594 si
1145 1530 1646 1609 contrariatur,-
1715 1529 2065 1616 negatul‘
2132 1526 2291 1598 ista

749 1642 1356 1733 consequentia,
1406 1642 1593 1734 quia
1638 1643 1894 1716 multa
1945 1642 2041 1715 ad
2093 1642 2290 1714 invi-

750 1777 923 1828 cem
984 1762 1236 1847 agunt
1295 1778 1457 1830 non
1498 1760 1945 1841 contraria,
2009 1765 2089 1833 et
2131 1781 2290 1833 non

753 1872 1081 1944 omnino
1175 1874 1595 1967 disparata
1690 1880 1966 1967 agunt.
2070 1878 2290 1951 Unde

751 1993 1077 2082 oportet
1139 1991 1576 2083 imaginari
1632 1996 2059 2088 quamdam
2115 1997 2292 2070 lati-

748 2106 1106 2182 tudinem
1187 2109 1633 2184 caliditatis
1722 2113 2131 2186 naturalis
2200 2113 2294 2185 ad

747 2223 1163 2297 humidum
1215 2229 1616 2310 naturale,
1677 2230 1805 2301 vel
1864 2230 2291 2304 habentem

751 2341 1229 2424 amicitiam,
1294 2347 1373 2418 et
1441 2347 1900 2420 naturalem
1961 2347 2294 2421 inclina-

751 2456 1055 2530 tionem
1128 2459 1485 2542 ratione,
1560 2462 1770 2536 sicut
1839 2463 2148 2535 serrum
2210 2486 2294 2536 sc

754 2573 997 2648 habet
1029 2576 1121 2647 ad
1168 2582 1654 2667 magnetem,
1699 2580 1826 2651 vel
1877 2603 1918 2651 c
1971 2587 2293 2655 contra-

758 2692 910 2772 rio,
960 2692 1278 2765 ratione
1321 2695 1553 2786 eujus
1616 2695 2152 2783 humiditatis,
2216 2705 2296 2774 et

754 2807 1139 2882 amicitia}
1191 2813 1443 2900 agunt
1488 2811 1583 2883 ad
1629 2812 1999 2897 invicem,
2044 2821 2124 2891 et
2166 2818 2296 2888 du-

759 2929 944 2998 rant
979 2947 1125 3019 per
1156 2930 1511 3020 tempus;
1549 2934 1627 3004 et
1653 2934 1964 3022 quando
1996 2933 2298 3008 dicitur

757 3044 962 3133 quod
1021 3063 1180 3114 non
1249 3047 1816 3139 corrumpitur
1875 3048 1973 3120 ab
2031 3051 2297 3124 aliena

757 3160 1195 3243 caliditate,
1235 3164 1444 3255 quod
1495 3164 1611 3237 sic
1661 3171 2081 3260 oporteret
2115 3188 2297 3241 con-

758 3278 1039 3350 cedere
1089 3279 1491 3353 actionem
1525 3282 1991 3366 caliditatis,
2038 3290 2116 3358 et
2159 3284 2299 3356 hu-

762 3394 1156 3468 miditatis
1218 3396 1314 3468 ad
1374 3397 1744 3479 invicem,
1826 3402 2300 3475 conceditur

759 3509 953 3582 illud
1033 3512 1465 3582 secundum
1540 3514 1856 3585 modum
1912 3515 2084 3605 ‘iam
2146 3517 2300 3589 dic-

761 3633 959 3702 tum.
1044 3630 1369 3710 Quando
1453 3630 1775 3711 dicitur,
1843 3637 2005 3722 pari
2078 3638 2304 3719 forma

760 3749 1054 3814 omnium
1095 3770 1230 3814 non
1267 3751 1789 3831 contrariarum,
1837 3756 1988 3823 Oto.
2065 3771 2304 3842 nega-

759 3862 920 3942 tur,
972 3859 1160 3953 quia
1207 3882 1367 3932 non
1421 3863 1691 3933 omnia.
1732 3863 2024 3938 habent
2057 3866 2304 3939 talem

765 3977 1170 4049 occultam
1252 3979 1759 4062 violentiam,
1831 3982 1958 4054 vel
2022 4003 2305 4054 conve-

763 4093 1181 4177 nientiam,
1253 4102 1332 4171 et
1403 4098 2014 4174 inclinationem
2078 4105 2305 4173 natu-

765 4210 1046 4281 ralem.
1105 4214 1204 4285 Et
1283 4215 1595 4304 quando
1637 4215 1959 4298 dicitur,
1999 4231 2154 4286 tunc
2192 4242 2310 4286 aer

759 4330 1167 4395 naturaliter
1203 4334 1488 4418 seipsum
1519 4334 1903 4414 destrueret,
1958 4339 2309 4423 nega-tur

762 4445 1366 4536 consequentia,
1429 4450 1509 4520 et
1569 4447 1783 4522 forte
1843 4469 2092 4521 causa
2154 4455 2302 4532 est,

765 4562 953 4653 quia
1031 4564 1278 4635 talem
1360 4564 1753 4638 virtutem
1843 4568 2305 4639 naturalem

763 4677 919 4751 sibi
952 4681 1549 4770 superadditam
1584 4701 1740 4752 non
1775 4682 2092 4764 habent,
2123 4705 2308 4774 qua-

767 4814 854 4866 re
899 4800 1148 4886 agant
1205 4796 1448 4870 talem
1506 4799 1966 4874 naturalem
2036 4803 2310 4890 poten-

767 4912 992 4984 tiam.
1031 4915 1132 4987 Et
1162 4914 1358 4986 bene
1390 4916 1573 4986 volo
1610 4916 1813 5006 quod
1858 4915 1972 4986 sic
2013 4916 2305 4999 dicere,

766 5036 891 5104 est
961 5031 1192 5122 quasi
1259 5032 1608 5112 deviare,
1693 5033 1824 5102 sed
1893 5052 2051 5102 non
2113 5032 2309 5103 hene

765 5153 1108 5240 apparet
1179 5148 1424 5220 aliter
1493 5169 1670 5219 esse
1721 5148 2166 5228 dicendum,
2230 5153 2309 5220 et

766 5263 1067 5337 sufficit
1138 5264 1213 5336 in
1284 5263 1796 5337 naturalibus
1869 5268 2184 5337 tantum
2228 5265 2308 5336 fi-

760 5380 920 5463 deS,
960 5380 1162 5471 quod
1205 5401 1362 5451 non
1401 5381 1656 5472 possit
1695 5381 1936 5453 nimis
1968 5386 2308 5472 experto

768 5496 1245 5589 improbari.
1288 5501 1385 5570 Et
1417 5499 1729 5588 quando
1770 5499 2071 5571 dicitur
2104 5498 2307 5588 quod

764 5626 857 5688 est
906 5627 1138 5683 eontra
1197 5618 1710 5710 experientiam,
1774 5620 1932 5708 quia
1999 5619 2185 5688 calor
2236 5618 2307 5686 in

1962 418 2104 489 ΜΒ.
2157 428 2255 488 lV.
2288 426 2833 493 METEORORUM

2397 589 2675 656 humido
2756 603 3213 665 conservatur.
3288 593 3760 669 conceditur
3844 598 3929 671 ad

2398 708 2744 797 tempus,
2782 709 2862 780 et
2902 727 3064 778 non
3097 712 3510 801 perpetue.
3558 715 3659 787 Et
3702 734 3929 807 quan-

2397 822 2492 893 do
2544 821 2870 906 dicitur,
2916 828 3266 894 humidum
3295 851 3337 895 a
3366 832 3588 899 calido
3634 846 3925 923 auyetum

2398 940 2883 1013 conceditur
2951 947 3341 1033 quantum
3394 946 3489 1019 ad
3539 949 3929 1049 extensio·

2400 1073 2582 1125 nem
2616 1056 2987 1148 subjecti,
3022 1063 3103 1132 et
3135 1060 3231 1131 ad
3263 1064 3613 1154 tempus,
3648 1068 3733 1138 et
3773 1087 3933 1159 pos·

2403 1176 2532 1244 tea
2572 1172 2997 1258 minuitur,
3045 1180 3124 1249 et
3177 1177 3629 1252 resolvitur
3668 1182 3932 1257 calore

2401 1295 2897 1363 remanente.

2487 1408 2601 1479 Ad
2638 1396 3203 1501 probationem
3246 1415 3520 1497 aliam,
3560 1417 3629 1490 si
3661 1419 3832 1509 agit
3862 1421 3935 1493 in

2402 1529 2793 1616 quantum
2829 1526 3002 1617 agit
3035 1533 3204 1601 tam
3238 1530 3409 1604 sine
3449 1532 3931 1617 extrinseco,

2405 1661 2646 1733 quam
2728 1643 2901 1715 sine
2982 1645 3467 1733 intrinseco,
3552 1654 3744 1726 tunc
3825 1658 3939 1728 est

2407 1760 2839 1852 proportio
2965 1765 3351 1855 potentiae
3462 1769 3937 1855 caliditatis,

2403 1881 2557 1949 etc.
2593 1878 3087 1952 conceditur.
3125 1880 3238 1953 Ad
3272 1882 3945 1976 improbationem

2407 2004 2560 2060 tunc
2589 1995 2906 2077 humana,
2945 1999 3097 2068 etc.
3172 2000 3647 2073 conceditur
3676 2020 3944 2077 conse-

2408 2109 2761 2198 quentia,
2809 2114 2888 2183 et
2921 2132 3449 2207 consequens.
3495 2118 3609 2191 Ad
3657 2118 3948 2214 impro-

2407 2216 2817 2289 bationem
2888 2219 3309 2306 fa-lsitatiS,
3386 2226 3575 2317 quia
3644 2230 3947 2320 species

2406 2331 2771 2415 diversae,
2838 2355 3013 2427 quae
3054 2336 3419 2413 diversas
3477 2341 3776 2418 habent
3832 2366 3948 2438 pe-

2412 2449 2710 2532 riodos,
2755 2452 3122 2526 diversas
3164 2455 3461 2533 habent
3496 2464 3952 2554 proportio-

2407 2587 2576 2646 nes,
2640 2573 2721 2641 et
2764 2589 2923 2641 non
2970 2574 3406 2647 seeundum
3467 2578 3788 2651 easdem
3830 2598 3948 2653 ca·

2412 2681 2612 2753 loris
2645 2684 2739 2755 ad
2773 2682 3366 2760 humiditatem.

2500 2802 2599 2873 Et
2635 2803 2950 2891 quando
2984 2804 3308 2888 dicitur,
3343 2811 3550 2891 sisic,
3589 2824 3746 2880 tunc
3773 2817 3950 2883 calor
4001 2885 4007 2892 ,

2410 2919 2709 2984 modicus
2774 2923 2850 2986 in
2913 2924 3125 2992 multa
3190 2927 3591 2995 humiditate
3664 2952 3803 3000 non
3867 2946 3954 3000 est

2411 3038 2693 3103 multum
2760 3038 3114 3124 durabilia,
3178 3046 3282 3110 vel
3347 3045 3661 3115 duratior
3719 3073 3955 3139 mayno

2411 3154 2633 3219 calore
2674 3156 2745 3222 in
2785 3157 3042 3224 modico
3081 3159 3379 3228 humido.
3425 3161 3538 3234 Ad
3578 3161 3733 3238 hoc
3775 3165 3956 3239 (lici-

2415 3271 2553 3339 tur
2623 3272 2829 3360 quod
2874 3271 2940 3342 si
2982 3278 3285 3348 caetera
3351 3285 3625 3354 essent
3698 3284 3953 3374 paria,

2416 3383 2530 3455 sic
2573 3389 2789 3460 esset
2842 3389 3048 3477 quod
3094 3391 3325 3465 calor
3372 3393 3735 3470 modicus
3778 3419 3957 3471 cum

2416 3498 2740 3575 humido
2842 3505 3100 3578 multo
3192 3507 3497 3583 diutius
3590 3513 3952 3595 duraret,

2418 3636 2656 3706 quam
2729 3620 3031 3694 multus
3092 3624 3322 3696 calor
3381 3647 3564 3699 cum
3618 3631 3955 3703 modica

2420 3736 2519 3806 Et
2553 3737 2863 3825 quando
2896 3737 3200 3812 dicitur
3249 3742 3454 3833 quod
3511 3748 3811 3814 modicus
3857 3770 3958 3816 ea-

2420 3852 2524 3919 lor
2560 3875 2707 3920 cum
2767 3858 2977 3922 multa
3025 3859 3424 3929 humiditate
3460 3884 3597 3930 non
3638 3877 3805 3931 esset
3846 3866 3962 3932 du·

2417 3972 2657 4053 ratior,
2722 3976 2875 4045 etc.
2944 3977 3294 4065 negatur
3350 3979 3959 4071 consequentia,

2422 4085 2491 4158 si
2532 4087 2728 4158 bene
2764 4090 3471 4181 proportionetur,
3509 4097 3588 4167 et
3620 4094 3966 4187 applice-

2420 4205 2558 4275 tur
2599 4204 2831 4276 calor
2863 4204 3353 4282 humiditati.
3392 4212 3492 4283 Et
3526 4210 3594 4282 si
3636 4213 3967 4304 probas-

2423 4341 2551 4391 ses
2621 4326 3288 4415 consequentiam
3348 4347 3446 4399 ex
3507 4326 3685 4410 hoc,
3763 4329 3965 4421 quod

2424 4440 2851 4529 proportio
2923 4441 3215 4515 modici
3266 4443 3571 4517 caloris
3630 4444 3729 4515 ad
3774 4445 3963 4516 mul-

2422 4557 2591 4626 tam
2673 4555 3237 4631 humiditatem
3316 4564 3534 4633 esset
3610 4561 3958 4641 modica,

2421 4677 2573 4745 etc.
2621 4675 3117 4757 conceditur,
3158 4676 3347 4768 quia
3378 4698 3474 4748 ex
3507 4676 3658 4750 hoc
3707 4677 3963 4769 sequi·

2424 4794 2561 4862 tur
2596 4789 2864 4881 potius
2900 4793 3103 4882 quod
3138 4792 3244 4865 sit
3286 4792 3687 4873 duratior,
3728 4813 3963 4885 quam

2425 4908 2532 4979 sit
2585 4905 2849 4976 minus
2910 4908 3301 4981 durabilis
3365 4912 3709 5001 propter
3765 4907 3963 4981 debi-

2424 5023 2741 5096 litatem
2777 5022 3164 5105 actioniS,
3201 5029 3281 5097 et
3322 5023 3828 5097 tarditatem.
3867 5025 3963 5094 Et

2426 5139 2737 5231 quando
2798 5138 3103 5211 dicitur
3163 5144 3451 5213 contra
3525 5140 3748 5222 illud,
3811 5143 3963 5229 qaia

2424 5269 2577 5324 tunc
2634 5269 2964 5346 oporteret
3010 5260 3167 5342 sieri
3204 5261 3537 5326 actionem
3583 5282 3625 5324 a
3672 5279 3959 5346 propor-

2423 5378 2602 5441 tione
2643 5378 2928 5442 minoris
2978 5376 3481 5463 ina‘qualitatiS,
3536 5376 3692 5445 etc.
3729 5391 3960 5462 nega-

2423 5495 2561 5563 tur
2592 5491 3199 5583 consequentia.

2508 5608 2619 5684 Ad
2668 5608 3257 5701 probationem,
3303 5632 3546 5699 mayna
3599 5609 3963 5680 humiditas

4062 1422 4123 1474 ⁴8.
