4252 6393
1735 358 2094 435 QUAEsTlo
2143 363 2275 423 XIX

146 522 526 625 &munstur
603 539 649 590 a
737 522 1236 599 mensurato,
1329 520 1800 611 quandoque
1868 520 1940 592 ei

389 641 786 729 aequatur,
858 641 935 709 et
984 637 1156 709 ideo
1200 638 1669 728 quandoque
1733 656 1942 708 men-

391 761 620 828 surat
674 775 820 827 sua
866 753 1423 847 replicatione,
1471 754 1942 846 quandoque

388 871 972 964 explicatione,
1031 870 1504 961 quandoque
1580 870 1941 961 adaequa-

390 990 610 1062 tione
648 1015 661 1056 :
706 987 935 1060 verbi
971 987 1271 1077 gratia,
1314 989 1581 1058 motus
1603 988 1939 1059 diurnus

387 1106 564 1179 coeli
605 1108 729 1177 est
775 1104 1113 1197 primus,
1150 1106 1227 1175 et
1274 1103 1937 1195 simplicissimus

390 1222 464 1293 in
510 1220 891 1301 motibuS,
939 1218 1127 1311 quia
1162 1217 1601 1291 uniformis
1646 1223 1794 1301 est,
1859 1225 1938 1294 et

386 1342 466 1413 in
526 1339 880 1412 termino
931 1339 1277 1431 quodam
1340 1338 1722 1411 consistit
1766 1340 1938 1412 sine

384 1455 812 1537 additione,
851 1460 932 1528 et
962 1454 1495 1527 diminutione
1531 1456 1629 1526 ab
1658 1457 1936 1528 eodem

388 1574 465 1645 in
507 1574 738 1653 idem,
804 1576 886 1646 et
929 1571 1102 1643 ideo
1144 1575 1268 1645 est
1311 1571 1791 1645 notissimus
1857 1573 1936 1645 in

386 1709 532 1760 sua
565 1687 1072 1781 quantitate:
1124 1685 1261 1776 qui
1304 1692 1573 1759 motus
1609 1687 1935 1778 inquan-

388 1812 558 1879 tum
596 1805 927 1878 includit
963 1823 1433 1875 mensuram
1468 1804 1620 1876 sibi
1650 1806 1935 1877 intrin-

386 1944 678 2003 secam,
727 1943 901 2014 quae
934 1927 1059 1994 est
1101 1926 1449 2014 tempuS,
1516 1922 1725 1994 alios
1773 1943 1935 1995 mo-

383 2044 540 2120 tus,
589 2060 791 2131 quos
835 2036 1171 2117 excedit,
1231 2042 1651 2110 mensurat
1686 2040 1934 2131 expli-

382 2156 728 2238 catione,
809 2158 889 2228 et
967 2154 1516 2246 applicatione
1584 2154 1931 2246 alicujus

382 2272 646 2364 partis
701 2292 890 2352 suae,
937 2271 1063 2343 vel
1114 2270 1650 2362 replicatione
1685 2272 1934 2365 suiip—

381 2393 551 2465 sius
596 2411 849 2484 supra
909 2412 992 2462 se
1055 2391 1329 2473 semel,
1409 2391 1532 2461 vel
1598 2391 1927 2483 pluries

382 2513 657 2583 Motus
690 2529 888 2581 vero
929 2508 1270 2600 aequalis
1314 2508 1466 2579 sibi
1512 2514 1930 2581 mensurat

379 2628 739 2720 seipsum
809 2625 1321 2717 simpliciter,
1387 2626 1555 2697 suis
1618 2626 1931 2700 scilicet

380 2742 961 2836 adaequatione,
1025 2746 1102 2814 et
1147 2742 1721 2835 applicatione,
1759 2745 1929 2816 abs-

380 2883 533 2954 que
644 2859 1220 2952 replicatione,
1329 2865 1469 2934 aut
1573 2860 1930 2952 explica-

379 2977 627 3051 tione.
686 2976 766 3048 Si
820 2974 1036 3046 enim
1092 2976 1366 3047 videre
1426 2975 1931 3048 voluerimus

380 3097 771 3186 quantum
818 3096 1115 3172 motor,
1162 3092 1289 3163 vel
1332 3093 1609 3165 viator
1668 3093 1930 3164 ambu-

379 3211 703 3292 laverit,
766 3210 1321 3300 cognoscendo
1385 3210 1929 3301 quantitatem

380 3330 652 3400 motus
685 3326 859 3417 ejus
900 3326 1476 3417 (quantitatem
1532 3326 1735 3407 dico,
1775 3347 1930 3417 qua

378 3449 907 3517 mensuratur
1022 3443 1460 3515 secundum
1573 3443 1928 3517 duratio·

375 3584 586 3645 nem,
649 3562 1082 3634 secundum
1131 3582 1372 3652 quam
1439 3567 1707 3635 motus
1749 3563 1926 3635 coeli

373 3679 714 3751 diurnus
753 3682 881 3752 est
933 3697 1313 3750 mensura
1354 3678 1708 3751 aliorum
1762 3702 1931 3752 mo-

378 3800 635 3878 tuum,
700 3795 947 3866 aliam
988 3794 1202 3865 enim
1249 3795 1652 3867 rationem
1720 3817 1928 3867 men-

379 3933 595 3984 surae
652 3910 892 3985 habet
954 3914 1223 3982 motus
1276 3913 1710 3984 secundum
1756 3932 1929 4004 spa·

376 4031 613 4112 tium,
656 4029 748 4101 de
791 4049 945 4120 qua
990 4026 1190 4099 nihil
1241 4030 1334 4099 ad
1406 4035 1793 4120 praesens)
1850 4035 1927 4102 et

379 4152 569 4220 tunc
613 4166 759 4217 nos
794 4144 1239 4236 aspicimus
1275 4145 1368 4216 ad
1408 4150 1716 4217 motum
1751 4147 1928 4217 coeli

376 4263 785 4343 diurnum,
830 4260 1310 4353 applicando
1355 4260 1586 4332 illum
1633 4283 1777 4354 per
1821 4264 1932 4336 in-

379 4379 793 4451 tellectum
840 4377 1123 4457 motui,
1183 4378 1723 4448 mensurando
1769 4399 1930 4448 mo·

378 4501 550 4570 tum
595 4516 742 4588 per
784 4494 1116 4567 tertiam
1163 4496 1507 4585 partem,
1581 4494 1706 4564 vel
1772 4515 1930 4565 me-

375 4614 761 4685 dietatem
841 4610 1021 4682 diei.
1108 4611 1791 4691 Quemadmodum
1864 4612 1927 4682 si

380 4730 557 4819 quis
589 4727 788 4800 velit
849 4746 1331 4799 mensurare
1376 4747 1754 4818 pannum,
1802 4748 1932 4819 ap·

381 4846 630 4937 plicat
703 4844 775 4916 ei
855 4844 1155 4923 ulnam,
1220 4847 1300 4916 et
1381 4843 1448 4914 si
1523 4844 1934 4917 invenitur

383 4981 766 5035 mensura
797 4961 1211 5040 excedens,
1239 4965 1660 5034 mensurat
1688 4961 1934 5053 expli-

383 5077 660 5159 cando,
730 5079 808 5149 et
880 5074 1357 5167 applicando
1426 5077 1499 5147 ei
1578 5077 1934 5167 aliquam

386 5197 703 5285 partem
758 5211 1186 5272 mensurae,
1237 5211 1412 5282 quae
1459 5191 1580 5264 illi
1622 5212 1938 5263 mensu-

386 5314 570 5382 rato
612 5311 1008 5399 aequatur,
1049 5312 1128 5380 et
1178 5308 1607 5378 secundum
1665 5309 1939 5379 ulnam

392 5423 614 5496 illam
719 5420 1252 5511 cognoscitur
1350 5426 1740 5511 quantum
1834 5425 1940 5496 sit

396 5545 979 5614 mensuratum.
1021 5538 1330 5612 Sivero
1384 5558 1755 5611 mensura
1814 5562 1941 5614 ex-

3478 364 3596 430 647

2056 522 2393 604 ceditur,
2455 529 2643 598 tunc
2706 530 3124 599 mensurat
3170 546 3312 616 per
3353 548 3461 608 se,
3525 532 3605 600 et

2062 645 2361 731 partes,
2392 647 2470 715 et
2504 644 2894 736 suiipsius
2930 642 3545 736 replicationem
3584 672 3595 714 :

2059 762 2145 829 ut
2169 758 2525 842 dicendo,
2557 761 2705 833 istc
2729 761 3088 834 tardavit
3121 761 3396 833 venire
3420 762 3603 834 duo·
3690 807 3698 815 ·

2054 873 2225 955 bus,
2271 877 2395 947 vel
2442 876 2703 949 tribus
2753 877 3051 957 diebus,
3115 882 3193 950 et
3263 877 3602 951 tertiata

2056 988 2293 1061 unius
2336 991 2514 1063 diei.
2564 992 2645 1064 Si
2704 1010 2898 1063 vero
2960 996 3335 1082 aequatur
3391 1013 3600 1064 men-

2054 1127 2251 1178 sura
2304 1113 3275 1189 mensuratosmensurat
3310 1108 3432 1179 sui
3476 1110 3599 1181 ad·

2048 1225 2532 1315 aequatione,
2608 1231 2687 1298 et
2728 1225 3030 1297 dicitur
3079 1229 3349 1298 motus
3391 1226 3600 1298 diur-

2049 1360 2225 1412 nus.

2141 1460 2286 1529 Est
2338 1462 2610 1530 autem
2659 1459 2907 1530 tertia
2970 1480 3376 1539 mensura,
3425 1480 3598 1551 quae
3750 1504 3824 1554 ¹3,

2055 1578 2618 1645 mensuratum
2702 1596 3023 1667 semper
3098 1577 3435 1657 excedit,
3521 1583 3600 1651 et
3630 1566 3923 1693 ᾳζξξῑζξξξξ,

2052 1689 2225 1761 ideo
2301 1695 2722 1764 mensurat
2783 1692 2959 1763 sola
3027 1693 3916 1806 explicatione.Pe⁷·53}’f³⁶·

2054 1810 2221 1881 Isto
2269 1809 2501 1880 modo
2563 1810 2775 1880 Deus
2817 1815 2941 1883 est
2994 1831 3375 1882 mensura
3438 1832 3598 1883 om-

2048 1924 2272 1995 nium
2335 1925 2687 2006 entium;
2755 1926 2942 2016 quia
3019 1931 3142 2000 est
3215 1927 3592 2019 primum,

2047 2046 2126 2114 et
2189 2040 2912 2134 simplicissimum,
2972 2048 3052 2116 et
3124 2044 3600 2134 inquantum

2046 2163 2169 2231 est
2201 2180 2297 2231 ex
2333 2181 2417 2230 se
2450 2159 2971 2233 notissimum
3008 2161 3088 2232 in
3122 2161 3598 2235 actualitate

2049 2298 2220 2348 sua.
2269 2281 2468 2351 Cum
2514 2275 2770 2367 igitur
2821 2277 3236 2368 quantitas
3279 2282 3596 2352 naturae

2049 2415 2213 2465 suae
2248 2392 2776 2486 perfectionis
2816 2394 2919 2467 sit
2956 2394 3294 2477 infinita,
3333 2399 3413 2468 et
3447 2395 3594 2469 illi-

2050 2510 2366 2591 mitata,
2406 2511 2820 2602 quantitas
2858 2517 3134 2585 autem
3170 2511 3595 2604 perfectio-

2045 2626 2171 2696 nis
2233 2629 2549 2700 naturae
2620 2630 2923 2698 creatae
2991 2625 3424 2717 cujuslibet
3487 2627 3594 2700 sit

2050 2742 2430 2823 limitata,
2493 2748 2572 2816 et
2641 2742 2894 2823 finita,
2980 2744 3149 2815 ideo
3205 2748 3329 2816 est
3384 2764 3594 2815 men·

2047 2879 2242 2929 sura
2285 2860 2672 2930 excedens
2717 2861 3256 2951 quantitatem
3296 2861 3594 2953 perse-c-

2044 2975 2294 3049 tionis
2366 2975 2727 3048 omnium
2796 2976 3148 3049 aliorum
3221 2977 3590 3050 entium:

2044 3112 2245 3183 ergo
2299 3093 2364 3164 si
2402 3114 2546 3184 per
2594 3095 2851 3165 Deum
2903 3095 3134 3184 quasi
3182 3114 3324 3186 per
3385 3115 3595 3166 men-

2043 3230 2323 3281 suram
2372 3209 2652 3282 debeat
2711 3210 3091 3300 cognosci
3154 3212 3594 3301 quantitaS,

2042 3330 2121 3398 et
2156 3324 2453 3414 gradus
2475 3324 3037 3398 determinatae
3064 3325 3595 3417 perfectionis

2044 3441 2394 3533 alicujus
2436 3440 2673 3522 entiS,
2713 3440 2864 3514 hoc
2907 3462 3068 3513 non
3113 3446 3382 3534 potest
3414 3463 3593 3514 esse

2045 3558 2313 3651 seipso
2351 3557 2861 3649 simpliciter,
2900 3558 3030 3630 sed
3086 3559 3590 3631 solummodo

2044 3674 2589 3766 explicatione
2649 3674 2998 3765 alicujus
3071 3675 3584 3766 quantitatis,

2039 3793 2514 3868 virtualiter
2571 3796 2974 3865 contentae
3028 3792 3106 3864 in
3149 3795 3340 3872 Deo,
3377 3798 3466 3866 ut
3512 3793 3586 3863 in

2046 3930 2429 3983 mensura
2469 3910 2921 3991 excedente,
2987 3911 3197 3983 sicut
3262 3932 3417 3982 una
3459 3911 3590 3981 ho-

2046 4049 2140 4101 ra
2180 4029 2653 4102 continetur
2697 4030 2774 4100 in
2825 4029 2947 4101 die
3004 4033 3202 4101 toto.
3276 4030 3372 4099 Et
3450 4028 3583 4100 illa
3650 4069 3894 4130 S;.„9„2,·,‚

2045 4142 2460 4234 quantitas
2580 4143 3104 4234 perfectionis
3209 4149 3590 4216 contenta
3621 4133 3938 4256 G‘g'fgssggfif-

2042 4258 2519 4331 virtualiter
2554 4259 2630 4329 in
2670 4261 2862 4339 Deo,
2903 4258 3232 4350 proprie
3270 4278 3592 4349 respon·
3622 4260 3913 4380 252321‘2333

2043 4375 2170 4446 det
2282 4374 2723 4464 quantitati
2840 4373 3363 4466 perfectionis
3476 4374 3589 4446 rei
3644 4379 3892 4493 fssss'ff‘ss'gff

2047 4492 2632 4572 mensurandae,
2717 4500 2796 4566 et
2867 4495 2982 4565 sic
3048 4497 3420 4584 aequatur
3473 4492 3588 4564 illi

2046 4609 2398 4678 secundu
2418 4630 2489 4680 m
2513 4611 2941 4699 quamdam
2963 4610 3590 4702 corresponden-

2046 4724 2273 4804 tiam,
2312 4724 2464 4796 etsi
2510 4744 2667 4795 non
2713 4723 3205 4818 simpliciter
3247 4753 3259 4795 :
3328 4747 3594 4817 quem-

2047 4840 2470 4912 admodum
2534 4845 2803 4914 motus
2863 4842 3200 4914 diurnus
3251 4843 3598 4936 explica·

2047 4955 2268 5027 tione
2310 4956 2659 5047 alicujus
2703 4977 2867 5029 suae
2912 4958 3173 5049 partis
3225 4963 3601 5050 aequatur

2050 5071 2295 5143 alicui
2367 5072 2625 5145 motui
2693 5073 2986 5164 aequali
3042 5073 3156 5145 illi
3209 5074 3426 5167 parti
3487 5095 3602 5146 se-

2051 5189 2399 5260 cundum
2436 5189 2756 5261 modum
2792 5190 2965 5281 jam
2998 5190 3329 5262 dictum.

2141 5305 2569 5388 Quantitas
2613 5311 2885 5380 autem
2910 5307 3049 5380 illa
3079 5306 3601 5400 perfectionis

2052 5424 2461 5505 virtualis,
2497 5429 2576 5498 et
2612 5425 3195 5516 quodammodo
3227 5425 3603 5517 partialis

2062 5543 2145 5615 in
2224 5546 2415 5626 De0,
2485 5562 2660 5634 quae
2739 5541 3073 5634 aequalis
3134 5541 3360 5616 debet
3426 5563 3604 5616 esse
