4252 6393
173 3521 227 3573 3¹.

1659 417 2025 492 QUAEs'rlo
2068 417 2206 481 xm
3441 421 3557 483 513

352 579 795 656 universale
838 600 1019 653 cum
1062 601 1182 660 co,
1241 580 1447 671 quod
1490 580 1878 670 imagina-

356 698 509 772 tiva
573 696 937 788 cognitio
1017 717 1162 790 per
1238 717 1347 780 se,
1426 701 1505 772 et
1572 697 1877 774 directe

352 814 887 909 apprehendit,
954 815 1161 907 quod
1211 819 1336 889 est
1383 815 1647 908 ipsum
1720 815 1877 889 sin-

349 930 638 1022 gulare.
684 929 1092 1004 Differunt
1126 935 1399 1005 autem
1442 932 1879 1005 secundum

351 1047 656 1121 modum
689 1047 1397 1131 considerationiS,
1446 1048 1631 1141 quia
1659 1048 1873 1130 illud,

350 1163 538 1254 quod
569 1161 994 1254 cognoscit
1066 1161 1546 1254 imaginatio
1577 1163 1882 1238 directe

350 1281 430 1352 ut
492 1278 933 1370 singulare,
978 1282 1059 1353 et
1110 1279 1255 1351 sub
1318 1278 1881 1353 determinatis

350 1394 950 1475 conditionibus,
987 1394 1181 1467 illud
1222 1396 1428 1468 idem
1460 1395 1885 1488 cognoscit

354 1510 801 1586 intellectus
870 1514 958 1584 ut
1017 1510 1504 1593 universale,
1569 1514 1648 1585 et
1706 1510 1885 1582 abs-

351 1630 703 1702 tractum
735 1627 835 1700 ab
876 1627 1039 1701 illis
1082 1626 1673 1703 conditionibus
1718 1648 1885 1699 ma-

346 1743 788 1825 terialibus,
862 1744 1534 1836 quemadmodum
1585 1742 1886 1834 magni·

347 1859 521 1934 tudo
616 1859 1023 1935 naturalis
1100 1865 1180 1936 et
1251 1861 1717 1953 magnitudo
1799 1880 1887 1932 re

348 1981 523 2049 sunt
565 1978 798 2060 idem,
837 1978 967 2049 sed
1002 1977 1517 2053 considerata
1561 1976 1886 2070 inquan-

348 2097 508 2168 tum
541 2093 1157 2177 Mathematica,
1202 2094 1716 2170 abstrahitur
1765 2116 1887 2167 sc-

348 2211 681 2284 cundum
723 2211 1459 2285 considerationem
1520 2231 1567 2284 a
1624 2211 1890 2285 condi-

350 2325 698 2399 tionibus
731 2325 1269 2402 naturalibus.
1308 2329 1423 2399 Ex
1445 2347 1600 2420 quo
1637 2331 1884 2420 patet,

350 2444 544 2534 quod
618 2443 933 2537 objecta
1006 2443 1273 2538 prima
1337 2442 1886 2535 imaginativoe

351 2564 527 2635 sunt
595 2560 806 2633 idem
865 2583 952 2634 re
1010 2565 1091 2635 et
1147 2561 1465 2635 ratione
1522 2560 1887 2634 differen-

352 2677 480 2759 tia,
515 2677 924 2771 obJectum
993 2680 1266 2750 autem
1320 2678 1887 2751 secundarium

349 2791 833 2875 intellectus,
879 2798 959 2867 et
994 2791 1445 2886 principale
1500 2793 1888 2885 imagina-

350 2909 525 2983 tivae
566 2914 760 2984 sunt
812 2909 1016 2982 idem
1054 2931 1137 2982 rc
1170 2913 1249 2983 et
1296 2910 1612 2984 ratione
1648 2938 1661 2981 :
1702 2933 1890 2985 nam

351 3028 868 3109 secundario,
958 3032 1037 3101 et
1128 3049 1272 3120 per
1368 3029 1891 3102 reflexionem

351 3145 769 3238 cognoscit
822 3145 1239 3237 singulare
1288 3149 1375 3220 ut
1444 3146 1886 3239 singulare,

352 3262 554 3339 sicut
650 3267 732 3339 et
830 3262 1005 3357 ipsa
1095 3263 1658 3353 imaginativa,
1752 3285 1889 3336 seu

352 3378 802 3472 phantasia.

435 3498 552 3569 Ex
626 3496 754 3568 his
808 3498 1054 3589 patet,
1123 3496 1327 3587 quod
1388 3516 1549 3568 non
1620 3516 1896 3589 possu-

358 3633 525 3686 mus
564 3613 1060 3694 disccrnere‚
1114 3611 1273 3684 nisi
1326 3612 1504 3686 sola
1547 3611 1891 3692 ratione,

355 3728 667 3820 quando
701 3727 1254 3820 imaginamur
1289 3728 1734 3819 singulare,
1770 3726 1897 3799 vel

355 3846 668 3936 quando
730 3843 1267 3936 intelligimus
1332 3869 1344 3910 :
1405 3843 1638 3937 cujus
1682 3842 1898 3918 ratio

354 3966 493 4045 est,
579 3961 776 4055 quia
816 3980 978 4034 non
1016 3960 1398 4034 differunt
1462 3959 1899 4051 imaginari

355 4082 430 4154 et
497 4077 966 4171 intelligere
1049 4076 1495 4167 singulare,
1577 4076 1735 4148 nisi
1802 4097 1901 4148 ex

357 4201 582 4288 parte
632 4196 896 4280 medii,
963 4196 1151 4289 quia
1197 4195 1680 4286 imaginatio
1721 4214 1902 4286 cog-

356 4316 618 4389 noscit
658 4313 924 4407 ipsum
969 4333 1114 4406 per
1156 4312 1507 4405 speciem
1551 4311 1904 4402 singula-

362 4450 525 4503 rem
580 4451 748 4504 non
791 4430 1325 4509 abstractam,
1375 4428 1507 4500 sed
1542 4428 1904 4501 intellec-

362 4549 481 4619 tus
528 4569 677 4642 per
721 4549 983 4640 ipsum
1043 4545 1501 4617 universale
1562 4564 1721 4617 non
1756 4545 1904 4618 sibi

365 4664 877 4759 impressum,
938 4660 1067 4732 sed
1111 4679 1591 4752 expressum
1631 4685 1643 4727 :
1680 4665 1759 4733 et
1792 4682 1908 4732 es-

365 4785 481 4855 set
521 4779 759 4873 quasi
805 4776 1132 4851 omnino
1203 4775 1493 4858 simile,
1551 4776 1617 4847 si
1684 4776 1908 4847 visus

369 4897 717 4990 speciem
812 4894 1433 4970 intentionalem
1533 4892 1685 4965 sibi
1770 4893 1911 4966 im-

1995 600 2156 653 non
2178 580 2423 653 aliter
2454 581 2876 670 cognoscit
2908 581 3350 671 singula-re,
3381 580 3540 653 nisi

1996 699 2082 770 ut
2117 700 2241 771 est
2297 697 2538 776 intra,
2592 697 2664 769 id
2708 703 2856 779 est,
2916 697 2992 769 in
3030 697 3543 786 imaginatio-

1994 833 2117 893 ne,
2154 818 2234 886 et
2266 813 2416 886 hoc
2469 818 2594 888 est
2638 814 3136 905 particulare
3157 820 3546 906 tanquam

2002 951 2149 1022 per
2183 930 2559 1003 medium.

2088 1049 2232 1120 Est
2290 1052 2564 1122 autem
2616 1048 2826 1120 alius
2873 1049 3151 1121 modus
3212 1067 3549 1138 cognos-

1999 1164 2225 1238 cendi
2303 1163 2746 1255 singulare,
2836 1165 3174 1247 scilicet,
3250 1169 3339 1239 ut
3421 1171 3547 1242 est

2001 1285 2186 1356 actu
2227 1280 2588 1355 existens
2630 1285 2893 1362 extra,
2943 1282 3154 1356 sicut
3205 1302 3548 1374 cognos—

2001 1399 2262 1474 cimus
2333 1419 2477 1492 per
2555 1418 2839 1470 sensus
2916 1398 3292 1492 corporis
3347 1422 3361 1465 ε
3412 1396 3545 1489 qui

2005 1517 2284 1589 modus
2351 1514 2886 1606 cognoscendi
2964 1519 3089 1587 est
3158 1513 3543 1607 proprius

2000 1631 2499 1709 naturaliter
2600 1630 3048 1705 intellectui
3133 1634 3540 1723 separato,

2000 1749 2126 1822 vel
2221 1748 2434 1823 forte
2531 1747 2969 1841 conjuncto
3089 1766 3238 1840 pro
3325 1750 3544 1822 statu
3629 1837 3636 1844 .

2005 1865 2317 1958 gloriae,
2370 1883 2531 1938 non
2562 1884 2713 1957 pro
2765 1866 2984 1939 statu
3017 1863 3194 1936 viae.
3244 1864 3393 1937 Hic
3424 1868 3550 1938 est

2007 1981 2312 2064 modus,
2351 2003 2586 2074 quem
2622 1984 2931 2074 ponunt
2967 1981 3239 2073 magni
3271 1981 3456 2054 viri.

2577 2190 2984 2249 SCHOLIUM.

2067 2370 2304 2437 Relata,
2336 2373 2397 2426 et
2424 2367 2660 2426 clarius
2690 2369 2997 2440 explicata
3027 2368 3317 2440 opinione
3348 2370 3554 2427 Sancti

2002 2469 2250 2525 Thomae
2279 2480 2464 2540 quam
2495 2466 2799 2537 AEgidius,
2834 2466 3162 2535 Aureolus,
3194 2466 3554 2539 Capreolus,

2004 2562 2206 2620 etalii
2247 2565 2616 2633 sequuntur,
2657 2576 2832 2619 suam
2883 2561 3096 2619 statuit
3141 2561 3375 2630 Scotus,
3415 2576 3555 2634 quae

2004 2659 3558 2731 etiamestRichardi,Duraudi,Gregorii,aliorum·

2005 2775 2129 2833 que
2152 2765 2439 2817 veterum
2483 2759 2959 2830 Theologorum‚
2985 2774 3222 2816 necnon
3247 2760 3556 2816 recentio-

2007 2873 2149 2916 rum
2182 2861 2486 2927 Fonsccae,
2539 2859 2788 2925 Suarez‚
2833 2858 3465 2925 conimbricensium,
3498 2865 3557 2918 et

2008 2973 2147 3030 quae
2168 2960 2559 3015 communior
2578 2961 2745 3015 estin
2779 2956 3029 3027 sclioliS,
3053 2958 3354 3014 nimirum
3381 2958 3564 3014 intel·

2011 3055 2242 3112 lectum
2266 3055 2689 3125 conjunctum,
2723 3057 2782 3110 et
2813 3068 2926 3124 pro
2956 3057 3114 3110 statu
3149 3055 3265 3110 isto
3309 3067 3429 3110 non
3473 3067 3567 3108 so-

2011 3154 2143 3211 lum
2166 3168 2281 3226 per
2301 3153 2725 3219 reflexionem,
2757 3155 2818 3209 et
2848 3166 2962 3225 per
2989 3152 3465 3209 conversionem
3488 3150 3565 3208 ad

2012 3256 2461 3327 phantasmata,
2483 3252 2590 3309 sed
2603 3252 3300 3322 directe,etimmediate
3321 3267 3566 3322 cognos-

2011 3368 2153 3411 cere
2203 3353 2553 3423 singularia
2605 3351 2934 3409 actualiter
2978 3352 3333 3409 existentia.
3385 3353 3566 3408 Dein-

2021 3453 2119 3523 de,
2156 3453 2375 3510 solutis
2423 3451 2813 3521 argumentis
2843 3464 2956 3522 pro
2984 3450 3289 3507 sententia
3318 3454 3564 3506 contra-

2014 3553 2135 3620 ria,
2174 3549 2586 3607 subtilissime
2642 3552 2700 3605 et
2732 3549 3084 3606 clarissime
3114 3547 3386 3619 explicat
3431 3561 3564 3604 mo-

2017 3649 2190 3715 dum,
2228 3665 2348 3723 quo
2371 3647 2804 3705 intellectusin
2828 3662 3012 3703 sensu
3036 3645 3426 3719 particulari,
3449 3660 3561 3703 seu

2018 3749 2083 3804 in
2113 3760 2368 3817 organ0‚
2399 3750 2457 3803 et
2487 3760 2600 3818 per
2619 3757 2924 3815 organum
2956 3744 3376 3802 actualitatem
3398 3744 3565 3800 exis-

2017 3846 2226 3902 tentiae
2258 3844 2348 3901 rei
2382 3842 2700 3901 sensibilis
2730 3842 3000 3912 attingit.
3035 3844 3107 3899 Et
3153 3840 3299 3899 licet
3347 3842 3564 3899 multis

2020 3944 2083 4000 in
2116 3943 2272 4001 locis
2304 3943 2584 4000 insinuet
2614 3941 3000 3999 intellectum
3040 3955 3410 4010 cognoscere
3440 3941 3567 3998 sin·

2022 4042 2269 4112 gularia
2301 4040 2557 4108 directe,
2612 4044 2817 4113 utpote
2856 4041 2921 4097 in
2953 4043 3008 4096 2.
3050 4037 3190 4097 dist.
3242 4041 3297 4096 3.
3348 4045 3565 4111 quaest.

2026 4140 2109 4196 11.
2144 4143 2204 4194 et
2235 4138 2378 4195 dist.
2400 4139 2455 4194 9.
2482 4141 2698 4209 quoest.
2731 4140 2784 4192 2.
2819 4139 2964 4193 etin
2987 4139 3040 4194 3.
3074 4136 3216 4195 dist.
3253 4139 3318 4195 14
3352 4141 3568 4210 quaest.

2021 4241 2074 4295 3.
2129 4238 2205 4295 ad
2239 4239 2554 4306 ultimum,
2585 4242 2643 4295 et
2692 4236 2901 4309 quedl.
2959 4239 3044 4296 13.
3105 4242 3220 4295 art.
3270 4243 3324 4295 2.
3361 4241 3485 4295 imo
3515 4243 3573 4295 ct

2024 4350 2381 4408 expressam
2432 4332 2507 4390 dc
2565 4334 2679 4390 hac
2748 4346 2819 4388 re
2868 4332 3214 4391 instituerit
3277 4333 3572 4405 quaestio-

2026 4449 2171 4492 nem
2197 4437 2260 4491 in
2294 4432 2768 4491 commentariis
2789 4429 2866 4487 ad
2890 4429 3083 4488 libros
3102 4430 3178 4488 de
3203 4433 3450 4501 Anima,
3475 4433 3577 4488 vi-

2028 4533 2329 4601 gesimam
2385 4528 2720 4586 secundam
2772 4528 2837 4583 in
2909 4527 3176 4601 ordine;
3220 4529 3447 4588 nullibi
3481 4535 3578 4588 ta-

2029 4645 2171 4686 men
2220 4629 2374 4686 adeo
2405 4644 2478 4684 ex
2512 4627 2809 4699 professo,
2874 4632 2981 4689 aut
3017 4628 3187 4686 clare
3218 4628 3294 4684 de
3343 4629 3455 4685 hac
3505 4643 3577 4687 re

2026 4727 2179 4798 egit,
2215 4727 2397 4783 sicuti
2434 4728 2545 4784 hoc
2587 4729 2652 4784 in
2687 4729 2840 4797 loc0‚
2880 4729 2982 4786 ubi
3009 4726 3170 4785 nihil
3195 4726 3396 4783 forme
3426 4728 3580 4784 reli-

2027 4827 2164 4897 quit
2195 4824 2650 4884 indiscussum.

368 5035 739 5107 pressam
798 5012 1092 5105 primo,
1139 5015 1219 5085 et
1264 5033 1407 5104 per
1479 5033 1563 5083 se
1602 5010 1915 5085 videret

367 5130 833 5205 coloratum
883 5132 1146 5211 extra,
1212 5128 1328 5202 sic
1397 5131 1520 5202 est
1565 5127 1644 5200 in
1690 5128 1914 5202 intel-

370 5246 579 5319 lectu
661 5266 846 5318 cum
927 5243 1270 5317 reflectit
1341 5265 1424 5315 se
1520 5242 1916 5319 mediante

375 5362 639 5454 specie
700 5358 1150 5434 universali
1219 5379 1471 5452 supra
1542 5358 1919 5453 phantas-

2124 5009 2444 5085 Omisso
2517 5009 2749 5082 modo
2817 5010 3345 5101 cognoscendi
3439 5031 3581 5105 per
3727 5072 3811 5123 32.

2038 5126 2413 5218 speciem,
2481 5125 2667 5217 quia
2706 5128 2796 5198 de
2857 5125 3007 5199 hoc
3051 5127 3373 5201 intendo
3425 5129 3581 5202 dis-
3665 5135 3882 5249 ljffetllff

2039 5248 2355 5337 putare,
2436 5245 2756 5317 modum
2826 5244 3074 5317 istum
3151 5246 3346 5319 bene
3421 5214 3932 5336 mumma-ciam

2040 5361 2277 5454 capio
2336 5382 2513 5432 esse
2557 5380 2868 5439 verum,
2931 5381 3075 5432 nee
3144 5331 3933 5439 concordatoe'ue'm‘m

377 5498 527 5551 ma.
594 5481 823 5551 Nunc
902 5495 1102 5567 ergo
1166 5476 1599 5549 secundum
1680 5477 1922 5552 istam
2044 5473 2421 5545 articulis
2488 5494 2736 5565 supra
2800 5472 3584 5564 positis.Ostensum

379 5594 862 5686 positionem
926 5590 1389 5665 intellectus
1431 5592 1512 5663 in
1564 5590 1712 5665 hac
1751 5591 1925 5667 vita
2045 5592 2168 5661 est
2231 5589 2443 5660 onim
2490 5590 2692 5680 quod
2736 5588 3192 5663 intellectus
3231 5613 3590 5684 praesens

534 5728 661 5780 'rom
710 5730 802 5781 lv.
3375 5728 3437 5778 :33
