4252 6393
1652 396 2019 487 Qua-is'rlo
2069 405 2196 474 vlu

313 571 467 645 loco
510 577 789 655 terrae,
837 593 1021 645 cum
1063 572 1312 646 fuerit
1346 572 1629 653 multa,
1666 571 1834 644 exit

315 712 472 763 cum
553 690 865 783 impetu
946 709 1268 780 magno,
1346 693 1426 761 et
1511 685 1828 768 accidit,

317 807 481 900 quia
517 807 794 881 obviat
826 806 1331 881 exhalationi
1374 803 1730 877 venienti
1758 803 1835 875 in

315 925 834 1008 contrarium,
883 947 1057 1019 qua}
1099 926 1348 999 ctiam
1395 928 1521 997 est
1564 922 1831 1005 sortiS‚

316 1049 383 1116 et
420 1042 902 1135 impetuosa,
937 1047 1017 1116 et
1057 1064 1156 1115 ex
1220 1043 1368 1116 tali
1428 1061 1835 1113 concursu

315 1166 728 1233 ventorum
769 1158 1411 1241 contrariorum,
1471 1158 1604 1249 qui
1650 1161 1837 1229 sunt

320 1296 613 1367 magnae
681 1276 1041 1357 virtutis,
1110 1277 1482 1348 elevatur
1542 1293 1840 1364 magna

318 1391 574 1484 portio
637 1392 919 1471 maris,
1003 1396 1082 1465 et
1156 1391 1527 1463 defertur
1588 1409 1839 1480 usque

317 1509 397 1580 ad
457 1509 622 1581 alia
672 1508 877 1590 loca,
924 1508 1057 1580 ubi
1098 1510 1186 1582 fit
1218 1506 1538 1580 ditl'usio
1583 1503 1839 1598 ipsius

321 1647 545 1718 super
612 1630 953 1707 terram,
990 1631 1070 1698 et
1140 1626 1613 1716 quandoque
1667 1623 1841 1694 sub·

321 1742 632 1823 mersio,
668 1745 749 1814 et
791 1741 953 1813 alia
987 1742 1228 1813 mala.

159 1868 192 1949 ξ.
393 1859 733 1940 Quintus
774 1857 1134 1939 effectus,
1197 1861 1323 1931 est
1369 1854 1840 1930 obscuratio

108 1939 276 1993 amm.
320 1975 512 2047 Solis
580 1974 757 2046 sine
824 1975 1054 2046 nube.
1130 1978 1393 2050 Causa
1452 1977 1600 2054 est,
1657 1971 1844 2064 quia

320 2088 715 2162 exhalatio
770 2089 927 2163 ista
984 2088 1261 2161 exiens
1311 2089 1402 2160 de
1458 2089 1634 2160 loco
1679 2093 1843 2161 ter-

322 2210 721 2286 raemotus,
797 2205 1160 2278 ascendit
1230 2204 1606 2296 superius
1657 2224 1842 2275 cum

322 2323 780 2414 quibusdam
858 2321 1101 2394 fumis
1200 2321 1488 2414 spissis
1568 2341 1841 2393 secum

318 2439 667 2520 elevatis,
728 2439 861 2531 qui
925 2440 1562 2531 interponuntur
1633 2439 1846 2511 inter

318 2557 569 2628 visum
607 2561 1011 2638 nostrum,
1075 2561 1418 2650 propter
1450 2576 1691 2647 quam
1728 2555 1846 2627 in-

322 2672 928 2767 terpositionem
998 2673 1135 2745 Sol
1179 2673 1693 2753 obscuratur,
1766 2675 1847 2745 et

324 2791 783 2882 quandoque
817 2789 1074 2863 stellae
1113 2790 1205 2861 de
1255 2793 1516 2862 nocte.

400 2912 691 2981 Sextus
762 2907 1125 2989 effectu&
1217 2911 1343 2979 est
1422 2905 1846 2995 generatio

322 3046 711 3097 novorum
749 3023 1176 3097 montium.
1225 3025 1326 3096 Et
1368 3042 1616 3095 causa
1693 3025 1843 3103 est,

325 3140 493 3232 quia
545 3139 1104 3214 exhalationes
1151 3138 1487 3211 elevatae
1574 3155 1845 3208 secum

321 3258 681 3331 deferunt
716 3257 1017 3330 multos
1080 3255 1481 3348 pulveres,
1528 3259 1608 3327 ct
1668 3273 1848 3346 par-

324 3378 431 3447 tes
480 3380 755 3455 terrae,
810 3378 888 3446 et
921 3373 1172 3446 ctiam
1205 3370 1534 3464 lapides,
1582 3373 1663 3442 et
1713 3368 1848 3439 hu-

315 3491 677 3581 jusmodi,
727 3510 901 3582 quae
945 3493 1133 3562 sunt
1196 3489 1272 3561 in
1308 3487 1843 3565 concavitate,

323 3629 482 3698 quae
530 3611 710 3701 post
766 3607 1075 3679 exitum
1150 3605 1543 3680 uniuntur
1594 3603 1688 3673 ad
1740 3601 1848 3672 in-

322 3725 592 3806 vicem,
641 3730 721 3798 et
753 3726 1048 3797 cadunt
1112 3724 1189 3795 in
1232 3743 1478 3794 unum
1551 3721 1844 3802 locum,

327 3842 729 3916 efficiendo
774 3845 1159 3914 montem.

407 3959 811 4052 Septilnus
896 3957 1257 4037 effectus,
1343 3960 1466 4028 cst
1560 3954 1848 4026 divisio

328 4082 753 4156 terrarum,
802 4074 1373 4165 etaliquorum
1422 4070 1844 4152 montium,

331 4193 454 4284 qui
520 4192 746 4286 prius
815 4193 1053 4295 erant
1121 4186 1567 4279 conjuncti.
1626 4185 1850 4259 Sicut

327 4305 585 4377 dicunt
619 4306 1041 4382 Amatores,
1072 4301 1279 4394 quod
1314 4301 1587 4374 Sicilia
1626 4300 1851 4392 prius

328 4426 493 4496 erat
528 4422 1001 4495 continuata
1063 4418 1347 4499 Italiae,
1386 4419 1516 4489 sed
1571 4422 1852 4509 postca

332 4558 463 4629 per
503 4541 1063 4612 terraemotum
1105 4539 1186 4608 et
1229 4554 1479 4614 mare,
1527 4553 1849 4625 separa-

330 4659 422 4726 tae
455 4659 637 4728 sunt
664 4653 1153 4725 abinvicem.
1184 4655 1449 4723 Causa
1479 4654 1628 4729 est,
1663 4649 1851 4740 quia

332 4789 464 4860 per
503 4774 1062 4842 terraemotum
1102 4752 1329 4840 'inter
1373 4769 1689 4838 montes
1733 4786 1849 4836 re-

333 4892 589 4962 manet
638 4887 994 4980 quaedam
1036 4885 1539 4964 concavitas
1606 4901 1847 4975 quam

332 5010 653 5097 propter
769 5003 1317 5077 declivitatem
1442 5001 1849 5073 subintrat

332 5138 552 5211 aqua.

414 5240 751 5311 Octavus
847 5236 1208 5314 effectus,
1289 5238 1415 5306 cst
1493 5230 1845 5324 aperitio

333 5374 709 5427 novarum
758 5356 1249 5435 Insularum,
1290 5357 1371 5425 et
1414 5350 1565 5422 hoc
1610 5371 1843 5442 prop-

336 5474 451 5542 ter
486 5474 833 5544 eamdem
867 5490 1223 5543 causam.

408 5590 695 5672 NonuS,
744 5588 1117 5681 sequitur
1161 5584 1677 5665 incineratis),
1715 5582 1842 5654 vel

119 2940 265 2990 Sacas.

107 3961 302 4027 Sepn'mus.

120 5256 295 5313 Oneum.

132 5598 275 5659 Nonus.

3371 409 3481 478 157

1947 572 2407 646 combustio
2441 573 2837 654 locorum,
2865 567 2991 644 vel
3025 569 3484 646 civitatum.

1950 691 2218 762 Causa
2259 694 2407 770 est,
2467 690 2656 781 quia
2719 689 3190 781 quandoque
3250 687 3489 760 exha-

1950 805 2147 878 latio
2212 812 2554 899 propter
2603 807 3128 879 velocitatem
3191 809 3486 886 motus„

1950 925 2030 995 et
2066 921 2481 1015 impetum,
2531 947 2687 1016 quo
2729 925 2899 998 exit
2947 920 3038 991 de
3081 921 3335 1000 terra,
3382 921 3492 995 in·

1948 1039 2320 1113 cenditur
2367 1046 2447 1114 et
2483 1041 3039 1119 inflammatur
3104 1054 3186 1123 et
3244 1048 3493 1123 descr-

1951 1159 2094 1228 tur
2139 1178 2390 1248 usque
2432 1159 2528 1229 ad
2569 1159 2886 1252 aliquas
2920 1163 3326 1248 civitatcS‚
3364 1166 3490 1237 vel

1952 1270 2156 1354 loca,
2214 1295 2389 1365 quae
2450 1277 3050 1352 comburuntur
3099 1282 3198 1354 ab
3257 1281 3494 1354 exha-

1954 1387 2258 1460 latione
2294 1389 2646 1464 incensa.

2025 1504 3491 1602 DecimuS‚consequiturmortalitaS‚
3545 1513 3818 1563 Decimus.

1959 1621 2425 1712 pestilentia
2505 1631 2585 1698 et
2672 1628 3106 1702 multitudo
3180 1632 3496 1703 morbo·

1956 1758 2163 1820 rum,
2230 1743 2703 1835 quandoque
2770 1745 3217 1830 hominum,
3257 1770 3497 1841 quan-

1951 1855 2209 1946 doque
2261 1857 2613 1930 aliorum
2674 1861 3177 1935 animalium.
3239 1869 3500 1938 Causa

1952 1975 2101 2052 est,
2179 1973 2366 2064 quia
2429 1975 2843 2052 exhalatio
2916 1978 3058 2051 illa
3137 1980 3500 2056 inficitur

1957 2088 2772 2181 malis-*qualitatibus
2812 2097 3292 2169 exeuntibus
3354 2099 3502 2170 sub

1955 2207 2210 2287 terra,
2287 2227 2334 2278 a
2406 2209 2692 2299 quibus
2779 2212 3316 2287 alterabatur.
3402 2218 3501 2289 Et

1956 2321 2146 2412 quia
2195 2322 2609 2397 exhalatio
2658 2327 2849 2399 talis
2917 2330 3504 2403 commiscetur

1955 2436 2155 2518 aeri,
2184 2458 2419 2528 quem
2450 2439 2856 2532 inspirant
2888 2444 3299 2527 animalia,
3334 2445 3502 2518 ideo

1958 2552 2318 2626 faciliter
2387 2554 2862 2631 inficiuntur
2902 2558 2999 2630 ab
3043 2560 3503 2652 hujusmodi

1957 2669 2502 2743 exhalatione.
2538 2673 2682 2744 Vel
2741 2679 3008 2766 potest
3064 2677 3246 2759 dici,
3296 2678 3505 2770 quod

1962 2784 2421 2877 hujusmodi
2467 2789 2936 2879 pestilentia
2982 2793 3355 2883 provenit
3405 2814 3504 2865 ex

1958 2900 2504 2974 desiccatione
2564 2903 2782 2975 aeris
2825 2904 2923 2976 ab
2982 2905 3504 2981 exhalatione

1960 3017 2278 3090 elevata
2318 3019 2410 3089 de
2465 3022 2973 3102 terraemotu‚
3021 3023 3119 3094 ad
3179 3023 3504 3097 modum

1963 3155 2119 3225 quo
2161 3134 2580 3209 dicebatur
2610 3136 2701 3208 de
2764 3138 3276 3213 mortalitate
3321 3161 3504 3213 con-

1962 3255 2347 3341 sequente
2415 3252 2741 3324 stellam
2796 3259 3256 3338 comatam.
3335 3259 3506 3330 Ista

1960 3386 2162 3456 ergo
2206 3373 2395 3441 sunt
2428 3368 2685 3459 signa,
2724 3374 2805 3443 et
2845 3371 3179 3445 effectus
3232 3395 3505 3447 conse-

1964 3487 2298 3573 quentes
2330 3487 2923 3557 terraemotu1n.

2051 3600 2268 3670 Tunc
2310 3600 2400 3670 de
2449 3600 2823 3671 remediis
2866 3607 3159 3676 contra
3228 3607 3506 3677 terrae-

1966 3719 2277 3788 motum
2336 3715 2530 3788 dicit
2573 3716 2909 3799 Plinius,
2957 3719 3164 3811 quod
3215 3720 3504 3794 melius

1962 3839 2089 3907 est
2156 3834 2528 3909 habitare
2583 3837 2659 3908 in
2709 3837 3058 3909 vallibus
3120 3860 3359 3931 quam
3425 3840 3504 3912 in

1966 3950 2405 4034 montilum,
2442 3957 2522 4026 et
2567 3959 2837 4027 tamen
2876 3954 3164 4027 melius
3208 3961 3333 4029 est
3374 3956 3503 4028 ha·

1963 4069 2153 4141 bere
2256 4071 2538 4141 domos
2660 4071 3275 4157 subterraneaS,
3377 4074 3505 4147 vel

1963 4184 2212 4258 etiam
2265 4186 2574 4267 bassas
2623 4207 2862 4278 quam
2933 4189 3171 4261 altas.
3231 4191 3505 4264 Ratio-

1964 4322 2104 4373 nes
2141 4305 2328 4374 sunt
2370 4302 2658 4375 solutfe
2694 4323 2839 4395 per
2879 4303 3118 4379 dicta.

2327 4606 2784 4688 QUAESTIO
2881 4609 3105 4681 VIII.

1972 4804 2203 4869 Uerum
2262 4806 2631 4871 tonitrunm
2667 4808 2754 4872 sic
2802 4810 3125 4875 eoece'nete'o
3171 4809 3358 4895 iqm's
3430 4813 3502 4878 in

2581 4920 2751 4986 nube
2781 4920 2815 4986 ξ)

2050 5116 2453 5207 Arguitur
2485 5118 2689 5208 quod
2725 5116 2865 5189 sic.
2897 5116 3098 5199 Quia
3133 5118 3345 5193 sicut
3377 5127 3504 5197 cst

1958 5230 2049 5301 de
2140 5249 2338 5301 sono
2399 5235 2738 5303 causato
2810 5237 2995 5324 post
3055 5233 3501 5327 impositio-

1960 5366 2140 5417 nem
2185 5346 2386 5418 ferri
2430 5348 2844 5421 candentis
2897 5348 2977 5419 in
3018 5370 3337 5441 aquam,
3386 5353 3501 5426 ita

1957 5462 2279 5536 videtur
2320 5486 2497 5536 esse
2537 5465 2629 5535 dc
2672 5486 2896 5547 sono,
2936 5466 3070 5557 qui
3117 5472 3241 5540 est
3293 5470 3497 5542 toni-

1960 5584 2286 5653 truum:
2337 5581 2470 5652 sed
2513 5602 2760 5653 sonus
2814 5583 3002 5655 talis
3070 5583 3161 5657 fit
3219 5605 3316 5656 cx
3368 5607 3496 5661 cx-

3591 5127 3728 5254 ²¹²¹&-
3764 5190 3808 5241 ι.
