4252 6393
188 5105 251 5158 19.

1711 369 2077 445 QUAES'HO
2126 372 2257 433 xlv

382 530 570 624 quod
609 534 855 620 species
904 529 1360 622 accipiatur
1405 549 1550 621 pro
1589 530 1758 622 ipsa
1795 530 1903 601 in-

380 646 846 727 tellectione,
920 666 1056 716 seu
1104 666 1252 737 pro
1321 645 1495 738 ipso
1553 649 1735 718 actu
1794 645 1901 716 in-

377 763 794 855 telligendi,
843 763 976 855 qui
1036 762 1440 835 assimilat
1493 764 1724 835 modo
1779 785 1901 834 su·

379 882 749 977 pradic'o.
789 882 887 952 Et
929 879 1112 961 hoc,
1151 884 1237 952 ut
1287 879 1630 959 videtur,
1678 884 1900 952 staro

376 1020 520 1073 non
588 1000 881 1090 potest.
925 995 1070 1066 Vid
1123 995 1526 1067 tur'enim
1587 995 1900 1069 Aristo—

374 1115 558 1187 teles
629 1133 930 1207 ponere
1005 1112 1353 1205 speciem
1434 1111 1510 1183 in
1598 1111 1895 1194 anima,

374 1231 544 1323 quia
589 1231 784 1323 ipsae
821 1251 950 1301 res
984 1249 1162 1300 csse
1197 1226 1303 1299 ibi
1338 1247 1494 1299 non
1533 1230 1896 1319 possunt.

373 1349 576 1419 Unde
595 1346 787 1421 dicit
809 1349 875 1417 3.
898 1348 979 1414 de
1000 1349 1269 1425 Anima,
1301 1358 1459 1413 texe.
1487 1347 1596 1417 38.
1634 1348 1901 1413 Necesse

372 1479 454 1534 est
480 1478 720 1545 autem,
756 1476 872 1531 cmc
903 1465 1072 1551 ipsa,
1108 1466 1492 1550 autspecies
1530 1486 1665 1530 esse
1698 1490 1718 1529 .·
1752 1465 1899 1551 ipsa

372 1583 622 1670 quidem
670 1584 881 1669 iqilur
919 1603 1053 1647 non
1100 1593 1277 1660 sunt,
1324 1602 1455 1647 non
1506 1582 1685 1646 enim
1727 1581 1902 1666 lapis

371 1703 437 1766 in
496 1701 727 1766 anima
783 1709 899 1778 est,
942 1698 1059 1764 scd
1093 1700 1339 1784 species·
1389 1722 1414 1778 ,·
1468 1713 1667 1785 ergo
1713 1696 1898 1766 sunt

370 1813 798 1908 ibispecies
831 1812 1162 1906 lapidis:
1201 1814 1330 1884 sed
1367 1812 1430 1884 si
1459 1833 1589 1884 res
1630 1817 1899 1885 essent

370 1931 441 2003 in
493 1931 790 2013 anima,
835 1933 1158 2003 constat
1217 1929 1422 2019 quod
1466 1947 1627 2000 non
1713 1933 1902 2003 sunt

367 2046 551 2138 ipsae
614 2044 1236 2126 intellectiones‚
1302 2044 1471 2116 sivo
1515 2047 1746 2116 actus
1793 2043 1901 2115 in-

369 2163 796 2256 telligendi,
865 2162 1030 2235 imo
1124 2182 1269 2254 per
1344 2165 1620 2234 actum
1673 2160 1899 2235 intel-

365 2281 649 2374 ligendi
704 2282 863 2354 illae
935 2302 1065 2353 res
1136 2282 1895 2373 cognoscerentur;

364 2418 553 2491 ergo
586 2418 772 2473 cum
808 2398 1242 2470 secundum
1287 2393 1896 2488 Philosophum,

365 2519 434 2587 et
484 2516 732 2589 etiam
778 2515 1212 2587 secundum
1274 2514 1480 2606 quod
1540 2511 1709 2588 haec
1772 2533 1902 2606 po-

366 2633 547 2706 sitio
579 2632 1119 2726 dicit,species
1153 2632 1245 2704 ad
1279 2631 1431 2705 hoc
1465 2634 1899 2724 ponantur,

367 2750 544 2841 quia
594 2770 727 2823 res
791 2751 1052 2823 inesse
1095 2769 1254 2821 non
1303 2751 1692 2842 possunt:
1745 2749 1903 2841 pla-

364 2885 548 2938 num
614 2870 764 2949 est,
838 2866 1044 2959 quod
1103 2865 1411 2958 species
1483 2884 1641 2937 non
1723 2863 1901 2956 plus

365 2981 692 3064 faciunt,
740 2982 809 3054 si
861 2986 1271 3074 ponantur
1325 2980 1403 3053 in
1455 2980 1897 3058 intellectu,

363 3098 513 3172 nisi
583 3098 771 3191 quia
843 3098 1216 3192 supplent
1268 3097 1527 3170 vicem
1591 3095 1707 3168 rei
1775 3095 1903 3166 ab·

364 3217 611 3290 sentis
656 3240 671 3298 ;
717 3236 915 3308 crgo
969 3216 1036 3289 si
1089 3218 1490 3308 praesente
1528 3236 1613 3287 re
1647 3214 1900 3288 adhuc

361 3338 571 3406 essct
603 3333 1069 3406 necessaria
1113 3331 1583 3412 intellectio,
1621 3331 1898 3403 eodem

366 3449 592 3522 modo
647 3454 1047 3544 praesente
1126 3449 1392 3541 specie
1461 3447 1716 3520 adhuc
1777 3450 1898 3519 est

365 3567 826 3640 necessaria
893 3565 1366 3640 intellectio.
1453 3566 1632 3636 Non
1700 3583 1899 3654 crgo

370 3684 792 3777 superfluit
826 3704 1126 3777 ponere
1170 3683 1518 3777 speciem
1556 3682 1632 3753 in
1679 3681 1903 3754 intel·

369 3803 736 3876 lectione.
840 3803 1009 3874 Imo
1111 3800 1411 3895 positio
1535 3799 1902 3891 implicat

365 3918 1090 3993 contradictionem
1119 3942 1132 3986 :
1157 3917 1345 4010 quia
1374 3916 1642 3989 (licere
1698 3916 1904 4009 quod

367 4035 581 4109 actio
640 4035 1163 4126 intelligendi,
1226 4033 1392 4105 sive
1455 4032 1900 4106 intellectio

368 4156 490 4226 cst
527 4149 990 4225 necessaria
1050 4170 1232 4223 cum
1285 4149 1723 4242 praesentia
1775 4148 1903 4221 ob-

360 4267 573 4359 jecti,
615 4271 740 4340 est
771 4266 1063 4349 dicere,
1101 4266 1310 4357 quod
1334 4268 1455 4337 est
1492 4266 1902 4357 superflua

367 4403 543 4455 cum
579 4382 1016 4477 praesentia
1059 4381 1899 4474 speciei,concedendo

372 4500 566 4590 quod
607 4498 917 4592 species
960 4496 1159 4569 nihil
1220 4496 1435 4568 aliud
1477 4494 1694 4577 facit,
1743 4496 1897 4568 nisi

374 4616 567 4705 quod
662 4617 1106 4707 praesentat
1197 4612 1643 4704 objectum,
1754 4633 1898 4695 nec

375 4735 698 4824 propter
753 4730 969 4802 aliud
1012 4730 1507 4821 requiritur3
1552 4734 1677 4802 est
1719 4751 1900 4802 con·

382 4846 767 4928 tradictio,
831 4866 1013 4918 cum
1058 4845 1260 4916 idem
1306 4844 1412 4917 sit
1467 4846 1902 4937 praesentia

386 4961 657 5056 objecti
690 4967 771 5039 ct
804 4960 1124 5054 speciei,
1179 4961 1302 5034 vel
1354 4961 1898 5055 aequipollent.

465 5090 541 5164 si
607 5091 819 5164 sorte
895 5088 1239 5170 dicatur,
1322 5089 1525 5180 quod
1598 5088 1905 5181 species

390 5204 651 5300 lapidis
681 5207 981 5281 dicitur
1011 5228 1188 5278 esse
1223 5206 1302 5277 in
1370 5206 1665 5288 anima,
1724 5206 1910 5298 quia

390 5329 498 5398 est
573 5325 646 5396 in
721 5329 953 5418 parte
1030 5322 1445 5403 sensitiva,
1541 5323 1688 5393 hoe
1787 5327 1911 5397 est

389 5460 747 5532 expresse
804 5444 1092 5514 contra
1164 5438 1768 5532 Philosophum,
1809 5441 1917 5506 ubi

398 5580 582 5645 supra
623 5582 641 5619 .·
689 5554 975 5629 Anima
1021 5556 1234 5652 enim
1289 5557 1410 5626 est
1461 5555 1685 5629 locus
1749 5577 1914 5646 spe.-

3442 372 3562 437 535

2018 530 2354 612 clerum,
2421 552 2578 603 non
2623 536 2821 615 tota,
2881 534 3014 604 sed
3068 533 3554 608 intellectus.

2017 649 2181 719 Nec
2264 647 2872 738 intelligendum
2954 649 3158 740 quod
3249 650 3559 722 Aristo-

2017 763 2219 837 teles
2309 762 2756 854 intelligat,
2848 764 3158 856 species
3235 769 3556 840 tantum

2014 900 2193 950 esse
2227 879 2305 950 in
2342 879 2705 972 potentia
2736 879 3258 964 intellectiva,
3285 885 3365 955 et
3398 901 3558 954 non

2017 996 2095 1067 in
2172 995 2587 1078 sensitiva,
2667 996 2799 1068 sed
2874 996 3044 1068 ideo
3116 996 3266 1070 hoc
3334 998 3550 1082 dicit,

2016 1113 2201 1205 quia
2246 1114 2609 1206 potentia
2644 1113 3139 1187 intellectiva
3172 1115 3557 1188 fundatur

2017 1230 2096 1302 in
2136 1231 2491 1305 essentia
2552 1231 2843 1303 animae
2909 1256 2922 1300 :
2979 1233 3361 1324 potentiae
3422 1253 3554 1304 au-

2016 1351 2179 1421 tem
2274 1347 2682 1419 sensitivae
2782 1346 3258 1439 inquantum
3350 1348 3555 1422 tales

2013 1463 2455 1537 fundantur
2532 1464 2611 1536 in
2701 1464 3034 1554 organis
3111 1466 3559 1558 corporali-

2013 1580 2185 1663 buS,
2224 1581 2303 1654 in
2356 1581 2643 1673 quibus
2686 1580 3188 1653 sensibilium
3250 1581 3560 1674 species

2017 1697 2567 1790 rccipiuntur;
2616 1697 3254 1789 intelligibilium
3288 1703 3560 1772 autem

2016 1813 2094 1885 in
2140 1813 2585 1897 intellectu,
2639 1817 2717 1887 et
2763 1834 2909 1906 per
2940 1833 3439 1906 consequens
3481 1814 3561 1886 in

2015 1930 2314 2012 anima,
2348 1931 2425 2001 in
2460 1950 2615 2022 qua
2649 1929 3111 2005 intellectus
3145 1930 3554 2003 fundatur.

2102 2048 2320 2130 Quod
2371 2039 2568 2118 vero
2626 2046 2926 2120 dicitur
2975 2047 3053 2118 in
3125 2047 3552 2138 positione,
3580 2079 3874 2144 Anphan-

2016 2166 2222 2258 quod
2257 2164 2573 2238 frustra
2626 2165 3039 2256 ponuntur
3080 2164 3414 2257 species,
3457 2185 3553 2237 eo

2016 2282 2224 2373 quod
2300 2280 2508 2353 sicut
2579 2280 2809 2353 color
2896 2280 3293 2353 mediante
3377 2281 3629 2353 luce’

2016 2397 2254 2471 habet
2322 2398 2487 2470 vim
2560 2397 2927 2470 movendi
2998 2397 3345 2480 oculum,
3439 2398 3555 2470 sic

2017 2515 2505 2610 phantasma
2613 2513 3012 2588 mediante
3139 2514 3556 2589 intellectu

2017 2635 2333 2725 agente,
2390 2631 2627 2706 habet
2679 2631 2844 2703 vim
2896 2631 3264 2706 movendi
3333 2631 3558 2706 intel·

2018 2749 2320 2823 lectum
2374 2747 2843 2841 possibilem
2905 2772 2921 2818 t
2997 2750 3078 2822 et
3142 2747 3255 2820 sic
3300 2767 3430 2820 res
3472 2749 3565 2820 de

2018 2887 2102 2938 se
2172 2865 2339 2937 haec
2411 2864 2490 2936 in
2559 2862 3133 2957 phantasmate
3204 2883 3566 2958 praesens

2015 2985 2164 3065 est,
2203 2982 2584 3074 quoniam
2618 3001 2776 3052 non
2811 2983 3135 3074 oportet
3168 2980 3361 3053 dare
3396 3002 3565 3075 spe-

2016 3101 2223 3174 ciem
2293 3100 2388 3173 ad
2449 3098 3200 3192 repraesentandum
3271 3098 3556 3191 ipsam.

2107 3223 2206 3292 Et
2276 3220 2370 3291 ad
2442 3217 2827 3310 praedicta
2909 3216 3183 3289 omnia
3238 3215 3560 3291 videtur

2014 3338 2245 3410 nobis
2316 3337 2546 3408 fidem
2620 3334 2914 3415 facere,
2963 3334 3167 3426 quod
3210 3332 3291 3405 in
3329 3332 3557 3408 intel-

2014 3455 2225 3528 lectu
2303 3451 2666 3545 possibili
2742 3449 2965 3521 nulla
3033 3449 3138 3521 sit
3217 3450 3552 3542 specics,

2017 3571 2150 3643 sed
2202 3569 2464 3642 solum
2534 3571 2789 3648 actus,
2873 3585 3010 3637 scu
3081 3563 3553 3648 intellectio,

2017 3708 2155 3758 seu
2205 3685 2484 3757 modus
2538 3680 3036 3773 intelligendi
3093 3700 3138 3752 a
3180 3680 3558 3775 phantas-

2018 3808 2235 3878 mate
2306 3801 2593 3875 factus.
2649 3798 2852 3882 Quia
2913 3817 3373 3890 quanquam
3427 3797 3560 3870 ha-

2013 3920 2348 3993 beamus
2410 3916 2839 3991 scientiam
2889 3914 2979 3987 de
3022 3914 3321 4007 aliquo,
3360 3935 3562 3987 sem-

2017 4058 2162 4130 per
2192 4040 2468 4109 tamen
2511 4035 2834 4127 oportet
2873 4031 3355 4126 phantasma
3395 4052 3563 4123 spe-

2016 4149 2308 4224 culari.
2387 4149 2467 4223 si
2556 4152 2831 4222 autem
2914 4151 3187 4221 essent
3248 4146 3561 4239 species

2016 4268 2095 4341 in
2134 4268 2549 4341 intellectu
2594 4264 2987 4359 possibili,
3040 4265 3339 4356 absque
3381 4285 3563 4338 con—

2013 4383 2392 4455 versione
2451 4383 2544 4455 ad
2598 4383 3101 4475 phantasma,
3140 4401 3562 4473 possemus

2015 4501 2518 4591 intelligere,
2596 4498 2885 4571 saltem
2984 4498 3124 4570 illa
3213 4518 3559 4589 quorum

2011 4623 2200 4693 sunt
2242 4617 2577 4711 specieS.

2105 4736 2217 4808 Ad
2287 4734 2438 4807 hoc
2520 4735 2791 4806 autem
2870 4732 3113 4805 facilc
3191 4735 3314 4804 est
3396 4752 3558 4805 res-

2016 4852 2392 4945 pondere.
2441 4850 2551 4922 Ad
2594 4849 2825 4942 cujus
2895 4847 3378 4921 evidentiam
3438 4850 3562 4920 est

2019 4968 2452 5048 sciendum,
2511 4966 2715 5059 quod
2773 4965 3049 5037 eadem
3119 4984 3389 5047 causa,
3435 4965 3563 5037 vcl

2021 5085 2341 5164 similis,
2386 5083 2730 5164 videtur,
2789 5102 3038 5172 quaro
3084 5081 3570 5173 phantasma

2021 5224 2181 5274 non
2255 5206 2574 5274 moveat
2654 5198 3156 5272 intellectum
3238 5197 3571 5290 possibi-

2026 5321 2208 5399 lem,
2284 5317 2436 5389 nisi
2496 5317 2722 5409 prius
2784 5317 3057 5388 causet
3107 5315 3182 5385 in
3243 5335 3339 5387 co
3401 5336 3569 5407 spe-

2027 5438 2258 5517 ciem,
2322 5438 2398 5506 et
2464 5454 2716 5525 quaro
2773 5429 3148 5502 sensibile
3213 5430 3568 5521 positum

2030 5574 2273 5646 supra
2338 5572 2663 5623 sensum
2722 5569 2883 5621 non
2945 5546 3136 5618 facit
3181 5549 3570 5622 sensatio-

3581 2149 3758 2191 tasma
3781 2158 3897 2206 pos·

3576 2206 3645 2254 sie
3682 2203 3901 2280 supple-

3632 2281 3675 2315 ἀ
3700 2281 3868 2317 mecm

3700 4767 3789 4820 20.
