4252 6393
105 852 156 903 Ad
168 852 200 903 2.

87 2126 135 2174 u
168 2124 208 2174 ³.

92 4561 133 4609 ld
159 4562 194 4611 4.

1576 442 1945 528 QUJES'rlo
1995 453 2070 514 vt

282 612 636 676 eoronam
675 605 922 679 nimis
970 608 1424 702 propinquo
1459 608 1639 682 loco
1686 610 1793 683 in·

283 722 667 795 termedio.

361 840 460 911 Ad
566 843 1003 915 secundum
1097 849 1369 937 potest
1465 845 1795 917 concedi

280 954 448 1044 quod
508 955 933 1041 fortitudo,
991 959 1122 1031 vel
1178 960 1551 1035 debilitas
1611 982 1792 1033 con-

283 1071 409 1144 sert
439 1072 532 1143 ad
574 1072 977 1148 visionem
1031 1076 1236 1149 Halo
1292 1078 1610 1151 ratione
1652 1077 1791 1150 ali-

283 1190 476 1279 cujus
519 1212 789 1265 causae
831 1196 1466 1269 concomitantis
1517 1196 1792 1269 debili-

283 1311 500 1379 tatem
533 1309 788 1392 visuS,
831 1311 1059 1382 verbi
1103 1313 1400 1403 gratia,
1451 1313 1519 1385 si
1565 1314 1791 1386 visus

283 1424 368 1495 sit
391 1424 692 1507 debilis,
741 1431 822 1501 et
871 1427 971 1498 ab
1015 1428 1189 1521 ipso
1235 1435 1793 1522 evaporantur

281 1538 445 1613 fumi
506 1563 759 1633 usque
828 1545 923 1616 ad
1002 1566 1301 1627 aerem,
1387 1547 1481 1618 ad
1560 1568 1786 1639 quos,

278 1675 427 1727 cum
488 1655 795 1732 suerint
856 1658 1305 1752 inspissati,
1370 1662 1601 1736 fieret
1672 1682 1793 1734 re-

277 1771 540 1844 fractio
589 1772 948 1858 luminiS,
998 1776 1384 1869 possibile
1425 1784 1550 1851 est
1584 1779 1791 1870 quod

276 1892 432 1961 tunc
488 1897 888 1983 appareat
931 1893 1165 1973 Halo,
1210 1898 1291 1968 et
1355 1894 1470 1968 ita
1528 1899 1653 1969 est
1701 1895 1792 1967 de

276 2025 373 2084 eo,
415 2006 545 2098 qui
588 2008 917 2081 noviter
948 2011 1420 2103 expergefit.

350 2123 447 2194 Ad
507 2125 848 2198 tertium
914 2127 1238 2208 dicitur,
1309 2129 1515 2220 quod
1584 2128 1793 2201 Halo

277 2257 409 2308 non
459 2246 856 2314 causatur
923 2243 1020 2314 ab
1090 2244 1460 2316 omnibus
1530 2246 1792 2317 stellis

278 2356 450 2437 coeli,
525 2357 658 2428 sed
726 2357 1159 2449 aliquibus,
1241 2364 1321 2434 et
1389 2361 1791 2453 aliquibus

274 2489 428 2542 non.
471 2473 979 2550 t'ndedicunt
1022 2477 1549 2569 Perspectivi,
1589 2480 1793 2569 quod

275 2587 509 2660 solum
576 2590 662 2662 fit
724 2591 932 2662 Halo
994 2613 1040 2663 a
1102 2593 1308 2674 Sole,
1381 2599 1462 2668 et
1537 2595 1789 2678 Luna,

274 2705 339 2773 et
396 2724 438 2774 a
500 2705 765 2778 stellis
833 2707 1114 2799 primae
1182 2710 1788 2799 magnitudinis,

275 2818 397 2893 Ubi
449 2823 862 2896 sciendum
922 2828 1126 2918 quod
1187 2828 1614 2918 Astrologi
1677 2828 1794 2899 in-

278 2937 385 3007 ter
449 2939 731 3011 stellas
800 2942 978 3015 coeli
1054 2949 1355 3035 praeter
1426 2943 1793 3037 planetas

275 3058 741 3131 notaverunt
809 3060 917 3129 16.
1005 3060 1389 3152 majores,
1463 3065 1542 3134 et
1616 3060 1795 3134 istae

277 3178 649 3248 vocantur
719 3176 977 3250 stellae
1047 3176 1334 3271 primae
1398 3179 1796 3270 magnitu-

278 3287 482 3371 dinis,
547 3313 898 3383 quarum
986 3296 1363 3386 quaelibet
1435 3300 1790 3377 centum,

279 3409 344 3477 et
381 3407 824 3497 quindecim
867 3410 1177 3483 vicibus
1228 3412 1592 3485 continet
1641 3416 1796 3485 ter·

285 3539 458 3600 ram,
495 3528 575 3597 et
619 3525 821 3617 plus.
860 3527 1077 3599 Tunc
1109 3527 1384 3601 dicunt
1419 3530 1798 3621 Perspec-

277 3635 429 3719 tivi,
475 3643 681 3732 quod
713 3643 976 3715 solum
1012 3644 1110 3715 ab
1145 3644 1354 3725 istis,
1390 3649 1468 3718 ct
1504 3666 1547 3716 a
1584 3647 1793 3730 Sole,

275 3755 343 3823 et
381 3755 596 3827 Luna
647 3762 921 3850 potest
966 3758 1146 3830 fieri
1199 3779 1531 3833 corona.
1579 3763 1797 3834 Tunc

278 3873 843 3946 concedendum
874 3878 1237 3966 estquod
1283 3876 1381 3947 ab
1425 3877 1602 3950 istis
1663 3879 1800 3952 fiet

277 4006 583 4073 corona,
622 3993 829 4082 quod
871 3992 1123 4066 etiam
1172 3994 1269 4065 ab
1304 3993 1488 4065 aliis
1525 4016 1799 4068 secun·

277 4101 399 4185 dae,
433 4111 512 4180 et
553 4109 820 4182 tertiae
855 4110 1463 4201 magnitudinis,
1511 4117 1589 4187 et
1640 4113 1800 4206 pla-

278 4221 495 4301 netis,
534 4223 663 4313 qui
704 4244 866 4295 non
921 4228 1109 4299 sunt
1150 4224 1592 4297 luminaria
1629 4249 1802 4319 pos-

279 4334 372 4409 sit
434 4339 608 4413 fieri
675 4363 1010 4423 corona,
1085 4344 1482 4434 quamvis·
1531 4350 1802 4418 tamen

283 4456 690 4529 remissior
725 4458 802 4530 in
837 4458 1247 4532 claritate.

357 4571 462 4642 Ad
508 4579 888 4664 quartum
922 4574 1124 4657 dic0,
1172 4575 1375 4668 quod
1429 4576 1800 4667 quamvis

281 4682 469 4757 Halo
530 4695 919 4782 appareat
975 4690 1199 4763 eirca
1261 4694 1605 4771 astrum,
1681 4695 1802 4765 ta-

281 4819 442 4873 men
501 4803 588 4876 fit
651 4807 856 4881 satis
927 4828 1179 4899 prope
1237 4828 1384 4878 nos
1446 4808 1525 4878 in
1583 4827 1798 4888 aere,

278 4917 396 4989 sed
437 4919 554 4993 sic
593 4929 932 5018 apparet
971 4925 1202 4998 nobis
1244 4945 1338 4997 eo
1397 4924 1604 5016 quod
1642 4944 1803 4996 non

281 5036 748 5128 percipimus
779 5041 1259 5116 distantiam
1306 5042 1518 5114 inter
1563 5062 1802 5133 vapo-

281 5166 462 5232 rem,
499 5155 582 5226 et
617 5160 963 5229 astrum.

360 5267 730 5352 Secundo,
792 5271 973 5344 dico
1020 5272 1228 5364 quod
1283 5273 1489 5344 Halo
1533 5274 1803 5364 potest

282 5395 659 5472 apparere
713 5386 793 5457 in
846 5407 1174 5458 sursum
1227 5408 1478 5479 usque
1539 5386 1634 5457 ad
1687 5386 1803 5456 lo-

284 5513 476 5578 cum,
525 5500 616 5571 ad
652 5522 892 5594 quem
953 5502 1309 5575 maxime
1362 5501 1804 5574 ascendunt

287 5611 543 5694 nubes,
607 5620 727 5691 vel
787 5617 1353 5693 exhalationes
1401 5617 1801 5711 spissatae.

3346 438 3460 520 195

1999 614 2118 684 Ex
2191 612 2371 686 istis
2445 618 2669 706 patet
2739 635 2915 708 quae
2985 615 3092 689 sit
3160 620 3463 689 natura

1914 725 2144 809 Uale,
2202 733 2283 802 et
2335 729 2690 821 qualiter
2738 730 2852 813 fit,
2899 735 2978 804 et
3021 734 3207 825 post
3255 731 3463 803 vide·

1907 842 2132 916 bitur
2181 845 2271 917 de
2314 846 2490 939 ejus
2540 847 3118 921 accidentibus„

1996 961 2109 1032 Ad
2166 962 2552 1036 rationes.
2610 964 2720 1035 Ad
2778 964 3153 1056 primam,
3212 984 3457 1054 nega·
3503 976 3778 1051 Adi-ay·-

1908 1079 2045 1150 tur
2084 1080 2689 1171 consequentia,
2728 1079 2916 1172 quia
2947 1100 3108 1152 non
3140 1084 3264 1153 est
3298 1079 3454 1150 suf-
3483 1051 3810 1164 mffissffz'ss's'

1903 1193 2275 1268 ficienter
2317 1195 2654 1290 spissim,
2693 1217 2836 1269 nec
2869 1200 3156 1269 causat
3199 1196 3454 1268 diver·

1907 1309 2240 1383 sitatem
2283 1312 2686 1393 colorum,
2745 1311 2956 1385 sicut
3005 1316 3130 1385 est
3173 1313 3449 1392 nubes,

1905 1427 2000 1498 ad
2044 1448 2284 1519 quam
2324 1450 2465 1522 per
2500 1429 3022 1502 reflexionem
3056 1434 3455 1521 apparent

1905 1542 2229 1616 colores
2270 1546 2531 1619 Iridis,

1993 1661 2106 1732 Ad
2162 1662 2619 1745 secundam,
2694 1677 2849 1732 lunc
2922 1676 3177 1731 astrum
3241 1687 3449 1752 appa-

1905 1791 2101 1859 reret,
2167 1783 2320 1852 ete.
2393 1781 2765 1869 Negatur
2832 1778 3442 1870 consequentia,

1907 1893 2094 1985 quia
2125 1915 2385 1987 vapor
2428 1916 2588 1967 non
2631 1900 2754 1969 est
2798 1895 3301 1969 sufficienter
3341 1895 3452 1967 ni-

1907 2029 2077 2100 ger.
2143 2013 2243 2084 Et
2296 2012 2771 2104 quandoque
2826 2014 3051 2085 Luna
3104 2016 3448 2104 apparet

1908 2125 2053 2195 sub
2106 2125 2386 2198 colore
2448 2127 2814 2219 puniceo,
2881 2128 3194 2218 quando
3240 2126 3449 2199 scili-

1905 2246 2033 2316 cet
2068 2262 2329 2335 vapor
2360 2248 2484 2317 est
2528 2243 3043 2336 inspissatuS.

1997 2360 2109 2430 Ad
2184 2360 2542 2441 tertiam,
2610 2374 2764 2429 ncnc
2816 2362 3217 2450 prohiberet,
3291 2364 3445 2434 eto.

1906 2478 2279 2565 Negatur
2308 2475 2915 2567 consequentia,
2962 2474 3151 2567 quia
3190 2494 3453 2568 vapor

1907 2591 2043 2663 ille
2083 2596 2209 2665 est
2243 2591 2483 2673 latus,
2520 2596 2599 2665 et
2644 2612 2911 2663 rarus.

1996 2709 2109 2780 Ad
2172 2713 2578 2802 quartam,
2651 2723 2806 2777 tunc
2873 2732 3004 2778 non
3071 2710 3449 2778 videremus
3548 2727 3633 2777 Λιι
3690 2727 3739 2782 ⁴.

1907 2839 2185 2907 astrum,
2270 2830 2384 2894 ubi
2458 2840 2641 2896 essct.
2723 2826 3097 2915 Negatur
3177 2846 3452 2897 conse-

1910 2942 2267 3032 quentia,
2334 2941 2524 3033 quia
2591 2941 2867 3013 radius
2940 2942 3456 3035 perpendicu-

1910 3056 2111 3130 laris
2167 3057 2470 3131 transit
2515 3056 3033 3137 irresractus,
3092 3057 3263 3128 ideo
3313 3078 3459 3150 per

1913 3173 2142 3248 illum
2213 3179 2484 3268 potest
2558 3173 2735 3246 fieri
2806 3173 3301 3249 certificatio
3366 3176 3458 3248 de

1909 3291 2118 3373 loco,
2190 3293 2856 3384 quemadmodum
2919 3292 3304 3363 denarius
3350 3292 3459 3365 vi-

1912 3431 2049 3480 sus
2093 3409 2172 3480 in
2204 3406 2446 3479 fundo
2490 3428 2719 3499 aquae
2761 3407 3084 3479 videtur
3130 3408 3262 3479 ubi
3304 3413 3453 3481 est.

2002 3524 2116 3596 Ad
2170 3523 2563 3615 quintam,
2633 3536 2787 3591 lime
2832 3525 3099 3612 aliquid
3154 3529 3453 3613 qram'uS.
3554 3524 3639 3573 M
3696 3523 3743 3572 ⁵·

1914 3643 2014 3713 Et
2051 3645 2321 3733 potest
2354 3640 2682 3712 concedi
2728 3640 2933 3731 quod
2975 3639 3151 3729 ejus
3186 3640 3451 3728 gravi·

1915 3763 2041 3832 tas
2102 3777 2262 3829 non
2321 3762 2445 3829 est
2507 3756 2943 3837 sufficiens,
3010 3761 3098 3829 ut
3158 3756 3459 3829 dividat

1916 3874 2297 3953 medium,
2388 3872 3056 3964 quemadmodum
3148 3871 3456 3962 lignum

1915 3991 2171 4063 latum
2242 3993 2724 4082 supernatat
2766 4008 3085 4079 aquam,
3123 4010 3217 4059 eo
3253 3989 3460 4080 quod

1914 4125 2123 4196 aqua
2161 4106 2476 4178 resistit
2520 4125 2683 4174 suae
2727 4102 3131 4175 divisioni.

2004 4221 2117 4292 Ad
2161 4225 2504 4300 sextam,
2552 4233 2707 4287 lunc
2755 4222 2885 4287 cieo
2937 4233 3453 4300 consumeretur,

1915 4341 2067 4409 etc.
2152 4338 2523 4426 Negatur
2590 4334 3197 4426 consequentia,
3271 4335 3460 4426 quia

1915 4472 2076 4524 non
2126 4457 2393 4544 potest
2445 4451 2843 4532 consumi,
2908 4451 3065 4523 nisi
3136 4452 3458 4524 actione

1916 4568 2248 4648 caloris,
2295 4568 2419 4639 vel
2468 4589 2612 4660 per
2658 4587 2897 4638 casus
2950 4567 3319 4640 materiae
3382 4567 3461 4638 in

1917 4686 2320 4778 pluvia1n;
2372 4686 2606 4759 modo
2668 4688 3050 4756 neutrum
3110 4684 3459 4757 istorum

1913 4802 2003 4875 fit
2047 4802 2341 4882 subito,
2381 4800 2513 4871 sed
2559 4804 2826 4892 potest
2868 4799 3046 4871 fieri
3091 4804 3462 4891 tempore

1917 4917 2121 4992 satis
2163 4917 2434 5006 longo,

3569 1670 3656 1719 Ad
3684 1669 3734 1724 2.

3558 2369 3644 2419 Ad
3669 2368 3722 2424 3.

3553 4228 3638 4278 Ad
3675 4226 3724 4276 6.
