4252 6393
737 412 854 473 470

724 573 1097 666 piendum
1144 598 1157 640 :
1208 571 1579 662 quamvis
1630 547 1845 642 enim
1895 570 2269 643 substan-

629 737 636 744 ·
718 691 836 763 tia
888 694 1167 763 creata
1219 689 1487 762 activa
1548 689 1652 760 sit
1707 688 2055 781 passiva,
2118 687 2269 759 sal·

485 3148 561 3198 18.

719 809 885 878 tem
929 805 1406 897 inquantum
1441 809 1564 877 est
1608 804 2060 894 subjectum
2104 824 2269 875 suae

718 921 1107 1001 actionis,
1191 924 1367 993 tota
1454 920 1912 994 substantia
1999 920 2270 993 activa

719 1038 947 1130 prius
1000 1038 1324 1110 videtur
1367 1037 1663 1109 habore
1715 1040 2135 1130 aspectum
2180 1042 2269 1112 ut

715 1158 991 1228 actum
1059 1154 1369 1234 eliciat,
1464 1174 1704 1245 quam
1785 1155 1990 1245 quod
2071 1155 2270 1227 rcci-

719 1272 889 1365 piat
927 1299 939 1342 :
978 1273 1110 1343 sed
1144 1272 1603 1345 substantia
1645 1278 1926 1347 creata
1976 1273 2265 1365 recipit

715 1389 1124 1463 actionem
1177 1394 1256 1463 et
1301 1389 1574 1480 aliqua
1624 1389 2071 1462 accidentia
2121 1410 2267 1483 per

719 1525 948 1575 suam
1029 1504 1604 1585 substantiam,
1688 1510 1775 1577 ut
1847 1509 2265 1578 ostensum

647 1680 660 1694 .
717 1621 869 1694 fuit
923 1620 1000 1692 in
1044 1622 1495 1712 quaestione
1526 1624 1617 1693 de
1670 1622 2264 1714 compositione

717 1738 1032 1810 animae.
1082 1741 1182 1810 Et
1227 1742 1476 1831 patet,
1525 1739 1713 1829 quia
1762 1738 1827 1810 si
1872 1760 2018 1831 per
2056 1740 2265 1812 acci-

713 1857 903 1927 dens
944 1856 1259 1948 recipit,
1300 1877 1577 1947 quaero
1614 1877 1757 1948 per
1804 1859 2010 1948 quod
2066 1858 2261 1930 reci-

713 1972 830 2064 pit
864 1973 1057 2045 illud
1090 1974 1509 2046 accidens?
1545 1979 1623 2047 et
1665 1978 1789 2046 est
1824 1995 2260 2066 processus

712 2089 793 2160 in
846 2089 1293 2163 infinitum:
1349 2090 1475 2162 vel
1519 2095 1645 2164 est
1693 2091 1885 2163 dare
1927 2092 2254 2182 aliquid,

711 2205 918 2297 quod
983 2227 1126 2298 per
1188 2227 1418 2278 suam
1466 2206 2007 2280 substantiam
2063 2210 2258 2281 reci-

706 2321 915 2414 piat3
961 2341 1162 2412 ergo
1206 2323 1272 2392 si
1320 2324 1591 2394 anima
1637 2327 1762 2396 est
1804 2324 2260 2398 substantia

707 2437 968 2528 magis
1025 2437 1295 2511 activa
1342 2457 1579 2528 quam
1633 2439 1982 2530 passiva,
2046 2439 2111 2510 si
2163 2440 2256 2511 ad

706 2554 1289 2645 patiendumse
1322 2552 1563 2626 habet
1608 2575 1750 2645 per
1803 2575 2033 2627 suam
2087 2557 2258 2629 sub-

704 2668 1120 2750 stantiam,
1173 2669 1495 2741 videtur
1546 2672 1752 2760 quod
1812 2692 1957 2763 per
2024 2694 2253 2745 suam

706 2786 1249 2860 substantiam
1304 2786 1564 2877 magis
1625 2793 2100 2877 augmentat
2160 2792 2255 2864 ad

704 2901 921 2984 illud,
986 2903 1082 2975 ad
1136 2903 1340 2994 quod
1409 2908 1532 2975 est
1603 2903 2118 2998 principium,
2183 2908 2251 2978 id

704 3022 852 3100 est,
890 3019 984 3090 ad
1026 3024 1325 3092 actum.

794 3136 1176 3219 SecundO‚
1225 3140 1446 3228 patet
1490 3136 1637 3211 lioc
1679 3159 1775 3209 ex
1823 3158 2251 3232 compara-

704 3253 925 3326 tione
985 3254 1461 3326 substantiae
1512 3255 1590 3325 in
1648 3256 1963 3329 rationo
2017 3278 2249 3345 agon-

702 3370 806 3442 tis
878 3370 970 3440 ad
1043 3391 1274 3440 suum
1350 3372 1774 3462 proprium
1845 3373 2240 3445 accidens.

701 3486 829 3559 Sic
880 3487 1095 3558 0111111
1160 3486 1520 3578 procedit
1576 3488 1771 3557 ordo
1821 3492 1899 3560 et
1951 3511 2244 3562 cursus

702 3622 1004 3684 rerum,
1056 3603 1269 3674 inter
1324 3622 1656 3673 causam
1700 3607 1780 3675 et
1837 3604 2238 3688 eflectum,

700 3719 903 3811 quod
965 3718 1627 3810 quandocumque
1700 3719 1991 3811 aliquae
2068 3723 2240 3794 duae

700 3836 1254 3929 proprietates
1346 3840 1796 3927 sequuntur
1881 3839 2241 3930 aliquam

699 3971 895 4034 rem,
947 3951 1138 4023 illud
1201 3952 1408 4044 quod
1442 3958 1779 4042 generat
1812 3974 1991 4026 eam
2036 3977 2234 4038 rem,

697 4069 812 4142 sic
870 4090 1048 4139 eam
1111 4068 1487 4161 disponit,
1536 4072 1623 4142 ut
1684 4074 2073 4160 quantum
2114 4077 2239 4146 est

690 4187 781 4258 de
815 4206 897 4255 se
935 4185 1015 4256 in
1046 4185 1411 4277 potentia
1444 4186 1744 4259 actuali
1779 4187 1885 4260 sit
1918 4188 2011 4259 ad
2048 4187 2238 4260 illud

690 4302 1094 4383 accidens,
1151 4306 1230 4375 et
1292 4324 1389 4372 ex
1452 4307 1684 4394 parte
1739 4306 2107 4377 materia}
2158 4310 2236 4378 et

658 4441 786 4491 ,ex
822 4422 1052 4511 parte
1094 4417 1380 4490 formae
1419 4444 1432 4487 :
1468 4440 1563 4490 ex
1604 4424 1835 4511 parte
1870 4423 2238 4495 materiae

687 4535 1204 4628 disponend0‚
1277 4539 1367 4608 ut
1442 4535 1546 4608 sit
1623 4536 2071 4610 necessitas
2141 4541 2235 4610 ad

692 4651 880 4724 illud
966 4650 1334 4724 accidens
1426 4650 1971 4743 1¹·ecipiendum
2047 4678 2060 4722 :
2137 4676 2232 4724 ex

689 4772 923 4859 parte
984 4767 1292 4847 sormae,
1342 4772 1429 4841 ut
1474 4767 1579 4840 sit
1631 4767 2078 4841 necessitas
2140 4771 2232 4841 ad

687 4882 878 4956 illud
921 4883 1285 4955 accidens
1318 4883 1407 4954 de
1458 4883 1820 4975 potentia
1866 4886 2231 4959 materiae

686 4997 1306 5091 producendum.
1378 4998 1599 5068 Unde
1660 5018 2060 5085 generans
2122 5001 2230 5091 ig-

680 5135 887 5195 nem,
938 5113 1123 5204 quia
1175 5111 1466 5185 levitas
1517 5117 1596 5185 et
1642 5111 2012 5186 caliditas
2047 5136 2230 5187 con-

679 5234 1128 5324 sequuntur
1198 5228 1490 5316 ignem,
1565 5228 1806 5299 simul
1874 5229 2228 5322 disponit

681 5345 1113 5417 materiam
1147 5345 1241 5415 ad
1278 5343 1606 5414 illorum
1647 5344 2221 5435 receptionem,

678 5465 754 5534 et
820 5462 1171 5532 formam
1231 5458 1443 5547 ignis
1494 5460 1887 5547 generati,
1964 5465 2049 5534 ut
2120 5463 2225 5535 sit

679 5574 1123 5648 necessitas
1194 5573 1285 5644 ad
1356 5572 1687 5644 illorum
1771 5574 2224 5666 productio-

1889 410 1992 473 DE
2037 409 2304 474 RERUM
2348 408 2742 472 PRINCIPIO

2383 589 2594 639 nem.
2643 568 2825 641 Ideo
2878 568 3091 660 ignis
3145 572 3233 642 ut
3285 569 3724 660 generatus
3780 567 3913 646 est,

2382 685 2510 755 vel
2578 686 3010 757 secundum
3074 685 3281 786 quod
3331 685 3798 775 generatur,
3840 679 3918 751 de

2385 802 2750 894 potentia
2812 804 3169 895 propriae
3234 801 3600 875 materiae
3668 797 3916 870 educit

2386 916 2527 989 illa
2570 918 3052 1001 accidentia;
3110 920 3244 992 sed
3297 918 3485 1011 quia
3534 917 3684 990 hoc
3737 915 3919 988 facit

2385 1033 2464 1105 in
2507 1033 2816 1109 virtute
2860 1036 3073 1126 ignis
3116 1036 3614 1126 generantis,
3667 1031 3919 1106 dantis

2383 1150 2454 1222 01
2516 1148 2719 1224 hanc
2770 1152 3358 1233 actualitatem,
3421 1153 3591 1225 ideo
3633 1150 3918 1223 forina-

2383 1290 2568 1343 rum
2631 1270 3253 1344 accidentalium
3316 1268 3766 1359 generatio,
3841 1271 3919 1340 ut

2382 1387 2914 1478 consequitur
2983 1390 3492 1478 generatum,
3558 1382 3917 1457 attribui-

2379 1506 2519 1574 tur
2596 1504 3022 1595 generanti
3103 1502 3563 1596 principali,
3647 1520 3918 1572 secun-

2379 1619 2563 1691 dum
2627 1620 2835 1711 quod
2890 1620 3212 1702 dicitur,
3263 1620 3468 1711 quod
3528 1636 3920 1710 generans

2382 1756 2580 1819 rem,
2645 1736 2777 1808 dat
2837 1737 2910 1809 ei
2973 1736 3419 1810 accidentia
3482 1757 3625 1829 per
3676 1757 3789 1817 se,
3847 1739 3921 1807 et

2380 1852 2943 1942 operationem
3004 1854 3099 1924 ad
3168 1852 3393 1924 illam
3450 1852 3918 1924 convenien-

2377 1973 2564 2050 tem,
2641 1973 2725 2041 ut
2790 1989 3189 2060 generans
3234 1971 3432 2051 leve,
3477 1970 3613 2043 dat
3643 1969 3717 2041 ei
3765 1990 3917 2042 1110-

2375 2088 2547 2156 111111
2581 2106 2935 2156 sursum.

2465 2202 2686 2283 Quod
2735 2206 3007 2276 autem
3050 2204 3249 2277 talia
3302 2203 3754 2277 accidentia
3797 2221 3917 2293 ge·

2373 2320 2768 2387 nerentur
2800 2336 2846 2387 a
2879 2317 3219 2408 propria
3252 2316 3518 2389 forma
3552 2314 4115 2440 substan-‘maij

2375 2428 2817 2511 tiali‚·fsivc
2890 2449 2938 2502 a
2997 2435 3174 2505 toto
3243 2429 3700 2523 composito
3777 2445 4115 2553 pergama}

2370 2542 2754 2628 formam,
2831 2550 3079 2638 patet.
3165 2548 3467 2630 PrimO,
3542 2547 3758 2639 quia,
3832 2549 3916 2618 ut

2369 2662 2672 2735 dicitur
2719 2665 2784 2734 2.
2838 2667 2920 2732 de
2975 2668 3245 2746 Anima,
3320 2678 3477 2734 text.
3539 2668 3605 2738 5.
3679 2668 3914 2737 actus

2371 2778 2764 2850 secundus
2806 2784 3201 2853 causatur
3250 2779 3348 2852 ab
3392 2781 3577 2852 actu
3615 2782 3912 2873 primo,

2370 2897 2456 2966 ut
2526 2895 2787 2967 8010118
2858 2897 3289 2968 8001111(111111
3359 2896 3754 2978 habitum,
3820 2919 3914 2969 ex

2369 3009 2508 3081 illo
2542 3010 2820 3086 habitu
2870 3013 3229 3104 procedit
3272 3014 3366 3085 ad
3413 3018 3689 3086 actum
3735 3035 3918 3086 con-

2367 3127 2794 3209 siderandi,
2893 3129 3006 3202 ita
3091 3134 3215 3204 est
3293 3130 3374 3202 in
3452 3131 3912 3224 proposito

2366 3247 2750 3326 Secundo,
2801 3245 2988 3337 quia
3050 3246 3489 3336 qualitates
3553 3250 3915 3341 propria).

2364 3369 2548 3437 sunt
2582 3366 3174 3439 conscrvativze
3218 3368 3504 3439 formae
3549 3369 3627 3440 in
3665 3376 3917 3444 mate-

2363 3482 2486 3554 ria
2542 3483 2878 3575 propria
2926 3509 2939 3551 :
2996 3484 3062 3555 si
3110 3489 3381 3558 autem
3425 3491 3916 3574 generatum

2359 3618 2518 3669 non
2600 3598 2935 3673 haberet
3011 3601 3212 3672 unde
3290 3621 3427 3671 eas
3508 3620 3918 3691 generare

2360 3720 2673 3806 posset,
2758 3720 2946 3789 tunc
3026 3722 3509 3809 generatum
3588 3717 3668 3789 in
3765 3738 3915 3790 suo

2357 3835 2610 3925 gradu
2697 3834 3146 3926 perfectum
3225 3856 3385 3907 non
3478 3841 3733 3915 esset,
3821 3856 3918 3907 00

2357 3951 2564 4044 quod
2635 3950 2793 4023 illae
2838 3957 3180 4044 possunt
3231 3953 3585 4033 auferri3
3636 3959 3729 4026 ut
3789 3973 3921 4045 pa-

2355 4077 2473 4147 tet
2533 4074 2609 4146 in
2670 4095 2881 4166 aqua
2933 4074 3216 4157 calida,
3290 4096 3464 4167 quae
3523 4076 3915 4168 quamdiu

2353 4202 2611 4275 calida
2654 4201 2907 4276 tendit
2957 4204 3050 4275 ad
3094 4204 3715 4296 corruptionem
3773 4223 3922 4297 per

2351 4328 2960 4401 exhalationem
2996 4326 3294 4401 factam
3340 4349 3387 4400 a
3429 4328 3722 4402 calido.

2443 4455 2672 4534 Item,
2721 4457 3024 4544 quanto
3070 4452 3507 4544 qualitates
3558 4460 3756 4529 sunt
3805 4456 3917 4528 in·

2351 4578 2754 4658 timiores‚
2809 4581 3040 4651 tanto
3084 4578 3371 4651 forma)
3420 4580 3912 4662 similiores,

2349 4708 2427 4775 et
2474 4703 2737 4790 magis
2792 4703 3540 4795 proportionabiles
3590 4710 3672 4778 et
3719 4726 3916 4777 con-

2350 4830 2774 4900 servantes
2831 4852 2843 4895 :
2902 4827 3161 4917 magis
3230 4831 3502 4899 autom
3550 4835 3748 4902 sunt
3804 4830 3915 4900 in-

2347 4952 2592 5034 timae,
2632 4952 2698 5025 si
2743 4974 2788 5023 a
2827 4952 3160 5045 propria
3196 4951 3464 5024 forma
3505 4972 3916 5043 generan-

2348 5082 2507 5157 tur,
2547 5098 2787 5169 quam
2827 5077 2894 5149 si
2927 5076 3025 5147 ab
3057 5077 3485 5149 exteriori.

2437 5203 2666 5283 Item,
2711 5200 3073 5272 videmus
3110 5202 3316 5293 quod
3348 5221 3559 5294 aqua
3603 5205 3907 5285 calida,

2344 5326 2410 5397 si
2449 5326 2799 5400 tollatur
2868 5325 3468 5407 calefactivum,
3533 5327 3743 5401 facit
3823 5353 3913 5403 se

2343 5452 2724 5543 frigidam
2772 5478 2785 5522 :
2834 5473 2976 5523 nec
3030 5451 3181 5523 hoc
3227 5450 3423 5524 facit
3474 5472 3639 5533 aer,
3706 5456 3911 5546 quia

2343 5579 2610 5671 major
2643 5578 3054 5669 frigiditas
3099 5583 3224 5652 est
3268 5578 3345 5650 in
3387 5598 3588 5670 aqua
3642 5602 3909 5671 quam

3984 2194 4115 2267 Pru
