4252 6393
1651 434 2005 523 QUAE's'rlo
2055 440 2128 510 Ul
3397 440 3508 514 1⁸77

343 610 458 689 ter,
504 609 868 700 qufedam
940 609 1282 701 oblique.
1358 608 1607 680 Linea
1675 627 1851 700 per·
1973 612 2313 698 geretur
2368 611 2462 681 ad
2523 628 2765 682 unam
2827 613 3170 702 partem,
3236 610 3511 681 eadem

344 724 946 813 pendiculariter
1005 722 1360 796 incidens
1420 741 1668 814 super
1717 722 1856 792 ali·
1977 725 2296 798 ratione
2365 726 2459 797 ad
2518 726 2790 809 aliam,
2873 732 2952 801 et
3032 747 3177 820 per
3240 747 3515 802 consc-

342 858 546 928 quam
648 841 1197 934 superficiem,
1298 839 1600 911 dicitur
1684 836 1851 916 illa,
1975 861 2224 932 quens
2312 845 2406 915 ad
2496 865 3114 936 quamcumque,
3207 844 3334 916 vel
3421 845 3516 915 ad

339 976 480 1045 quae
530 979 782 1050 super
835 959 1061 1031 illam
1116 956 1631 1049 superficiem
1673 973 1855 1025 cau·
1972 959 2314 1042 nullam,
2389 967 2468 1035 01
2543 961 2890 1035 habetur
2970 960 3510 1055 propositum.

339 1079 440 1146 sat
482 1075 913 1168 utrobique
963 1073 1308 1165 angulos
1352 1076 1650 1145 rectos.
1710 1069 1854 1142 Sed
2062 1079 2448 1161 Secundo,
2504 1080 2573 1152 si
2607 1078 2750 1159 sic,
2798 1082 3279 1171 sequoretur
3311 1078 3516 1169 quod

338 1190 519 1262 linea
570 1192 710 1264 illa
760 1193 1062 1265 dicitur
1113 1191 1430 1282 oblique
1477 1189 1848 1267 incidere,
1969 1212 2383 1286 nunquam
2446 1217 2866 1288 possemus
2929 1194 3286 1287 aliquam
3339 1214 3512 1266 rem

340 1326 487 1396 quae.
542 1309 821 1384 incidit
873 1330 1119 1401 super
1158 1308 1518 1400 aliquam
1581 1325 1853 1399 super-
1968 1311 2393 1403 percipere
2454 1312 2534 1384 in
2589 1332 2803 1394 aere,
2861 1312 2939 1384 in
2999 1312 3179 1385 loco
3234 1313 3314 1384 in
3356 1333 3510 1404 quo

342 1421 571 1496 ficiem
605 1426 701 1497 ad
745 1426 1089 1517 angulos
1140 1426 1521 1518 impares,
1558 1422 1853 1497 etinae-
1968 1432 2116 1510 est,
2184 1430 2316 1500 sed
2377 1450 2699 1521 semper
2758 1429 2973 1511 alibi,
3050 1449 3289 1522 quam
3359 1434 3508 1502 est.

347 1541 615 1629 quales.
1188 1569 1192 1573 ’
1969 1547 2485 1636 Consequens
2575 1545 2919 1626 falsum,
3031 1544 3220 1637 quia
3323 1549 3512 1617 tunc

422 1658 508 1728 Et
554 1678 648 1729 ex
706 1656 889 1731 istis
945 1661 1171 1750 patet
1232 1658 1438 1749 quod
1492 1657 1851 1748 quaedam
1967 1681 2126 1731 non
2198 1682 2631 1753 possumus
2692 1661 3137 1735 certificari
3203 1663 3295 1734 dc
3356 1682 3513 1732 uno

354 1775 451 1843 cst
485 1773 681 1845 visio
715 1772 932 1847 facta.
977 1794 1121 1866 per
1167 1773 1461 1845 lincam
1513 1776 1848 1852 rectam,
1967 1775 2148 1848 loco
2222 1778 2362 1850 rei.
2438 1777 2848 1851 Probatur
2902 1777 3508 1870 consequentia,

359 1885 532 1961 sicut
563 1891 871 1980 quando
903 1889 1223 1962 visibile
1264 1890 1570 1961 directe
1614 1908 1853 1980 oppo-
1970 1892 2157 1984 quia
2221 1894 2482 1966 omnis
2554 1915 2684 1965 res
2754 1894 2931 1966 visa
2993 1915 3139 1987 per
3216 1894 3513 1967 lincam

365 2002 548 2076 nitur
605 2008 839 2087 visui,
916 2007 1088 2079 8100
1156 2007 1636 2079 diversitate
1699 2025 1854 2077 me-
1968 2009 2321 2084 fractam
2353 2011 2674 2086 videtur
2706 2011 2898 2083 alibi
2942 2033 3183 2104 quam
3237 2013 3367 2095 sit,
3426 2016 3514 2085 ut

369 2118 629 2195 eliorum
692 2125 768 2197 in
829 2125 1253 2206 densitate,
1328 2130 1408 2198 et
1474 2123 1847 2195 raritate.
1973 2126 2195 2214 patet
2247 2144 2344 2193 ex
2377 2123 2927 2215 Perspectiva.

377 2234 514 2306 Alia
547 2246 655 2315 est
687 2241 894 2311 visio
937 2261 1082 2333 per
1121 2240 1377 2312 lineas
1421 2239 1850 2319 refractaS,
2079 2240 2439 2311 Secunda
2525 2241 2942 2312 conclusio
3030 2245 3198 2322 est,
3303 2246 3507 2335 quod
3690 2270 3720 2319 5

382 2348 544 2426 sieut
579 2358 879 2447 quando
946 2357 1160 2429 inter
1200 2356 1465 2428 visum
1526 2359 1605 2427 et
1669 2353 1855 2425 visi·
1973 2348 2237 2422 omnis
2311 2348 2613 2430 radius,
2695 2351 2832 2441 qui
2899 2370 3057 2422 non
3144 2356 3269 2425 est
3336 2374 3512 2445 per·
3577 2333 3819 2444 01222‘2

381 2458 503 2535 bile
563 2477 733 2545 sunt
803 2473 1060 2544 media
1124 2472 1634 2543 diversarum
1697 2469 1857 2541 dia·
1973 2465 2542 2558 pendicularis,
2636 2465 2991 2538 incidens
3076 2489 3321 2559 super
3390 2490 3515 2540 su-

386 2576 878 2670 phaneitatum
959 2615 973 2658 :
1056 2593 1244 2662 tunc
1332 2588 1547 2659 enim
1621 2585 1852 2665 radii,
1973 2582 2386 2673 persi-iem
2464 2582 2947 2656 dividentem
3023 2584 3176 2655 duo
3259 2586 3515 2657 media

373 2699 471 2773 vel
529 2705 820 2795 species
897 2703 1313 2778 venientes
1374 2702 1471 2773 ab
1542 2701 1856 2792 objecto
1971 2700 2484 2772 diversarum
2552 2698 3287 2791 diaphaneitatum‚
3373 2701 3519 2773 sub

365 2838 502 2888 non
537 2818 876 2893 incidunt
916 2818 1347 2892 ‹lireotead
1388 2817 1679 2898 visum,
1727 2815 1859 2887 sed
1976 2835 2132 2907 qua
2190 2816 2297 2888 sit
2348 2835 2584 2906 aqua,
2649 2819 2730 2888 et
2801 2836 3047 2907 super
3106 2835 3345 2907 quam
3412 2818 3519 2891 sit

371 2952 577 3005 curve
612 2934 968 3008 faciendo
1029 2934 1441 3025 angulum.
1489 2932 1670 3004 Alia
1737 2936 1860 3005 est
1976 2954 2143 3015 aer,
2216 2934 2635 3023 frangitur
2714 2933 2794 3005 in
2857 2934 2999 3007 illa
3060 2936 3514 3028 superficie,

373 3046 543 3119 visio
605 3050 814 3126 facta
896 3071 1041 3143 per
1121 3051 1376 3122 lineas
1484 3049 1855 3127 reflexas,
1977 3050 2135 3121 nisi
2193 3071 2439 3143 super
2501 3049 2761 3141 ipsam
2831 3050 2937 3123 sit
3003 3051 3519 3144 perpendicu-

380 3165 549 3238 sicut
597 3187 728 3260 per
790 3167 1145 3260 specula.
1980 3168 2207 3240 laris.
2273 3166 2679 3240 Probatur
2737 3187 2882 3260 per
2932 3168 3525 3261 experientiam

467 3285 625 3357 Istae
718 3284 978 3376 igitur
1070 3282 1576 3356 definitiones
1677 3285 1864 3354 sunt
1983 3286 2277 3378 primo,
2352 3283 2539 3375 quia
2598 3283 2666 3356 si
2736 3283 3114 3376 capiatur
3187 3306 3331 3356 vas
3392 3284 3525 3356 ha-

376 3399 794 3488 praemissee,
834 3404 921 3474 ut
950 3399 1286 3473 termini
1340 3398 1502 3471 sint
1546 3397 1744 3478 noti,
1797 3396 1865 3467 si
1983 3402 2174 3472 bens
2216 3401 2479 3473 latera
2523 3401 2862 3481 elevata,
2922 3401 3244 3493 plenum
3286 3422 3519 3493 aqua,

374 3519 615 3603 postea
695 3519 1028 3589 utamur
1125 3513 1204 3585 in
1310 3513 1868 3604 assignatione
1987 3525 2178 3592 tunc
2259 3517 2638 3588 denarius
2736 3516 3050 3608 positus
3129 3517 3211 3589 in
3283 3517 3524 3589 fundo

369 3649 788 3702 causarum.
829 3633 931 3704 Et
983 3629 1131 3702 1100
1172 3630 1264 3701 (10
1307 3630 1598 3722 primo.
1986 3656 2213 3726 aqufe
2262 3633 2583 3706 videtur
2624 3632 2722 3703 ab
2769 3631 3044 3723 aliqua
3105 3632 3520 3714 distantia,

1988 3774 2034 3825 a
2091 3772 2247 3844 qua
2314 3772 2474 3822 000
2550 3753 2827 3842 posset
2890 3749 3171 3832 videri,
3236 3750 3305 3821 si
3382 3770 3529 3821 vas

1987 3873 2203 3941 esset
2274 3867 2595 3959 plenum
2694 3864 2958 3936 801001
3046 3885 3259 3936 aere.
3344 3865 3526 3937 Alio

801 3969 1231 4026 ARTICULUS
1310 3969 1378 4023 ¹¹·
1992 3985 2223 4057 modo
2287 3987 2509 4077 patet
2554 3983 2768 4061 illud,
2818 3982 2884 4053 si
2943 3981 3321 4073 capiatur
3385 4003 3529 4053 vas

685 4148 779 4212 De
833 4147 1244 4234 refractione
1295 4147 1496 4212 visus·
1988 4102 2344 4175 vitreum
2387 4100 2708 4192 plenum
2747 4118 2979 4190 aqua,
3026 4103 3106 4172 01
3156 4102 3536 4172 teneatur

1993 4218 2210 4292 inter
2275 4217 2540 4288 visum
2609 4218 2690 4287 et
2752 4215 3045 4295 Solem,
3106 4212 3535 4287 manifeste

179 4359 254 4437 ¹1.
459 4342 831 4420 Quantum
889 4341 983 4412 ad
1044 4341 1479 4412 secundum
1545 4340 1649 4412 sit
1721 4339 1878 4430 pri·
1993 4333 2419 4428 apparebit
2499 4331 2795 4403 fractio
2873 4329 3315 4412 radiorum,
3401 4330 3537 4422 qui

77 4424 349 4554 (ςιῗὲἲᾌ,
385 4472 496 4525 ma
540 4457 965 4537 conclusio,
1024 4456 1231 4548 quod
1280 4457 1548 4527 nullus
1608 4455 1876 4526 radius
1994 4451 2354 4523 incidunt
2408 4448 2750 4538 oblique,
2816 4445 3005 4537 quia
3066 4447 3541 4538 quandoque

56 4545 680 4661 3ffssggvis11alis
749 4570 1165 4662 frangitur
1248 4571 1326 4642 in
1390 4570 1648 4641 medio
1714 4571 1877 4642 uni-
1994 4590 2092 4640 ex
2174 4585 2581 4640 concursu
2670 4583 2957 4634 eorum
3050 4561 3142 4632 ad
3222 4562 3537 4634 radium

56 4667 358 4783 ξ”ξνῙζξξξζζ
384 4683 618 4759 sormi.
656 4688 1087 4768 Probatur,
1145 4685 1329 4777 quia
1375 4690 1562 4758 tunc
1608 4707 1877 4777 seque·
1997 4680 2747 4777 perpendicularem
2818 4682 3265 4770 generatur
3328 4678 3543 4768 ignis

56 4789 585 4898 ffif’u'ffieretur
646 4803 846 4895 quod
906 4822 1068 4873 non
1134 4801 1370 4874 fieret
1428 4799 1725 4874 fractio
1785 4802 1880 4873 ad
1996 4821 2042 4872 a
2085 4803 2320 4892 parte
2357 4798 2538 4878 ista,
2579 4816 2624 4867 a
2667 4815 2819 4886 qua
2866 4799 2990 4866 est
3035 4793 3261 4865 visus
3319 4796 3542 4868 vasis
3642 4797 3651 4808 ’

388 4919 750 5006 angulum.
819 4923 1336 5009 Consequens
1407 4922 1532 4990 cst
1589 4921 1881 4989 contra
1995 4915 2267 4989 vitrei.

392 5028 881 5109 definitionem
953 5035 1183 5127 prius
1253 5034 1631 5127 positam,
1693 5055 1879 5106 nam
2085 5030 2361 5104 Tertia
2411 5025 2826 5100 conclusio
2888 5028 3311 5117 est,.quod
3370 5029 3538 5099 nul-
3664 5042 3807 5155 331-

398 5142 646 5223 fractio
707 5157 833 5225 est
922 5150 1387 5223 incurvatio
1468 5150 1700 5222 lineae
1788 5151 1881 5221 ad
1997 5152 2126 5222 lus
2208 5146 2479 5218 radius
2564 5142 3260 5237 perpendicularis
3347 5144 3538 5217 inci·
3628 5166 3864 5219 clasma.

404 5267 753 5352 angulum.
817 5265 1227 5339 Probatur
1275 5265 1880 5356 consequentia,
1999 5269 2189 5340 dens
2274 5263 2368 5334 ad
2469 5258 2979 5352 superficiem
3081 5257 3295 5331 inter
3389 5262 3541 5332 duo

412 5377 554 5461 quia
591 5383 649 5455 81
695 5382 954 5456 medio
998 5380 1388 5451 uniformi
1455 5381 1725 5453 radius
1774 5402 1888 5452 rc·
2005 5382 2264 5456 media
2373 5378 2886 5450 diversarum
2994 5374 3545 5467 diaphaneita-

414 5484 804 5586 frangatur,
877 5497 1015 5569 fiet
1085 5494 1383 5569 fractio
1458 5498 1889 5569 secundum
2007 5506 2177 5575 tum
2240 5494 2746 5572 dividentem,
2821 5489 3235 5578 frangitur
3287 5491 3364 5563 in
3411 5494 3550 5566 illa

416 5601 778 5694 circulum,
837 5611 1026 5704 quia
1070 5631 1228 5703 qua
1289 5612 1610 5685 ratione
1679 5614 1896 5685 sran-
2012 5608 2464 5704 superficie.
2548 5603 2954 5675 Probatur
3004 5600 3296 5691 primo,
3363 5603 3551 5696 quia

538 5744 779 5802 Tom.1V.
3338 5737 3397 5790 ¹9·
