4252 6393
1704 431 2064 509 QUAEs'rlo
2103 431 2290 492 xvul

356 602 423 680 in
454 602 674 678 motu
746 596 918 676 sine
958 595 1258 677 anima,
1301 593 1427 665 vel
1488 613 1646 667 non
1699 594 1883 663 sunt

356 718 510 791 sine
545 715 842 796 anima,
892 713 1006 787 sic
1037 717 1359 804 tempus
1400 714 1549 792 est,
1585 714 1665 784 et
1725 729 1885 781 non

351 840 458 916 cst
519 834 691 914 sine
759 830 1057 906 anima.
1133 831 1230 900 Et
1291 826 1440 899 1100
1500 845 1885 919 expresse

352 955 507 1047 ipse
557 950 752 1028 dicit
811 949 986 1023 Sic:
1057 947 1609 1035 Quandoquidem
1676 949 1886 1035 ἐρίων

353 1077 554 1160 imum
637 1091 817 1144 nunc
884 1068 1228 1146 sentimus,
1300 1068 1452 1135 etc.
1539 1065 1652 1134 Ex
1734 1061 1883 1134 hoc

349 1189 624 1279 aperte
713 1187 934 1276 patet
995 1180 1341 1256 intentio
1414 1199 1593 1258 sua;
1678 1178 1883 1270 quod

350 1303 546 1380 sicut
605 1299 831 1392 prius
897 1300 977 1371 et
1049 1295 1458 1389 posterius
1519 1299 1730 1374 sunt,
1803 1298 1883 1368 et

347 1439 495 1491 non
531 1419 720 1492 sunt
761 1415 841 1488 in
888 1418 1107 1490 motu
1175 1413 1345 1486 sine
1415 1410 1714 1491 anima,
1767 1410 1883 1482 sic

345 1543 655 1627 tempus
695 1537 847 1616 est,
881 1533 958 1604 et
992 1550 1153 1604 non
1185 1534 1307 1602 est
1370 1529 1540 1602 sine
1581 1527 1877 1600 anima.

346 1655 564 1728 Nunc
605 1654 880 1726 autem
921 1646 1417 1722 estintentio
1462 1665 1632 1726 sua,
1677 1645 1881 1735 quod

349 1768 564 1862 prius
603 1772 683 1842 ot
717 1764 1130 1859 posterius
1166 1763 1312 1837 sub
1354 1761 1534 1838 istis
1576 1761 1881 1834 forma-

348 1887 546 1964 libus
589 1882 1070 1964 rationibus,
1109 1881 1358 1957 etiam
1409 1901 1570 1954 non
1603 1879 1766 1953 sint
1802 1878 1880 1950 in

341 1996 1875 2092 motu,nisiutabanimaconcipiuntur:

342 2122 446 2193 ita
486 2120 695 2213 quod
736 2123 1017 2212 partes
1053 2122 1324 2189 motus
1358 2115 1652 2188 habent
1678 2115 1879 2188 istas

344 2237 696 2314 rationes
739 2234 1208 2310 formaliter
1248 2231 1345 2306 ab
1367 2232 1663 2311 anima,
1697 2250 1877 2302 eon-

341 2355 697 2447 cipiendo
779 2357 1097 2446 partem
1176 2350 1721 2443 posteriorem
1799 2352 1878 2420 et

343 2473 722 2563 priorem,
801 2474 883 2545 et
955 2472 1274 2562 partem
1357 2465 1721 2539 futuram
1799 2469 1878 2537 et

343 2583 1051 2677 posteriore1n,ita
1084 2583 1290 2676 quod
1329 2581 1551 2673 prius
1583 2584 1664 2653 et
1701 2600 1879 2671 pos-

343 2703 618 2785 terius,
668 2703 740 2774 id
785 2702 990 2793 quod
1025 2705 1238 2780 sunt,
1279 2703 1463 2772 sunt
1511 2699 1589 2772 in
1654 2704 1874 2772 motu

342 2819 503 2900 sine
572 2819 871 2899 anima,
964 2818 1094 2890 sed
1170 2836 1334 2894 11011
1396 2816 1875 2907 inquantum

339 2940 541 3016 sunt.
571 2938 919 3027 Tempus
944 2937 1220 3010 autem
1256 2931 1627 3024 sequitur
1653 2930 1877 3024 prius

336 3058 409 3127 et
443 3052 851 3146 posterius
896 3050 973 3128 in
1044 3055 1293 3130 motu,
1377 3069 1540 3121 non
1609 3067 1878 3120 secun·

335 3169 512 3249 dum
548 3169 621 3247 id
664 3168 871 3261 quod
928 3171 1139 3247 sunt,
1214 3167 1346 3241 sed
1398 3166 1874 3258 inquantum

337 3291 516 3365 sunt
558 3286 704 3363 suh
749 3285 933 3365 istis
978 3284 1459 3356 rationibus

416 3405 515 3483 Et
555 3401 704 3479 hoc
743 3420 1129 3493 expresse
1185 3400 1381 3474 dicit
1422 3400 1591 3491 ipse
1660 3399 1876 3471 Aris-

336 3519 617 3598 toteles
652 3522 838 3597 ante
881 3518 1246 3591 litteram
1292 3516 1870 3608 supradictam,

3448 433 3568 498 619

2001 589 2477 663 nuationem
2541 591 2830 673 fluxus,
2904 596 2985 665 et
3052 592 3549 684 copulantur

1998 708 2091 780 ad
2140 727 2523 800 praesens,
2562 705 2857 780 habent
2908 707 3007 778 ab
3037 707 3333 789 anima,
3372 728 3547 799 quae

1996 825 2087 894 de
2142 824 2340 916 ipsis
2419 823 2791 916 partibus
2861 829 3128 898 motus
3189 823 3546 918 concipit

1999 941 2201 1015 istas
2307 941 2696 1023 rationes,
2814 944 2896 1014 ut
2998 944 3546 1036 comparando

1996 1057 2201 1131 hanc
2278 1060 2373 1130 ad
2445 1058 2694 1140 illam,
2785 1059 2998 1133 dicat
3050 1059 3295 1133 istam
3367 1081 3545 1131 esse

1998 1177 2391 1271 priorem,
2449 1177 2674 1250 illam
2710 1198 2905 1251 vero
2964 1178 3538 1270 posteriorem.

2083 1296 2306 1377 Quod
2357 1300 2630 1368 autem
2684 1295 2861 1369 istae
2924 1295 3312 1378 rationes,
3369 1315 3544 1386 quae

1997 1416 2182 1484 sunt
2222 1413 2474 1504 priuS,
2510 1418 2590 1487 et
2625 1413 3060 1507 posterius,
3101 1412 3259 1484 sint
3294 1413 3543 1485 inten-

1996 1531 2260 1605 tiones
2330 1531 2621 1603 animae
2682 1530 3029 1602 fundatae
3071 1529 3392 1603 actione
3434 1531 3544 1603 in—

1996 1648 2369 1722 tellectus
2405 1668 2650 1741 super
2682 1647 2901 1739 ipsas
2936 1651 3213 1739 partes
3248 1652 3540 1731 motus,

1996 1767 2221 1857 patet
2256 1784 2399 1856 per
2430 1764 2926 1837 Avicennam
2966 1767 3031 1837 3.
3080 1768 3548 1854 Mecaplaysicoe

1989 1906 2148 1964 suso,
2175 1906 2321 1970 cap.
2370 1885 2477 1954 10.
2517 1882 2647 1953 ubi
2678 1881 3054 1964 ostendit,
3094 1881 3298 1973 quod
3341 1902 3546 1973 quee-

1992 2001 2173 2072 dam
2207 2005 2332 2074 est
2367 2000 2660 2073 relatio
2708 1999 2979 2082 realis,
3026 2004 3105 2072 et
3141 1999 3379 2074 habet
3412 2024 3546 2069 esse

1996 2118 2074 2188 in
2144 2117 2696 2208 singularibus
2776 2117 3207 2189 secundum
3288 2136 3460 2189 rem
3523 2142 3536 2185 :

1993 2237 2354 2327 quaeclam
2386 2257 2582 2307 vero
2617 2237 3051 2307 secundum
3070 2235 3225 2308 dici
3250 2234 3537 2314 solum,

1994 2374 2169 2444 quae
2206 2374 2362 2425 non
2402 2353 2642 2426 habet
2692 2377 2826 2421 esse
2858 2352 3017 2425 nisi
3063 2353 3139 2425 in
3190 2351 3540 2426 intellec-

1991 2475 2102 2544 tu.
2149 2475 2404 2540 Relatio
2451 2474 2814 2540 secundum
2854 2495 3016 2552 rem,
3066 2492 3241 2563 quae
3299 2469 3540 2543 habet
3612 2476 3827 2527 Relatio

1991 2611 2123 2656 esse
2181 2588 2260 2660 in
2305 2588 2859 2677 singularibus
2927 2590 3049 2658 est
3122 2587 3285 2669 illa,
3362 2607 3538 2678 quae

1990 2706 2367 2777 convenit
2400 2704 2542 2786 eis,
2583 2726 2759 2796 quae
2794 2708 2981 2777 sunt
3020 2704 3533 2798 simpliciter,

1989 2825 2068 2893 et
2111 2820 2479 2893 absolute
2541 2823 2632 2894 ad
2677 2820 2976 2912 aliquid
3024 2848 3036 2890 :
3102 2822 3193 2893 (10
3253 2822 3537 2913 quibus

1992 2939 2365 3011 relativis
2397 2939 2588 3012 dicit
2643 2940 2852 3012 idem
2894 2939 3302 3012 Avicenna
3347 2940 3539 3014 cita-

1988 3057 2120 3125 tus
2159 3081 2170 3123 :
2210 3057 2315 3122 Ad
2344 3056 2609 3143 aliquid
2649 3057 2942 3123 absolute
2973 3069 3086 3134 ese,
3125 3063 3311 3144 cujus
3341 3058 3539 3145 quid-

1989 3171 2169 3238 clitus
2215 3170 2468 3237 dicitur
2505 3181 2799 3258 respectu
2847 3172 3147 3252 alteriue,
3203 3184 3261 3237 et
3349 3173 3540 3260 quid-

1989 3290 2152 3375 qm'cl
2190 3290 2311 3353 hoc
2359 3289 2551 3354 modo
2589 3290 2798 3373 suerit
2848 3290 2922 3353 in
2976 3290 3283 3375 siquam,
3319 3300 3392 3356 ul
3448 3311 3538 3356 se·

1989 3406 2275 3472 cundum
2326 3406 2769 3492 qm‘dclitacem
2823 3427 3012 3471 suam
3052 3427 3183 3471 non
3240 3405 3530 3488 dicatur,

1990 3525 2128 3589 nisi
2191 3534 2489 3609 respectu
2540 3523 2840 3603 atterite-5,
2887 3521 3060 3587 illud
3100 3532 3195 3588 est
3248 3522 3338 3591 ad
3402 3524 3537 3589 ali-

3626 2539 3745 2589 real
3750 2539 3813 2589 2¹⁸.

1988 3641 2172 3727 quid.
2221 3636 2411 3710 Haec
2478 3641 2750 3710 autem
2805 3635 3150 3710 intentio
3201 3657 3360 3708 non
3421 3637 3539 3711 in-

1989 3754 2424 3843 telligitur,
2508 3753 2664 3824 nisi
2739 3755 3110 3844 respectu
3188 3752 3535 3826 alterius

1989 3872 2135 3953 rei,
2176 3892 2350 3963 quae
2385 3871 2491 3943 sit
2525 3869 2689 3941 alia
2734 3889 2863 3939 res
2908 3889 2955 3939 a
2999 3889 3107 3949 se,
3162 3872 3252 3941 ut
3286 3869 3533 3942 scien-

1984 3991 2101 4062 tia
2145 3987 2577 4061 secundum
2642 3986 3168 4078 quidditatem
3236 3986 3537 4060 dicitur

1984 4108 2079 4178 ad
2150 4106 2476 4185 scibile;
2550 4107 2627 4176 et
2708 4107 2965 4196 pater,
3056 4103 3533 4195 inquantum

1987 4227 2246 4315 pater,
2283 4222 2584 4296 dicitur
2610 4241 2754 4314 per
2785 4220 3030 4294 talem
3065 4220 3530 4305 essentiam,

1985 4360 2146 4412 non
2212 4361 2353 4432 per
2427 4338 2734 4430 aliquid
2799 4337 3411 4431 superadditum
3462 4339 3536 4411 ei

1983 4458 2077 4528 ad
2117 4456 2378 4528 filium
2414 4482 2426 4525 :
2468 4460 2547 4528 et
2582 4455 2696 4528 sic
2748 4455 2938 4531 talis
2988 4455 3308 4537 relatio,
3360 4476 3536 4547 quae

1981 4574 2369 4647 fundatur
2413 4573 2490 4644 in
2526 4572 2963 4664 quidditate
3007 4573 3152 4656 rei,
3197 4593 3359 4647 11011
3403 4571 3535 4647 ha-

1979 4691 2109 4763 bet
2144 4711 2321 4761 csse
2376 4693 2719 4782 propter
2767 4692 3248 4781 conceptum
3306 4689 3534 4762 intel—

1982 4807 2239 4878 lectus
2284 4806 2359 4877 in
2396 4808 2571 4898 ipsa
2620 4827 2728 4887 re,
2790 4805 2918 4877 sed
2976 4806 3244 4898 potius
3277 4828 3319 4878 e
3351 4826 3531 4879 0011-

1977 4923 2271 5002 trario,
2320 4924 2504 5013 quia
2546 4922 2783 4994 habet
2833 4943 3010 4994 csse
3065 4922 3143 4996 in
3186 4942 3298 5004 re,
3354 4921 3529 4996 ideo

1979 5057 2159 5109 eam
2203 5037 2560 5129 concipit
2612 5037 3098 5111 intellectus.
3155 5039 3531 5112 Relativa
3554 5073 3768 5124 Relatio
3797 5090 3873 5124 m-

1977 5176 2175 5226 vero
2212 5154 2645 5229 secundum
2688 5153 2842 5225 dici
2883 5153 3156 5226 definit
3217 5154 3532 5227 Aristo·
3598 5137 3836 5249 ⁰²11'ssff,¹,3f”⁸

1979 5272 2178 5347 teles
2226 5273 2304 5343 in
2356 5270 3045 5351 Praedicamentis,
3095 5289 3267 5363 cap.
3310 5273 3376 5342 8.
3421 5271 3528 5341 di-

1977 5411 2165 5462 cens
2203 5418 2214 5460 :
2291 5391 2394 5456 Ad
2433 5389 2698 5477 aliquid
2740 5390 2906 5455 talia
2955 5389 3293 5469 dicuntur,
3353 5412 3527 5476 quse-

1976 5533 2249 5598 cumquc
2290 5513 2361 5578 id
2400 5508 2574 5600 quod
2611 5519 2786 5584 sunt,
2843 5509 3131 5573 aliorum
3180 5507 3520 5574 dicuntur.

1978 5629 2077 5699 Et
2106 5626 2263 5699 ista
2290 5630 2476 5698 sunt
2514 5625 2885 5706 relativa,
2926 5643 3273 5715 quorum
3311 5623 3525 5715 quid-

154 3663 240 3710 ιρι(
337 3637 460 3719 ubi
500 3637 615 3717 Sic
663 3636 900 3715 dicit*
946 3665 958 3706 :
1009 3640 1124 3707 Est
1155 3651 1374 3705 amem
1409 3640 1601 3725 prius
1632 3648 1690 3703 el
1730 3659 1874 3724 pos-

154 3726 283 3779 “'⁹⁹·
329 3759 528 3827 terius
576 3758 873 3843 ipsorum
921 3757 991 3821 in
1039 3767 1246 3834 motu,
1289 3756 1441 3824 ete.
1519 3749 1668 3827 1110
1713 3751 1874 3822 alia

332 3872 764 3951 translatio
829 3872 945 3946 Sic
995 3869 1401 3943 habet:1n
1458 3893 1592 3939 esse
1656 3883 1876 3937 aulem

332 3992 629 4076 ipsorum
674 3989 1050 4063 suntaliud
1098 4013 1140 4055 α
1198 3999 1400 4055 motu.
1468 3988 1564 4057 Et
1638 3992 1871 4057 Com-

155 4127 286 4178 1199.
333 4109 738 4185 montatot·
795 4103 988 4181 dicit
1021 4106 1093 4167 *.·
1151 4107 1351 4171 Prius
1404 4116 1463 4169 et
1515 4104 1866 4189 posterius,

329 4246 466 4310 quw
526 4237 680 4292 sunt
744 4226 818 4291 in
879 4236 1079 4302 motu,
1145 4224 1382 4289 habent
1428 4222 1872 4307 quidditalcm

325 4343 529 4419 uliam
582 4366 624 4416 α
699 4342 1078 4428 qicidditace
1154 4352 1386 4420 motus,
1458 4340 1608 4405 licet
1699 4340 1873 4405 idem

322 4459 451 4525 sint
515 4480 664 4535 cum
727 4468 908 4527 motu
981 4459 1056 4523 in
1123 4456 1435 4543 subjecto.
1516 4456 1634 4526 Ex
1694 4456 1869 4526 tota

327 4570 465 4643 illa
518 4573 800 4649 littera
867 4572 1220 4652 elicitur,
1271 4572 1476 4663 quod
1513 4572 1735 4664 prius
1788 4579 1868 4647 et

329 4690 761 4779 posterius,
820 4694 907 4765 ut
977 4692 1165 4761 sunt
1221 4693 1498 4780 partes
1569 4693 1862 4769 motus,

330 4803 397 4874 id
430 4806 632 4896 quod
676 4808 889 4884 sunt,
930 4806 1115 4879 sunt
1155 4802 1360 4879 idem
1392 4824 1574 4876 cum
1613 4807 1863 4883 motu,

329 4920 456 4995 sod
495 4922 967 5015 inquantum
1011 4923 1196 4993 sunt
1229 4922 1437 4992 tales
1476 4920 1863 4997 rationes,

329 5035 700 5112 differunt
767 5059 814 5111 a
849 5043 1100 5114 motu.

417 5155 528 5226 Ex
571 5154 858 5247 quibus
898 5155 1244 5234 videtur,
1307 5154 1510 5245 quod
1587 5156 1865 5245 partes

330 5273 591 5345 motus
688 5272 1121 5345 secundum
1208 5269 1411 5343 istas
1500 5269 1865 5343 rationes

331 5385 732 5468 relativas,
815 5388 1153 5471 scilicet,
1202 5388 1506 5479 prioris
1552 5390 1630 5458 et
1687 5407 1865 5478 pos-

334 5501 678 5585 terioris,
717 5509 801 5577 ut
844 5506 940 5576 ad
1002 5527 1085 5577 se
1148 5506 1492 5579 invicem
1544 5524 1864 5596 compa-

332 5624 630 5703 rantur,
680 5624 1116 5696 secundum
1148 5623 1575 5715 quenulam
1612 5622 1864 5695 001111-
