4252 6393
1717 432 2081 510 QUAESTlo
2133 434 2268 496 XXI

365 611 745 663 mensura
808 597 1134 686 oportet
1197 594 1403 685 quod
1443 592 1733 667 habeat
1780 613 1903 664 ra-

364 707 666 782 tionem
744 729 1046 791 eausae,
1126 710 1373 784 etiam
1459 711 1904 802 singularis

367 831 737 918 respectu
785 827 1278 908 mensurati;
1327 828 1478 902 hoe
1529 828 1741 901 enim
1786 849 1905 900 ae-

363 944 552 1017 eidit
622 943 774 1017 sibi
841 949 922 1018 et
997 949 1123 1019 est
1187 950 1425 1020 extra
1498 947 1902 1019 rationem

365 1082 799 1142 mensuram
839 1063 1210 1154 quamvis
1257 1063 1466 1135 istud
1499 1063 1605 1136 sit
1648 1063 1738 1135 de
1783 1084 1903 1134 ra-

364 1180 582 1254 tione
658 1201 1084 1264 mensurae,
1135 1181 1443 1274 primae,
1528 1183 1715 1273 quia
1782 1185 1906 1254 est

364 1297 853 1389 simpliciter
934 1319 1349 1380 mensura,
1444 1297 1705 1390 qualis
1782 1301 1903 1370 est

361 1417 604 1505 Deus)
646 1418 777 1489 sed
828 1422 952 1489 est
1007 1436 1252 1489 eausa
1315 1416 1763 1488 mensurati
1828 1416 1906 1487 in

364 1551 659 1621 genere
717 1550 982 1604 causeo
1042 1532 1471 1606 formalis:
1540 1533 1727 1624 quia
1783 1552 1907 1604 ae-

367 1650 730 1731 tualitas,
803 1654 883 1722 et
957 1650 1229 1724 unitas
1299 1655 1615 1723 naturae
1688 1650 1907 1723 illius

367 1767 714 1857 generis,
765 1767 845 1838 in
908 1788 1064 1858 quo
1127 1772 1311 1841 sunt
1376 1787 1782 1849 mensura,
1829 1772 1907 1840 et

366 1888 954 1965 mensuratum,
1022 1882 1489 1975 perfeetiuS,
1525 1889 1605 1958 et
1638 1888 1909 1956 aetua-

362 1999 512 2071 lius
594 2001 965 2072 salvatur
1032 2000 1111 2072 in
1182 2020 1593 2081 mensura,
1669 2021 1910 2092 quam

367 2115 441 2187 in
523 2119 1026 2189 mensurato.
1104 2116 1286 2188 Ideo
1357 2116 1546 2207 quia
1614 2121 1913 2189 natura

367 2232 595 2313 lueis,
674 2253 849 2323 quae
917 2236 1042 2307 est
1098 2232 1632 2306 constitutiva
1693 2233 1911 2306 eolo-

372 2369 572 2431 rum,
643 2349 905 2441 magis
966 2349 1337 2424 salvatur
1400 2349 1479 2420 in
1520 2350 1907 2432 albedine,

366 2487 604 2560 quam
648 2466 728 2538 in
790 2466 973 2539 aliis
1035 2466 1475 2549 coloribus,
1551 2466 1722 2539 ideo
1786 2474 1910 2543 est

366 2604 750 2656 mensura
795 2584 1157 2656 omnium
1192 2585 1590 2657 colorum.
1640 2586 1909 2658 Etiam

364 2703 575 2774 Deus
666 2701 904 2775 habet
987 2701 1387 2773 rationem
1477 2722 1904 2784 mensur-cr,

370 2822 737 2910 respectu
812 2817 1175 2890 omnium
1236 2817 1545 2890 entium
1616 2820 1905 2909 magiS,

367 2934 550 3026 quia
627 2939 756 3009 est
825 2937 1094 3008 forma
1176 2935 1670 3028 exemplaris
1742 2957 1910 3008 orn-

366 3052 616 3135 nium,
691 3073 932 3144 quam
1002 3051 1190 3144 quia
1258 3057 1383 3126 est
1451 3074 1699 3125 eausa
1747 3053 1910 3127 effi-

364 3168 607 3242 ciens.
651 3170 830 3243 Ideo
868 3174 1139 3243 motus
1174 3170 1502 3246 oueliost
1528 3191 1910 3244 mensura

364 3286 742 3367 aliorum,
792 3287 981 3378 quia
1032 3287 1247 3360 ratio
1295 3293 1564 3361 motus
1611 3287 1910 3380 perfee-

364 3404 525 3477 tius
570 3405 939 3478 salvatur
983 3405 1061 3477 in
1097 3409 1319 3478 motu
1365 3404 1629 3487 loeali,
1668 3425 1910 3496 quam

366 3522 445 3593 in
477 3520 689 3602 aliis,
761 3526 840 3595 et
877 3511 1146 3593 in'illo
1204 3522 1491 3611 magis,
1535 3542 1775 3613 (mam
1830 3521 1910 3593 in

365 3637 526 3710 alio
564 3642 785 3710 motu
833 3637 1098 3710 locali.
1156 3640 1414 3722 Deficit.

736 3968 1201 4050 QUAESTIO
1303 3969 1522 4040 XXI.

485 4200 717 4266 Utrum
752 4202 840 4265 sie
879 4200 1046 4266 dare
1088 4211 1339 4285 tempus
1386 4198 1798 4267 discretum?

356 4424 585 4494 August.
622 4423 719 4477 lib.
750 4422 806 4477 8.
840 4422 903 4474 in
941 4421 1128 4476 Genes.
1162 4423 1236 4476 acl
1266 4424 1352 4477 tit.
1392 4437 1519 4491 cap.
1544 4425 1634 4479 20.
1668 4423 1822 4481 Alen.
1858 4427 1911 4481 2.

424 4501 572 4564 pare.
595 4499 781 4562 quaesl.
813 4492 1076 4549 35.mem.
1104 4492 1156 4547 3.
1183 4495 1237 4548 S.
1255 4493 1441 4550 Thom.
1468 4495 1516 4550 1.
1535 4511 1586 4563 p.
1612 4503 1792 4563 quaest.
1826 4496 1912 4554 10.

431 4571 543 4622 art.
574 4569 627 4622 5.
670 4567 744 4618 ad
769 4568 1046 4632 primum.
1078 4569 1125 4618 el
1156 4582 1210 4633 q.
1246 4567 1334 4622 56.
1377 4572 1487 4622 art.
1532 4568 1583 4622 3.
1611 4569 1669 4623 S.
1706 4567 1910 4625 Bonav.

430 4641 492 4692 in
524 4638 574 4693 1.
605 4639 735 4693 dist.
768 4637 860 4691 37.
890 4640 1040 4701 part.
1065 4639 1117 4691 2.
1142 4642 1328 4705 quaest.
1354 4636 1405 4693 3.
1441 4635 1695 4694 Richard.
1719 4645 1831 4695 art.
1854 4641 1910 4695 3.

427 4714 614 4776 quaest.
648 4709 701 4766 3.
753 4705 929 4779 AEgid.
963 4709 1146 4762 eadem
1188 4710 1318 4764 dist.
1351 4708 1404 4764 2.
1450 4716 1607 4776 part.
1640 4716 1829 4777 quoest.
1863 4714 1913 4768 3.

428 4778 638 4837 Heni-ie.
711 4780 903 4847 Quom.
964 4779 1017 4834 5.
1051 4786 1238 4847 quaest.
1304 4779 1386 4836 18.
1440 4787 1486 4833 ee
1546 4782 1749 4848 Quodl.
1824 4784 1909 4839 12.

1660 4856 1710 4909 4.
1746 4854 1909 4909 Gabr.

427 4929 614 4992 quaet.
639 4923 691 4979 3.
713 4928 825 4977 art.
849 4923 902 4977 3.
928 4921 1173 4992 Capi-eol.
1193 4925 1324 4979 dist.
1348 4921 1400 4978 6.
1425 4932 1611 4992 qua-st.
1646 4928 1691 4979 1.
1719 4932 1831 4980 art.
1857 4926 1908 4981 1.

425 4998 603 5050 concl.
628 4996 679 5050 4.
708 4994 913 5049 Fer-rar.
941 4993 1201 5048 &contra
1222 5001 1422 5058 qenins.
1447 5011 1492 5051 c.
1524 4998 1644 5051 102.
1674 4997 1914 5068 Vasquez

430 5066 478 5123 1.
505 5084 562 5135 p.
596 5069 726 5120 dist.
763 5057 882 5121 197.
909 5066 1066 5121 Suar.
1100 5069 1164 5120 in
1194 5067 1435 5135 Metuph.
1467 5069 1612 5137 disp.
1658 5068 1747 5123 50.
1780 5077 1907 5124 sect.

424 5142 478 5193 7.
506 5155 563 5193 n.
599 5137 650 5192 8.
676 5135 945 5192 Conimbr.
974 5139 1035 5189 in
1060 5136 1110 5192 4.
1134 5139 1348 5205 Physic.
1374 5156 1419 5194 c,
1452 5139 1533 5194 14.
1556 5155 1607 5206 q.
1634 5139 1686 5195 3.
1717 5145 1829 5195 art.
1853 5143 1907 5195 2.

429 5208 557 5265 Vide
596 5210 742 5264 Doct.
778 5211 840 5262 in
869 5212 924 5264 2.
956 5209 1085 5264 dist.
1128 5212 1179 5263 2.
1214 5216 1401 5278 qua’st.
1428 5213 1479 5266 4.
1514 5216 1559 5264 et
1602 5210 1686 5266 11.

426 4859 611 4921 quaese.
643 4853 700 4906 8.
738 4854 907 4906 Varro
936 4853 998 4903 in
1028 4854 1082 4907 2.
1141 4852 1270 4906 dist.
1303 4855 1353 4906 2.
1410 4858 1595 4919 quaest.

448 5389 972 5483 Respondeo:
1022 5392 1221 5463 Cum
1299 5389 1742 5465 discretum
1811 5413 1907 5463 ex

361 5507 804 5581 unitatibus
841 5504 1456 5611 indivisibilibus
1479 5527 1909 5599 compona-

359 5627 517 5704 tur,
577 5619 805 5714 prius
857 5622 978 5691 est
1030 5619 1161 5692 hio
1200 5620 1646 5706 videndum,
1704 5625 1909 5714 quod

3479 428 3599 494 667

2018 591 2500 665 indivisibile
2544 612 2701 664 non
2736 593 3005 684 potest
3045 608 3561 682 componere,

2016 730 2162 781 nee
2223 729 2415 802 pars
2461 711 2727 802 potest
2769 730 2946 782 esse
2987 706 3332 800 alicujus
3382 726 3565 779 eon-

2017 825 2250 901 tinui.
2283 826 2700 900 Posterius
2735 825 3155 899 videndum
3187 824 3336 904 est,
3377 842 3566 915 quo-

2019 945 2251 1016 modo
2287 948 2604 1036 tempus
2641 966 2726 1016 se
2758 942 2996 1016 habet
3030 941 3125 1014 ad
3160 940 3563 1014 rationem

2017 1060 2406 1144 continui,
2453 1066 2532 1134 et
2581 1060 2939 1134 disereti.

2531 1391 2959 1449 ARTICULUS
3037 1392 3075 1445 1.

2021 1574 2442 1640 Indivisibile
2500 1595 2633 1638 non
2674 1594 2864 1661 posse
2911 1591 3299 1657 componere
3356 1571 3562 1636 comi-

2242 1711 2470 1768 n-unm‚
2517 1711 2635 1756 nec
2662 1710 2823 1775 pars
2853 1710 2984 1754 esse
3014 1688 3340 1754 continui.

2114 1883 2355 1960 Circa
2457 1883 2809 1976 primum
2903 1884 3025 1954 est
3123 1880 3560 1961 sciendum,
3663 1912 3845 1964 Gonu.

3616 1990 3766 2026 luum
3800 1989 3910 2025 non

2026 2001 2234 2093 quod
2258 2000 2469 2074 sieut
2506 2001 2902 2092 probatur
2931 2000 2995 2070 6.
3025 2000 3293 2086 Plzysic.
3322 2022 3466 2087 cap.
3497 2000 3561 2070 1.
3596 1992 3883 2101 ’compoff

2026 2133 2183 2187 leaec.
2221 2142 2452 2187 comm.
2484 2122 2545 2190 1.
2583 2131 2641 2185 ee
2671 2120 2999 2205 deincep&
3066 2112 3565 2207 impossibile
3602 2104 3913 2213 ἕξζιξξῖἰῖξζ·

2023 2240 2149 2310 est
2181 2235 2654 2309 continuum
2688 2232 3066 2326 componi
3090 2254 3188 2306 ex
3215 2230 3566 2305 indivisi·
3686 2225 3798 2276 Μ’·

2024 2353 2342 2435 bilibus,
2416 2356 2504 2426 ut
2545 2356 2863 2444 tempus
2901 2373 2999 2424 ex
3042 2348 3564 2431 instantibus,

2025 2474 2164 2544 aut
2219 2470 2516 2542 lineam
2556 2491 2655 2542 ex
2700 2469 3021 2562 punctis
3066 2497 3080 2540 :
3139 2468 3343 2561 quod
3403 2467 3566 2561 qui-

2023 2588 2200 2659 dem
2231 2586 2530 2679 duplici
2563 2586 2697 2658 via
2732 2585 3039 2659 ostendi
3068 2588 3360 2678 potest.
3394 2584 3571 2657 Pri-

2026 2724 2158 2775 mo
2188 2704 2697 2784 ostendendo,
2727 2704 2931 2795 quod
2956 2701 3268 2774 nullum
3292 2699 3569 2774 indivi-

2025 2820 2282 2903 sibile,
2331 2825 2612 2914 utpote
2656 2821 2995 2902 instans,
3029 2819 3160 2891 vel
3194 2822 3563 2911 punctus,

2024 2939 2325 3030 aliquid
2379 2939 2598 3011 reale
2643 2938 2855 3012 addit
2897 2939 2990 3010 ad
3027 2937 3124 3020 id,
3171 2936 3402 3030 eujus
3445 2939 3570 3010 est

2027 3056 2454 3129 terminus.
2511 3055 2728 3127 Unde
2798 3059 3116 3146 tempus
3177 3073 3361 3127 eum
3424 3073 3567 3124 suo
3603 3066 3914 3118 maevium-

2026 3171 2365 3246 instanti
2418 3170 2927 3264 praecedenti,
2974 3175 3053 3245 et
3104 3171 3568 3244 anteceden-
3600 3131 3889 3267 ιῗιᾷιῖἀίῖἕῗ

2025 3290 2121 3372 ti,
2214 3309 2374 3360 non
2453 3295 2576 3363 est
2664 3288 3004 3380 majoris
3081 3287 3562 3368 durationis,
3598 3254 3910 3322 ‘'wrm‘’

2025 3427 2268 3498 quam
2312 3407 2577 3499 ipsum
2614 3410 2958 3498 tempus,
3008 3404 3074 3476 si
3121 3404 3383 3476 solum
3427 3425 3571 3497 per

2024 3545 2107 3595 se
2145 3524 2644 3614 imaginetur
2687 3523 2988 3614 absque
3042 3520 3204 3594 illis
3268 3522 3572 3597 instan-

2023 3641 2240 3716 tibus
2299 3668 2312 3711 :
2362 3646 2441 3715 et
2485 3640 2655 3712 ideo
2704 3660 2945 3712 unuln
2993 3644 3311 3732 tempus
3373 3638 3573 3711 addi-

2024 3762 2198 3831 tum
2260 3757 2504 3830 alteri
2566 3757 2946 3850 tempori,
3010 3760 3099 3831 ut
3156 3755 3322 3829 dies
3380 3755 3568 3838 diei,

2025 3873 2251 3946 nullo
2332 3874 2566 3946 modo
2638 3873 2817 3964 plus
2887 3870 3084 3947 facit
3147 3891 3329 3946 cum
3401 3871 3569 3944 suis

2029 3991 2521 4065 instantibus
2577 3991 2697 4063 illi
2747 3989 3136 4073 additum,
3214 4009 3456 4082 quam
3502 3989 3569 4062 si

2026 4106 2629 4198 imaginaretur
2660 4106 2831 4179 addi
2868 4107 3166 4198 absque
3200 4107 3370 4180 suis
3415 4107 3568 4180 ins-

2024 4225 2414 4299 tantibus.
2455 4228 2624 4298 IIoe
2657 4226 2977 4300 videtur
3013 4245 3248 4317 posse
3291 4223 3572 4317 proba·

2028 4342 2128 4423 ri,
2174 4341 2363 4433 quia
2418 4341 2484 4413 si
2537 4344 2922 4433 punctum
2963 4340 3155 4415 dieit
3213 4361 3386 4414 rem
3428 4339 3569 4412 ali-

2027 4480 2268 4549 quam
2304 4458 2717 4532 situaliter
2756 4462 2994 4531 extra
3028 4456 3571 4533 substantiam

2025 4575 2283 4657 lineae,
2368 4576 2576 4648 sieut
2622 4575 2686 4647 si
2746 4575 3239 4666 imaginetur
3287 4575 3569 4647 olavus

2024 4693 2233 4764 fixus
2287 4692 2364 4764 in
2411 4692 2675 4784 eapite
2710 4693 2966 4782 virgae
3012 4720 3024 4762 :
3073 4711 3270 4784 ergo
3333 4713 3569 4785 pune-

2026 4813 2201 4882 tum
2242 4812 2366 4882 est
2401 4808 2714 4880 unitum
2754 4809 3156 4899 partibuS,
3211 4809 3326 4883 sio
3362 4809 3567 4902 quod

2026 4929 2304 5014 partes
2340 4926 2523 4996 sunt
2562 4945 2803 4996 unum
2837 4929 3294 4999 extremum
3327 4925 3568 5017 hujus

2025 5039 2382 5122 unioniS‚
2455 5046 2534 5115 et
2612 5046 2955 5132 punctus
3025 5041 3237 5114 aliud
3306 5048 3569 5115 extre·

2028 5177 2247 5229 mum
2283 5185 2296 5227 ε
2334 5179 2533 5249 ergo
2597 5159 2811 5230 inter
2854 5158 3072 5250 ipsos
3115 5159 3327 5232 eadit
3377 5159 3566 5231 unio

2028 5277 2311 5360 media,
2398 5277 2528 5349 sed
2593 5277 2731 5349 illa
2774 5274 2963 5349 unio
3027 5276 3205 5368 plus
3267 5275 3569 5370 accipit

2026 5396 2465 5478 situaliter,
2531 5416 2772 5486 quam
2834 5416 3078 5467 unum
3127 5397 3564 5488 punctum:

2022 5534 2222 5604 ergo
2323 5513 2537 5587 inter
2626 5517 3012 5606 punctum
3099 5514 3177 5584 et
3263 5518 3565 5606 partes,

2026 5627 2231 5702 linea
2267 5633 2391 5703 est
2424 5628 2633 5702 alius
2673 5633 3016 5724 punctus
3053 5655 3064 5699 :
3103 5631 3182 5704 et
3215 5627 3356 5704 illa
3381 5628 3571 5706 unio
