4252 6393
423 2191 734 2317 Ressshde-

440 2326 533 2365 eur·
554 2318 627 2365 ad
657 2317 702 2367 1.

460 2379 699 2430 dubium.

778 391 896 456 322

763 553 973 627 sicut
1014 571 1164 643 ego
1200 572 1347 645 per
1380 572 1626 625 unum
1662 554 1935 624 actum
1956 549 2303 632 volendi,

762 687 1094 759 possum
1190 667 1422 749 velle,
1525 665 1729 757 quod
1818 663 1970 737 hoc
2042 665 2304 753 magis

758 784 924 864 fiat,
1011 803 1251 876 quam
1349 783 1566 864 illud,
1654 782 1782 853 vel
1867 783 2302 872 antequam

761 900 977 982 illud,
1023 902 1101 972 et
1164 899 1424 991 magis
1472 899 1675 992 quod
1718 897 1889 970 haec
1961 918 2090 969 res
2161 896 2302 968 fiat

761 1038 1001 1111 quam
1064 1019 1267 1109 quod
1309 1038 1468 1088 non
1510 1016 1676 1095 fiat,
1719 1014 1846 1086 vel
1888 1036 1929 1085 e
1980 1017 2301 1086 contra-

758 1136 927 1214 rio;
1018 1133 1373 1206 divinum
1442 1132 1587 1206 Dei
1662 1128 1870 1201 velle
1939 1129 2300 1201 continet

757 1250 1030 1323 omnia
1072 1250 1211 1321 illa
1258 1248 1517 1338 magis
1574 1247 1806 1327 velle,
1851 1245 1977 1317 vel
2032 1244 2300 1317 minus

750 1368 981 1450 velle,
1027 1366 1152 1437 vel
1213 1365 1427 1436 nolle
1472 1365 1654 1457 plus
1716 1362 1921 1454 quod
1961 1361 2112 1435 hoc
2193 1362 2298 1433 sit

752 1505 995 1577 quam
1058 1487 1144 1557 ut
1188 1483 1319 1564 sit,
1363 1481 1490 1554 vel
1534 1503 1574 1552 e
1615 1479 2066 1553 contrario.

842 1605 962 1674 Ex
1006 1622 1161 1693 quo
1209 1603 1431 1693 patet
1465 1598 1765 1670 solutio
1802 1596 2021 1668 illius
2051 1595 2294 1676 dubii,

750 1738 1003 1813 quare
1045 1719 1143 1790 ab
1176 1717 1413 1791 unico
1438 1716 1585 1790 Dei
1610 1715 1815 1787 velle
1842 1712 2299 1786 indifferen-

751 1839 882 1908 ter
922 1856 1005 1906 se
1047 1834 1389 1908 habente
1432 1834 1526 1906 ad
1559 1853 1737 1905 esse
1779 1837 1859 1905 et
1918 1851 2078 1901 non
2120 1851 2298 1901 csse

752 1970 990 2031 nunc,
1079 1950 1286 2043 quod
1356 1970 1488 2021 res
1554 1947 1815 2037 magis
1878 1948 1981 2019 sit
2056 1965 2297 2037 quam

758 2067 967 2159 quod
997 2086 1157 2137 non
1200 2066 1330 2149 sit,
1366 2066 1496 2138 vel
1536 2086 1577 2136 c
1610 2063 2062 2137 contrario.

846 2184 959 2255 Ad
992 2183 1341 2277 primam
1387 2187 1661 2256 autem
1712 2177 2299 2252 dubitationem

758 2300 888 2371 hic
934 2302 1266 2381 motam,
1330 2298 1531 2378 dico,
1596 2297 1802 2388 quod
1862 2296 2106 2369 aliter
2146 2293 2299 2367 fer-

758 2420 899 2489 tur
958 2417 1303 2490 intuitus
1343 2416 1658 2488 divinus
1711 2435 1954 2507 super
2023 2417 2300 2486 actua-

753 2533 1073 2607 litatem
1105 2531 1562 2605 existentiae
1592 2531 2064 2604 futurorum
2099 2550 2298 2621 pree-

754 2650 1256 2731 sentialiter;
1305 2648 1549 2721 aliter
1580 2647 1805 2719 visus
1842 2666 2086 2738 super
2118 2667 2296 2717 cur-

752 2787 928 2838 sum
947 2768 1134 2839 dum
1166 2765 1392 2838 video
1415 2768 1493 2837 te
1515 2766 1698 2838 actu
1725 2782 2087 2843 currere,
2137 2781 2295 2834 non

746 2882 961 2954 enim
994 2883 1181 2975 quia
1219 2882 1447 2954 video
1492 2880 2057 2953 actualitatem
2117 2900 2298 2951 cur-

750 3019 886 3069 sus
957 2997 1101 3080 tui,
1167 2997 1340 3070 ideo
1409 3018 1702 3069 cursus
1772 2998 1894 3068 cst
1963 2999 2149 3068 actu
2215 2996 2295 3067 in

751 3114 1091 3208 proprio
1115 3131 1435 3206 genere.
1462 3113 1690 3185 Visio
1725 3116 1997 3187 autem
2023 3116 2293 3185 actua·

749 3229 1038 3313 litatis,
1078 3250 1319 3322 quam
1360 3230 1600 3303 habet
1636 3251 1766 3301 res
1810 3229 1890 3301 in
1952 3228 2290 3321 proprio

752 3369 1071 3441 genere,
1144 3368 1307 3420 non
1376 3345 1725 3439 requirit
1802 3346 2294 3438 simpliciter

747 3488 847 3540 ex
908 3466 1226 3539 ratione
1267 3465 1632 3546 visioniS,
1677 3465 1883 3555 quod
1945 3464 2087 3536 illa
2163 3485 2290 3535 res

752 3583 1245 3657 actueturin
1301 3581 1639 3673 proprio
1701 3601 2020 3670 genere,
2101 3601 2288 3651 nam

748 3703 963 3775 Deus
997 3698 1212 3772 videt
1253 3719 1463 3772 nunc
1508 3696 2039 3770 actualitates
2089 3717 2287 3788 quas

741 3816 1144 3890 habebunt
1180 3836 1337 3895 res,
1367 3813 1678 3905 quando
1713 3815 1953 3884 erunt
1990 3811 2068 3883 in
2102 3817 2284 3886 actu

739 3948 819 4020 in
885 3944 1227 4038 proprio
1273 3963 1593 4035 genere.
1642 3943 1741 4014 Et
1782 3943 2056 4013 tamen
2126 3942 2285 4015 illae

735 4068 1266 4142 actualitates
1300 4087 1462 4138 non
1507 4066 1695 4137 sunt
1727 4085 1937 4137 nunc
1984 4065 2061 4137 in
2100 4087 2287 4158 pro-

742 4195 925 4289 prio
997 4214 1319 4286 genere,
1432 4193 1562 4265 sed
1626 4193 1835 4284 quod
1901 4198 2288 4267 creatura

743 4323 1019 4414 aliqua
1077 4340 1242 4392 non
1302 4318 1564 4412 possit
1625 4319 1929 4392 intueri
1974 4318 2054 4391 in
2105 4341 2287 4412 pro-

746 4447 927 4542 prio
1000 4466 1320 4537 genere,
1384 4445 1543 4519 nisi
1600 4445 1903 4520 existat
1960 4446 2039 4518 in
2108 4468 2289 4539 pro-

746 4573 926 4668 prio
978 4590 1298 4664 genere,
1380 4571 1533 4645 hoc
1582 4574 1730 4652 est,
1804 4572 1992 4664 quia
2060 4572 2286 4645 illam

739 4697 1292 4790 cognitionem
1331 4695 1629 4788 accipit
1658 4717 1703 4768 a
1740 4717 1850 4779 re,
1890 4698 2096 4787 quod
2129 4719 2288 4770 non

736 4823 939 4897 facit
979 4824 1220 4896 Deus.

825 4948 1210 5028 Secundo,
1278 4967 1463 5018 cum
1535 4965 1665 5017 res
1737 4967 1894 5017 non
1970 4948 2285 5038 possint

735 5075 978 5149 simul
1033 5092 1212 5144 esse
1283 5076 1363 5144 et
1404 5090 1565 5142 non
1597 5092 1774 5142 esse
1818 5071 1897 5143 in
1944 5074 2281 5165 proprio

733 5222 1053 5295 genere,
1100 5218 1259 5269 non
1338 5198 1612 5288 potest
1671 5196 1847 5268 fieri
1908 5199 2112 5288 quod
2173 5200 2281 5271 vi-

733 5323 962 5395 deam
1025 5323 1104 5392 te
1164 5333 1530 5394 currere,
1594 5318 1675 5386 et
1732 5314 1936 5404 quod
1988 5337 2280 5388 cursus

1939 389 2042 452 DE
2085 386 2355 454 RERUM
2396 386 2787 452 PRINCIPIO

2424 568 2629 632 sum,
2687 569 2921 640 quem
2974 552 3058 622 tu
3113 550 3344 622 modo
3403 548 3649 631 vides,
3712 554 3791 623 et
3845 553 3944 624 ta-

2422 686 2602 738 men
2643 687 2937 739 cursus
2978 686 3140 738 non
3183 669 3363 739 erat
3414 671 3601 739 actu
3652 666 3732 737 in
3784 687 3945 758 pro-

2417 782 2601 874 prio
2665 802 2987 874 genere,
3045 788 3389 875 propter
3440 783 3741 856 dictam
3784 802 3947 854 cau-

2417 922 2616 973 sam.

2508 1020 2738 1098 Item,
2801 1038 2982 1090 cum
3034 1019 3262 1091 video
3324 1022 3402 1092 te
3462 1023 3944 1099 currentem,

2411 1130 2639 1203 video
2723 1134 3361 1224 praesentialiter
3443 1134 3707 1228 ipsum
3786 1154 3949 1205 cur·

2415 1268 2592 1317 sum
2639 1249 2718 1319 in
2772 1250 3090 1321 ratione
3142 1251 3477 1341 cogniti,
3555 1253 3636 1323 et
3696 1249 3776 1321 in
3836 1269 3947 1319 ra·

2413 1362 2632 1435 tione
2702 1367 3413 1457 praesentialitatis
3476 1367 3555 1438 in
3619 1366 3946 1458 proprio

2413 1494 2707 1565 genere
2739 1481 3196 1564 existentis,
3262 1488 3341 1556 et
3375 1483 3491 1555 sic
3524 1487 3648 1556 est
3691 1482 3798 1554 ibi
3828 1484 3946 1555 (lu-

2412 1593 2595 1687 plex
2621 1599 3285 1686 praesentialitas.
3313 1602 3523 1672 Dum
3550 1602 3820 1671 autem
3852 1598 3947 1669 di-

2412 1707 2654 1791 citur,
2713 1712 2917 1801 quod
2966 1714 3182 1784 Deus
3238 1713 3452 1786 videt
3488 1713 3951 1805 praesentia-

2410 1826 2605 1900 liter
2635 1826 2939 1910 futura,
2987 1834 3112 1903 est
3156 1831 3262 1902 ibi
3307 1831 3567 1903 solum
3613 1851 3950 1923 praesen-

2414 1943 2727 2017 tialitas
2810 1945 2891 2016 in
2983 1947 3301 2021 ratione
3380 1948 3718 2039 cogniti,
3803 1967 3951 2019 non

2415 2062 3050 2151 praesentialitas
3116 2063 3233 2135 rei
3295 2065 3374 2136 in
3436 2065 3775 2158 proprio
3837 2084 3952 2155 ge-

2412 2196 2630 2260 nere,
2705 2178 2894 2269 quia
2967 2200 3128 2250 non
3185 2186 3452 2273 potest
3503 2181 3708 2264 fieri,
3759 2179 3953 2276 quod

2410 2295 2722 2367 videam
2773 2295 2844 2366 id
2885 2316 3255 2379 currere,
3302 2303 3382 2370 et
3433 2319 3590 2370 non
3634 2321 3948 2382 curras,

2415 2414 2548 2484 sed
2637 2413 2824 2504 quia
2903 2413 3110 2485 idem
3174 2419 3445 2507 potest
3516 2438 3692 2488 csse
3763 2439 3952 2510 prae-

2414 2529 2880 2603 sentialiter
2952 2530 3028 2601 in
3105 2531 3424 2604 ratione
3486 2534 3823 2622 cogniti,
3880 2540 3954 2606 et

2412 2666 2569 2717 non
2615 2666 2795 2717 esse
2839 2647 3475 2738 praesentialiter
3520 2649 3597 2720 in
3644 2650 3955 2724 ratione

2410 2762 2621 2835 entis
2668 2768 2854 2836 actu
2900 2763 2980 2835 in
3025 2765 3365 2857 proprio
3410 2786 3748 2855 genere;
3789 2766 3953 2838 ideo

2411 2884 2682 2971 potest
2750 2881 2927 2953 fieri
2986 2884 3192 2972 quod
3237 2903 3394 2963 res,
3452 2904 3692 2974 quam
3746 2887 3954 2957 Deus

2411 3017 2572 3068 non
2641 2999 3284 3090 praesentialiter
3332 3000 3573 3083 videt,
3631 3022 3794 3073 non
3855 3000 3956 3072 sit

2410 3132 2620 3185 nunc
2692 3113 2771 3185 in
2843 3114 3184 3209 proprio
3256 3135 3579 3206 genere,
3643 3138 3795 3190 nec
3864 3138 3954 3188 ex

2409 3232 2601 3302 tunc
2661 3231 2984 3304 eveniat
3027 3236 3239 3305 actu.
3295 3234 3514 3306 Unde
3575 3235 3691 3307 sic
3743 3238 3956 3309 Deus

2406 3346 2621 3421 videt
2662 3369 2871 3421 nunc
2923 3350 3563 3441 praesentialiter
3617 3373 3796 3424 rem
3846 3351 3956 3423 fu-

2407 3468 2680 3536 turam
2760 3466 2840 3538 in
2916 3487 3062 3538 sua
3143 3468 3657 3550 actualitate,
3747 3470 3959 3542 sicut

2403 3581 2619 3654 videt
2653 3604 2861 3655 nunc
2912 3604 3082 3655 rem
3129 3586 3639 3676 praeteritam
3686 3587 3767 3659 in
3813 3607 3956 3658 sua

2407 3699 2917 3781 actualitate,
3009 3721 3153 3772 nec
3225 3705 3497 3775 tamen
3597 3707 3953 3796 oportet,

2404 3816 2609 3906 quod
2654 3837 2784 3887 res
2836 3816 3288 3909 praeterita,
3334 3839 3479 3890 nec
3523 3841 3762 3902 nunc,
3811 3840 3956 3892 nec

2402 3930 2607 4002 alias
2645 3937 2829 4004 actu
2876 3932 2984 4006 sit
3017 3933 3098 4005 in
3133 3934 3478 4026 proprio
3514 3955 3843 4025 genere.

2491 4049 2606 4119 Ad
2675 4049 3101 4122 secundam
3168 4051 3758 4126 dubitationem
3823 4073 3953 4146 pa-

2402 4279 2482 4351 in
2522 4283 2690 4353 Deo
2740 4281 2820 4353 in
2870 4303 3018 4355 sua
3072 4283 3626 4375 simplicitate,
3694 4284 3954 4359 conti-

2402 4398 2537 4468 net
2581 4416 2857 4468 omnes
2900 4403 3133 4471 actus
3172 4398 3516 4482 volendi,
3565 4399 3739 4473 sive
3782 4400 3957 4472 abs-

2401 4511 2777 4593 tractive,
2826 4513 2994 4586 sive
3029 4516 3430 4606 negative,
3470 4517 3641 4589 sive
3674 4538 3958 4590 secun-

2399 4627 2582 4699 dum
2631 4629 2889 4720 magis
2973 4631 3100 4703 vel
3145 4631 3411 4703 minus
3464 4633 3699 4714 velle,
3753 4654 3959 4725 quos

2402 4747 2672 4833 potest
2703 4744 3086 4819 voluntas
3129 4750 3412 4821 creata
3447 4769 3593 4841 per
3635 4770 3958 4822 succes·

2403 4857 2710 4927 sionem
2766 4863 3233 4953 temporum
3284 4864 3613 4954 eligere,
3681 4866 3806 4939 sic
3861 4864 3961 4936 si-

2401 4973 2563 5044 mul
2633 4996 2816 5046 cum
2889 4976 2966 5048 in
3028 4980 3714 5054 determinatione
3790 5002 3959 5053 suae

2397 5089 2978 5166 immensitatis
3047 5097 3409 5170 continet
3482 5117 3765 5170 omnes
3836 5098 3958 5169 de-

2396 5206 3022 5282 terminationes
3100 5212 3445 5294 nolendi,
3522 5235 3697 5305 quae
3773 5235 3956 5307 pos-

2395 5324 2582 5395 sunt
2658 5327 2989 5398 causari
3068 5328 3321 5403 etiam
3402 5350 3544 5422 per
3620 5335 3952 5425 tempus

736 5459 896 5511 non
939 5434 1045 5506 sit
1088 5435 1272 5504 actu
1311 5454 1325 5498 ε
1374 5429 1505 5501 sed
1551 5434 1821 5521 potest
1852 5431 2030 5504 fieri
2074 5435 2280 5523 quod
2392 5435 2798 5512 infinitum
2841 5441 2920 5512 in
2963 5444 3279 5517 actibus
3321 5451 3629 5519 nostrae
3659 5447 3949 5519 volun-

740 5563 956 5640 Deus
999 5551 1096 5623 ab
1146 5549 1453 5619 aeterno
1487 5546 1752 5619 videat
1804 5547 2050 5621 istum
2102 5571 2278 5621 cur-

2393 5555 2615 5637 tatis,
2685 5562 2765 5630 et
2816 5560 2993 5652 ejus
3051 5562 3277 5635 visus
3346 5562 3619 5638 fertur
3689 5565 3944 5638 simul

4080 4077 4141 4126 ⁴8.

2403 4168 2552 4245 tet;
2615 4165 2803 4255 quia
2857 4166 2925 4238 si
2985 4166 3270 4239 unicus
3331 4173 3564 4241 actus
3624 4168 3953 4242 volendi
3997 4141 4141 4255 fffl
