4252 6393
1605 455 1964 537 QUAESTIO
2014 459 2120 524 XV

269 614 381 699 tit,
418 622 501 693 ut
533 617 644 692 sic
679 640 775 691 ex
818 618 1082 691 tribus
1118 619 1521 694 radicibus
1566 619 1797 692 intel-

266 738 503 810 lectus
536 737 872 830 colligat
916 737 1268 831 speciem
1320 738 1414 810 ad
1456 757 1799 829 cognos-

268 855 580 927 cendum
648 855 1091 946 singulare.
1148 854 1325 927 Uno
1389 853 1622 926 modo
1701 854 1799 926 ab

269 972 426 1065 ipsa
459 973 942 1056 sensatione,
992 973 1060 1044 si
1086 971 1473 1053 sensatio,
1506 993 1642 1044 seu
1672 992 1795 1045 ac·

263 1094 380 1161 tus
430 1090 817 1163 sentiendi
861 1092 1049 1162 actu
1112 1089 1471 1164 existat:
1517 1093 1599 1162 et
1653 1110 1797 1182 per

266 1204 469 1277 illam
502 1205 854 1299 speciem
878 1205 1304 1297 cognoscit
1332 1203 1794 1278 intellectus

261 1345 422 1396 esse
490 1322 910 1416 singulare
972 1328 1158 1398 actu
1209 1324 1591 1396 existere.
1668 1325 1795 1397 Se-

262 1440 526 1523 cundo,
581 1462 628 1512 a
679 1440 945 1533 specie
1013 1444 1100 1514 ut
1171 1438 1563 1512 informat
1625 1459 1794 1511 sen-

264 1577 426 1628 sum
469 1583 481 1626 :
547 1561 624 1629 et
663 1578 807 1649 per
868 1557 1093 1629 illam
1161 1575 1572 1648 nunquam
1614 1574 1795 1646 cog-

264 1675 512 1749 noscit
546 1675 963 1765 singulare
1004 1695 1182 1747 esse
1224 1677 1438 1755 actu,
1494 1674 1626 1745 sed
1673 1694 1794 1745 so-

267 1792 415 1862 lum
459 1791 671 1866 sicut
712 1792 983 1884 imago
1023 1792 1240 1865 ducit
1282 1791 1357 1863 in
1400 1790 1795 1881 cognitio-

266 1928 432 1980 nem
493 1908 613 1980 rei
682 1907 1101 1981 absolute:
1160 1908 1275 1980 sic
1326 1907 1574 1980 etiam
1637 1907 1796 1980 ista

267 2026 558 2117 speeies
616 2025 834 2097 ducit
893 2025 972 2097 in
1031 2023 1589 2115 cognitionem
1642 2023 1794 2095 sin-

266 2141 563 2231 gularis
627 2141 1141 2234 simpliciter,
1209 2146 1296 2216 ut
1375 2140 1796 2232 singulare

264 2261 397 2330 est.
421 2259 726 2329 Verum
761 2259 949 2349 quia
982 2256 1414 2348 aliquando
1445 2255 1796 2328 intellec-

265 2375 383 2444 tus
422 2393 581 2446 non
636 2394 720 2444 se
777 2372 1187 2445 convertit
1250 2373 1345 2444 ad
1405 2370 1797 2445 sensatio-

265 2507 414 2570 nes,
471 2489 977 2581 nec'species
1024 2492 1449 2562 remanent
1493 2489 1573 2560 in
1626 2507 1800 2558 son-

264 2625 369 2687 su,
423 2606 597 2678 ideo
640 2626 687 2678 a
731 2605 1131 2678 memoria
1190 2605 1626 2685 sensitivae,
1672 2604 1797 2676 vel

247 2713 352 2792 'ab
383 2722 554 2815 ipsa
591 2721 1180 2814 imaginatione
1209 2722 1460 2795 etiam
1485 2721 1800 2814 colligit

269 2837 720 2916 intellectus
781 2841 1160 2933 speciem,
1208 2840 1276 2912 si
1330 2861 1615 2912 sensus
1676 2860 1799 2913 ac·

268 2960 342 3029 tu
415 2977 572 3028 non
652 2957 901 3030 fuerit
981 2959 1075 3030 ad
1153 2959 1798 3049 cognoscendum

269 3073 697 3165 singulare.

345 3190 456 3264 Ab
490 3190 866 3265 omnibus
911 3191 1091 3265 istis
1145 3192 1561 3285 speciebus
1609 3194 1803 3285 puta

270 3309 776 3391 sensationis,
829 3329 875 3380 a
917 3309 1185 3401 specie
1232 3308 1350 3381 rei
1395 3307 1801 3381 sensibilis

269 3428 342 3498 ut
373 3431 492 3500 est
526 3426 612 3499 in
657 3446 922 3508 sensu,
968 3429 1050 3499 et
1102 3429 1190 3499 ιιι
1231 3430 1356 3499 est
1401 3425 1480 3496 in
1524 3424 1806 3515 imagi-

266 3544 609 3625 natione,
664 3541 982 3634 colligit
1043 3542 1394 3635 speciem
1461 3542 1576 3614 rei
1639 3541 1807 3613 uni·

261 3657 597 3730 versa-lis
617 3656 1081 3729 intellectus
1106 3656 1590 3737 communis,
1622 3674 1805 3745 cog-

261 3769 414 3844 nita
473 3773 659 3865 ipsa
728 3770 1198 3844 sensatione
1261 3770 1724 3843 immediate
1784 3795 1800 3840 :

262 3907 426 3961 cum
468 3889 584 3963 sit
622 3887 892 3962 virtus
940 3885 1349 3966 reflexiva,
1394 3890 1473 3959 ot
1525 3887 1808 3960 collec-

264 4008 529 4090 tativa,
584 4006 1010 4099 cognoscit
1053 4006 1584 4098 quidditatem
1638 4026 1810 4077 sen-

268 4125 599 4198 sationis
642 4123 1161 4204 universalis,
1216 4122 1592 4198 videlicet
1626 4143 1807 4213 eog-

269 4239 424 4313 nita
493 4262 586 4315 re
646 4239 1134 4333 particulari
1207 4260 1350 4332 per
1428 4240 1803 4332 speciem,

272 4375 498 4447 quam
539 4357 862 4450 colligit
902 4378 1002 4430 ex
1046 4377 1312 4437 sensu,
1359 4356 1488 4429 vel
1528 4356 1807 4446 imagi-

277 4473 617 4555 natione,
675 4474 1138 4546 immedia-te
1198 4473 1662 4545 considera-t
1723 4470 1810 4543 il-

282 4587 426 4661 lam
461 4610 636 4664 rem
694 4590 841 4662 sub
911 4587 1229 4662 ratione
1291 4586 1806 4669 universalis,

279 4709 354 4779 ut
393 4706 909 4799 intelligendo
946 4703 1154 4776 hunc
1196 4703 1589 4784 colorem,
1627 4723 1809 4774 eon-

277 4821 561 4896 siderat
601 4823 965 4897 colorem
1007 4819 1375 4893 absolute
1438 4841 1582 4913 per
1641 4840 1811 4911 spe-

277 4934 464 5009 ciem
496 4938 802 5011 eoloris
839 4937 918 5008 in
952 4956 1044 5008 eo
1070 4934 1376 5009 factam
1403 4964 1416 5004 ε
1447 4936 1562 5008 sic
1596 4933 1811 5006 enim

281 5057 529 5141 potest
561 5055 871 5128 virtute
915 5052 1378 5125 intellectus
1426 5050 1815 5142 multipli-

281 5170 438 5241 cari
490 5172 799 5265 species
875 5167 1412 5260 intelligibilis
1459 5169 1536 5240 in
1587 5166 1814 5240 intel-

285 5280 479 5359 lectu
524 5308 569 5358 a
610 5286 906 5380 specie,
973 5305 1149 5376 quae
1216 5288 1341 5357 est
1412 5283 1490 5355 in
1545 5302 1811 5363 sensu,

285 5399 480 5476 sicut
514 5423 561 5474 a
594 5404 890 5498 specie,
930 5422 1105 5494 quae
1145 5403 1267 5473 est
1301 5399 1383 5471 in
1426 5399 1819 5490 imagina-

289 5514 466 5589 tiva.

3369 465 3488 529 547

2311 838 2778 920 QUAESTIO
2880 840 3043 910 XV.

1914 1034 2145 1100 Ulmim
2188 1036 2555 1102 intellectas
2594 1050 2938 1124 eoqnoscal
2976 1060 3066 1118 se,
3103 1049 3164 1104 el
3193 1039 3456 1106 liabitas

1995 1170 2145 1215 suos
2192 1172 2317 1237 per
2358 1154 2735 1232 essentiam,
2790 1152 2893 1220 vel
2935 1175 3059 1241 per
3105 1166 3310 1234 aelus,
3353 1155 3456 1220 vel

1989 1287 2112 1352 per
2149 1270 2464 1353 speciem
2520 1270 2600 1339 et
2642 1266 2794 1341 hoc
2833 1272 2958 1341 est
3021 1289 3389 1360 quaerere
3434 1295 3448 1339 :

2001 1382 2233 1448 Uirum
2265 1386 2545 1450 essentia
2585 1387 2851 1464 animm,
2889 1397 2948 1452 el
2978 1408 3248 1454 suorum
3269 1388 3452 1454 habi-

1996 1509 2176 1564 lavim
2242 1502 2329 1566 sil
2394 1502 2458 1565 ei
2523 1503 2698 1567 ralio
2763 1504 3221 1590 coqnoscendi,
3284 1505 3454 1570 sicut

1994 1625 2214 1695 aelus,·
2247 1617 2348 1681 vel
2379 1619 2762 1704 requiratur
2789 1621 3035 1705 species
3075 1621 3307 1708 aliqua
3338 1642 3451 1707 qe-

1996 1733 2141 1796 nita
2184 1735 2633 1818 eoqnoscenlis
2679 1736 2786 1801 sui
2833 1737 3225 1815 intellectus,
3310 1759 3454 1825 quw

1994 1849 2081 1912 sil
2132 1849 2328 1926 rali0‚
2375 1860 2435 1915 el
2473 1850 2764 1917 mediam
2811 1852 3245 1939 eoqnoscendi
3281 1874 3449 1920 eam.

1905 2046 2126 2114 August.
2158 2043 2209 2098 5.
2248 2044 2453 2101 Trinil.
2496 2060 2615 2113 cap.
2648 2049 2703 2101 7.
2754 2054 2801 2101 el
2834 2048 2930 2101 lib.
2969 2046 3056 2102 10.
3113 2062 3234 2117 cap.
3272 2046 3358 2102 10.
3408 2054 3459 2102 ee

1980 2119 2075 2170 lib.
2109 2116 2193 2171 14.
2221 2131 2343 2183 cap.
2392 2119 2444 2173 4.
2497 2119 2559 2171 D.
2610 2117 2796 2174 Thom.
2841 2117 2891 2174 1.
2933 2123 3082 2188 pare.
3126 2125 3314 2188 quast.
3365 2118 3456 2175 89.

1979 2196 2092 2242 art.
2123 2191 2178 2242 2.
2222 2187 2389 2259 Cajct.
2424 2191 2553 2243 ibid.
2585 2188 2892 2245 Linconien.
2929 2193 2989 2243 in
3017 2192 3186 2244 libros
3218 2192 3280 2244 cle
3313 2195 3458 2248 Ani-

1979 2275 2094 2324 ma,
2134 2259 2439 2327 quaesl.23.
2476 2261 2685 2317 Henric.
2716 2263 2966 2331 quodlib.
3016 2263 3070 2318 5.
3129 2269 3319 2332 quaesl.
3364 2264 3454 2319 15.

1980 2339 2026 2385 el
2058 2329 2149 2386 ⁶26.
2182 2336 2229 2385 el
2280 2335 2526 2399 quodlib.
2550 2334 2604 2388 8.
2636 2339 2827 2402 quoesl.
2865 2333 2957 2391 13.
2991 2340 3038 2388 el
3069 2335 3317 2400 quodlib.
3368 2335 3459 2389 15.

1981 2407 2169 2471 quaest.
2202 2402 2254 2457 9.
2307 2402 2549 2459 Valentia
2583 2404 2631 2458 1.
2690 2411 2839 2473 part.
2875 2408 3016 2474 disp.
3056 2406 3111 2460 6.
3152 2412 3342 2475 quaesl.
3405 2406 3458 2461 7.

1979 2478 2181 2544 puncto
2227 2478 2283 2530 2.
2343 2477 2539 2530 Suarez
2594 2479 2686 2530 lib.
2744 2479 2795 2533 4.
2846 2478 2909 2530 de
2968 2479 3194 2545 Anima,
3248 2494 3366 2547 cap.
3402 2479 3457 2533 5.

1981 2551 2186 2600 Aversa
2216 2553 2345 2601 lom.
2386 2545 2438 2602 2.
2475 2548 2679 2603 Philet.
2712 2554 2900 2616 quaest.
2935 2547 3024 2605 49.
3055 2554 3183 2606 secl.
3218 2552 3272 2607 4.
3327 2547 3461 2606 vido

1984 2620 2131 2673 Docl.
2163 2619 2225 2671 in
2256 2615 2310 2673 2.
2332 2620 2461 2674 dist.
2496 2617 2547 2676 3.
2579 2626 2762 2687 quest.
2792 2618 2845 2675 8.
2897 2625 2954 2686 §-
2996 2621 3071 2675 ad
3121 2624 3461 2691 arqumenla

1979 2691 2347 2759 principalia,
2379 2696 2429 2746 el
2480 2692 2727 2760 quodlib.
2755 2689 2843 2747 14.

2004 2843 2116 2915 Ad
2162 2839 2398 2936 hujus
2433 2843 2911 2934 quaestionis
2944 2843 3456 2925 evidentiam,
3621 2865 3699 2938 ι..
3768 2926 3778 2938 ,

1913 2959 2035 3028 cst
2101 2956 2539 3038 sciendum,
2606 2958 2811 3049 quod
2878 2957 3123 3043 (sicut
3164 2957 3464 3032 dieitur
3496 2925 3808 3039 ¹2550f-''Zssff‘

1914 3073 2486 3169 communiter,
2511 3076 2591 3146 ct
2613 3072 2837 3165 bene)
2861 3075 3265 3164 contingit
3290 3095 3462 3147 rem
3518 3063 3782 3163 ⁹⁹⁸22⁰r¹‚“¹'

1918 3189 2359 3283 quamlibet
2419 3190 2866 3283 tripliciter
2924 3212 3459 3283 cognoscere;

1919 3309 2259 3390 scilieet,
2353 3308 2787 3399 arguitive,
2887 3310 3292 3392 intuitive,
3385 3313 3466 3383 et

1920 3423 2442 3516 speculative.
2480 3428 2849 3513 Arquicive,
2891 3425 3102 3499 sicut
3128 3443 3469 3517 cognos-

1919 3541 2163 3614 cendo
2194 3540 2457 3632 ignem
2484 3562 2684 3621 esse,
2723 3542 3055 3614 videndo
3099 3542 3409 3614 fumum
3450 3566 3465 3612 :

1920 3656 2200 3747 arguit
2241 3656 2456 3728 onim
2492 3656 2979 3740 intellectuS,
3018 3659 3223 3750 quod
3266 3658 3334 3730 si
3366 3657 3470 3729 ef·

1922 3773 2182 3846 fectus
2223 3778 2373 3854 est,
2411 3794 2660 3846 causa
2701 3777 2849 3847 est.
2885 3778 3222 3854 Ineaecieive,
3262 3775 3473 3850 sicut

1919 3891 2106 3963 dum
2161 3910 2333 3962 rem
2366 3889 2767 3964 visibilem
2817 3890 3127 3965 directo
3163 3892 3472 3985 aspicio

1922 4010 2136 4079 actu.
2196 4009 2637 4094 Speculalive‚
2687 4005 2899 4080 Sicut
2936 4006 3123 4079 dum
3183 4006 3473 4080 intelli·

1922 4142 2023 4211 go
2110 4120 2636 4213 quid‹.litatem
2726 4121 3272 4194 universalem
3355 4122 3470 4193 rei

1925 4257 2070 4330 per
2096 4237 2445 4330 speciem
2481 4238 2679 4331 ejus,
2718 4259 2957 4331 quam
2990 4238 3230 4312 habet
3265 4240 3471 4332 apud

1925 4376 2051 4435 se;
2098 4374 2259 4426 non
2302 4358 2389 4427 ut
2425 4353 2591 4427 haec
2625 4357 2774 4435 est,
2827 4355 2952 4426 vel
2998 4353 3163 4435 illa,
3213 4354 3341 4426 vel
3383 4358 3472 4428 ut

1922 4475 2047 4545 est
2089 4471 2171 4542 in
2206 4470 2370 4552 illo,
2409 4472 2531 4542 vel
2573 4471 2647 4542 in
2684 4471 2869 4548 isto,
2923 4472 3053 4544 sed
3088 4470 3471 4565 simplici-

1924 4593 2053 4662 ter
2118 4592 2499 4660 naturam
2584 4588 2700 4660 rei
2811 4588 3320 4680 speculandO,
3388 4593 3474 4661 ut

1922 4706 2108 4778 dum
2150 4704 2423 4795 cogito
2469 4703 2674 4795 quozl
2720 4704 2825 4776 sit
2871 4724 3086 4787 rosa,
3138 4725 3297 4777 non
3349 4726 3471 4777 eo-

1926 4819 2095 4909 gito
2142 4820 2453 4911 quando
2504 4822 2652 4899 ost,
2698 4820 2824 4891 vel
2870 4819 3000 4891 ubi
3034 4825 3183 4892 est.

2021 4935 2448 5027 Loquendo
2522 4936 2779 5025 igitur
2837 4935 2929 5007 ‹le
3005 4936 3475 5026 cognitione
3506 4962 3795 5025 Coyvuosci-

3522 5038 3640 5072 mm
3664 5024 3794 5071 ani-

1929 5054 2163 5125 modo
2208 5052 2644 5142 arguitivo,
2684 5073 2872 5124 vere
2905 5052 3474 5143 cognoscimus
3521 5100 3665 5133 mam
3694 5099 3822 5133 nos-

1928 5168 2285 5240 animam
2317 5189 2519 5249 esse,
2566 5168 2687 5239 vel
2724 5168 2913 5260 quia
2943 5172 3067 5241 est
3094 5168 3477 5248 ;etaliam
3531 5156 3819 5273 ‘'ff-'2532‘

1927 5305 2105 5355 esse
2138 5284 2697 5375 vegetabilem,
2721 5283 2965 5355 aliam
2988 5284 3476 5366 sensibilem,

1931 5401 2179 5473 aliam
2258 5401 2770 5482 rationalem,
2855 5401 2934 5472 in
3029 5401 3328 5493 planta,
3404 5402 3481 5473 in

1932 5518 2199 5598 bruto,
2267 5518 2346 5589 in
2387 5519 2644 5590 nobiS.
2714 5519 2940 5589 IIanc
2986 5522 3259 5591 autem
3301 5526 3483 5609 cog-

1933 5635 2326 5708 nitionem
2394 5634 2779 5706 habemus
2820 5636 2909 5707 do
2980 5634 3279 5720 anima,
3343 5656 3480 5708 seu
