4252 6393
1847 464 2215 544 QUAESTIO
2260 467 2449 532 XXVI

523 627 632 702 dit
694 625 865 702 haee
913 626 1373 703 differentia
1412 628 1503 700 de
1544 650 1679 696 esse
1712 630 2065 720 cognito,

526 754 604 823 et
656 748 886 822 reali.
944 748 1393 822 Secundum
1433 771 1568 816 esse
1609 747 1830 820 reale
1895 748 2071 820 sub-

525 866 912 940 dividitur
977 886 1139 939 non
1220 865 1657 938 seeundum
1734 887 1869 933 esse
1948 884 2071 934 es-

528 985 807 1059 sentiae
841 988 920 1057 et
962 984 1447 1066 existentiae,
1503 983 1690 1074 quia
1734 981 2072 1054 realiter

528 1122 773 1176 unum
833 1106 1072 1182 sunt;
1130 1101 1264 1173 sed
1315 1100 1750 1173 seeundum
1798 1122 1932 1167 esse
1992 1097 2072 1169 in

526 1218 890 1311 potentia
938 1221 1014 1290 et
1049 1218 1131 1290 in
1157 1222 1370 1299 aetu,
1399 1215 2074 1310 comprehenden-

523 1336 617 1407 do
656 1339 916 1409 totam
952 1355 1124 1407 rem
1160 1333 1594 1408 seeundum
1628 1331 2070 1406 essentiam

525 1456 602 1525 et
655 1451 1205 1526 existentiam.
1268 1455 1428 1521 Esse
1475 1454 1750 1532 autem
1801 1448 2072 1540 cogni-

529 1575 700 1644 tum
742 1589 906 1641 non
936 1568 1531 1641 determinatur
1572 1565 1668 1638 ad
1706 1589 1839 1634 esse
1880 1565 2067 1645 tale,

525 1686 652 1759 vel
693 1686 881 1766 tale,
927 1685 1061 1758 sed
1119 1682 1675 1782 indifferenter
1707 1703 1791 1755 se
1831 1681 2072 1755 habet

527 1804 622 1877 ad
665 1808 1101 1894 utrumque
1138 1828 1154 1872 ε
1203 1801 1373 1874 sive
1415 1801 1632 1875 enim
1675 1821 1807 1873 res
1850 1798 1955 1872 sit
1991 1799 2068 1872 in

3596 474 3714 538 717

2187 629 2552 722 potentia
2620 628 2990 714 formali,
3086 632 3256 704 sive
3336 635 3417 706 in
3496 639 3725 716 actu,

2187 747 2416 840 prius
2476 747 2759 822 habuit
2823 749 3016 822 illud
3074 774 3208 819 esse
3267 752 3726 843 cognitum,

2186 868 2339 938 ete.
2388 864 2470 938 Si
2510 886 2709 957 ergo
2766 870 3188 958 quaeratur
3248 871 3525 940 utrum
3572 869 3733 940 ani-

2190 1002 2320 1054 ma
2356 982 2787 1056 rationalis
2830 987 3263 1076 antequam
3312 984 3729 1064 existeret,

2187 1097 2522 1174 haberet
2566 1100 2887 1192 aliquod
2919 1125 3051 1169 esse
3094 1101 3311 1173 reale
3375 1102 3587 1175 aliud
3639 1104 3737 1175 ab

2186 1239 2319 1284 esse
2393 1216 2751 1307 cognito,
2809 1216 3224 1308 dicendum
3279 1194 3505 1309 quod'
3544 1238 3729 1301 non,

2189 1335 2271 1404 ut
2326 1332 2403 1404 in
2458 1332 2824 1425 potentia
2884 1333 2964 1405 in
3036 1355 3182 1406 sua
3250 1353 3499 1407 eausa
3570 1335 3731 1409 effi-

2183 1448 2455 1530 cienti,
2522 1447 2877 1532 formali,
2958 1455 3038 1524 et
3106 1451 3581 1544 exemplari,
3655 1453 3733 1525 in

2183 1586 2339 1658 qua
2379 1591 2513 1636 esse
2562 1567 2738 1660 ejus
2792 1567 3211 1659 cognitum
3268 1568 3735 1644 formaliter

2181 1683 2653 1758 continetur
2710 1686 2808 1757 ab
2854 1690 3190 1769 aeterne,
3248 1691 3328 1760 et
3380 1686 3554 1778 ejus
3597 1711 3733 1757 esse

2185 1801 2431 1874 reale.
2478 1803 2687 1872 Multa
2719 1804 2976 1874 desunt.

704 2790 852 2858 13!oe
888 2793 1294 2869 Quoestiones
1320 2793 1601 2877 suerunt
1635 2795 1994 2884 disputatoe
2038 2796 2320 2862 Omonioe
2343 2817 2467 2882 per
2505 2797 2902 2885 Mayistrum
2931 2796 3254 2861 loannem
3292 2794 3558 2860 Scotum

1015 2899 1098 2966 de
1132 2892 1737 2968 Ordine'Fralrum
1777 2904 2159 2984 Minorum,·
2204 2914 2264 2968 ec
2294 2913 2450 2967 sunt
2486 2903 2890 2979 Quoesliones
2916 2904 3260 2990 yenerales

1737 3031 1935 3096 super
1997 3010 2524 3096 Philosophiam.
