4252 6393
188 1099 298 1153 Adi.

188 3405 305 3456 Ad5.

1756 443 2118 534 QuAEs'rio
2161 445 2235 518 nl

372 616 519 688 test
595 611 1004 689 violenter
1059 616 1564 696 descendere,
1637 636 1902 708 quem·

371 733 787 806 admodum
821 755 1055 827 aqua,
1103 755 1278 826 quae
1311 738 1434 808 est
1481 733 1787 826 gravis,
1834 733 1902 805 si

370 849 962 942 comprimatur
1004 851 1221 926 inter
1255 872 1567 932 manus,
1602 849 1901 922 violen-

373 968 491 1037 ter
531 967 925 1041 ascendit.

445 1082 560 1153 Ad
603 1087 1015 1174 quartam.
1075 1084 1186 1152 Vel
1228 1095 1686 1172 qmtcraretur,
1741 1085 1896 1156 etc.

369 1196 556 1268 Dico
624 1197 832 1289 quod
901 1202 1445 1288 generaretur
1519 1196 1598 1268 in
1643 1196 1902 1268 media

372 1313 697 1404 regione
791 1313 1037 1395 aeris,
1120 1315 1594 1406 quandoque
1686 1314 1902 1388 citra

371 1426 734 1508 medium,
790 1427 1264 1518 quandoque
1360 1428 1621 1517 magis
1711 1426 1900 1499 infe-

374 1541 533 1614 rius
568 1569 586 1612 ε
631 1547 713 1616 et
757 1545 1020 1634 magis
1054 1564 1264 1635 saepe
1305 1544 1396 1617 fit
1437 1544 1515 1615 in
1560 1544 1785 1626 locis,
1823 1548 1902 1617 et

375 1660 864 1753 temporibus
933 1662 1440 1755 temperatis,
1518 1683 1760 1754 quam
1822 1663 1901 1734 in

381 1776 547 1849 aliis
609 1778 1139 1870 temporibus,
1203 1783 1285 1853 et
1339 1779 1565 1852 locis.
1640 1783 1903 1854 Causa

385 1899 513 1976 est,
556 1896 742 1987 quia
776 1895 856 1967 in
905 1896 1106 1969 locis
1141 1898 1556 1969 excessive
1588 1896 1898 1979 calidiS,

387 2009 798 2092 exhalatio,
845 2033 1019 2104 quae
1070 2017 1194 2087 est
1248 2013 1598 2087 materia
1640 2012 1901 2084 fulmi-

393 2125 520 2206 nis,
560 2128 1107 2210 consumitur;
1145 2133 1226 2202 et
1273 2130 1351 2202 in
1385 2130 1588 2203 locis
1633 2150 1903 2201 exces-

403 2241 543 2314 sive
586 2243 901 2336 frigidis
975 2251 1318 2339 propter
1383 2246 1902 2320 constrictio-

403 2379 552 2431 nem
591 2381 979 2452 pororum
1041 2383 1202 2435 non
1258 2363 1654 2445 elevatur,
1729 2363 1900 2435 ideo

409 2476 472 2548 in
507 2480 979 2570 regionibus,
1024 2485 1104 2555 et
1155 2482 1662 2575 temporibus
1705 2485 1900 2556 tem-

410 2596 674 2685 peratis
711 2597 974 2689 magis
1004 2597 1096 2673 fit
1128 2597 1454 2680 fulmen,
1487 2598 1677 2691 quia
1707 2602 1898 2673 tunc

406 2715 631 2801 potest
684 2715 1031 2788 materia
1086 2713 1590 2789 sufficienter
1645 2717 1900 2789 eleva-

409 2826 487 2909 ri,
546 2849 679 2902 nec
738 2834 865 2904 est
917 2831 1218 2923 aliquid
1259 2853 1746 2907 consumens
1793 2833 1901 2926 ip-

404 2962 549 3015 sam
601 2946 1101 3021 notabiliter.
1149 2946 1549 3022 Similiter
1586 2948 1678 3021 de
1721 2948 1899 3020 loeo

405 3063 613 3148 patet,
675 3061 862 3154 quia
922 3065 1398 3156 quandoque
1458 3067 1903 3155 generatur

407 3176 527 3248 sub
584 3181 829 3262 terra,
910 3181 1386 3274 quandoque
1438 3202 1688 3274 supra
1743 3184 1902 3256 ter-

401 3312 577 3375 ram,
620 3301 704 3371 ut
742 3296 1046 3371 dictum
1083 3298 1263 3371 fuit.

473 3412 574 3484 Ad
603 3414 994 3505 quintam,
1039 3418 1143 3484 vel
1180 3417 1537 3504 quodlibet,
1574 3420 1726 3488 etc.
1773 3414 1909 3488 Di-

397 3531 562 3600 cunt
599 3530 996 3603 Auctores
1040 3530 1247 3622 quod
1293 3550 1453 3601 non
1497 3530 1902 3621 quodlibet

401 3645 640 3730 potest
693 3643 1251 3717 indifferenter
1314 3643 1672 3736 percuti;
1737 3642 1899 3714 imo

397 3754 636 3849 aliqua
675 3765 887 3844 sunt,
944 3780 1119 3854 quae
1173 3760 1396 3832 nullo
1443 3761 1676 3832 modo
1727 3778 1900 3851 per-

399 3874 807 3957 cutiuntur,
864 3875 1078 3949 sicut
1132 3876 1473 3947 arbores
1514 3873 1899 3946 habentes

401 4007 613 4078 poros
652 3992 976 4064 clausos
1013 3992 1415 4085 superius,
1464 3990 1898 4063 secundum

399 4104 809 4191 Albertum,
847 4131 989 4182 nec
1032 4109 1389 4182 cortices
1433 4106 1676 4179 lauri.
1713 4107 1899 4178 Ter-

399 4220 518 4304 tio,
549 4244 682 4297 nec
723 4226 1021 4318 aquila,
1077 4231 1159 4300 et
1202 4226 1374 4299 ideo
1408 4225 1506 4298 ab
1541 4223 1900 4315 antiquis

398 4342 636 4432 aquila
725 4344 1179 4416 vocabatur
1279 4346 1589 4434 Armiqcr
1689 4344 1894 4408 Iovis.

400 4459 694 4543 Quarto,
740 4482 886 4533 nec
930 4461 1291 4552 quaedam
1332 4458 1599 4530 bellua
1659 4455 1900 4529 mari-

398 4591 507 4656 na,
547 4599 708 4669 quae
750 4582 1102 4650 vocatur
1140 4578 1387 4645 vitulus
1435 4577 1781 4653 marinum
1818 4576 1898 4645 et

400 4695 675 4779 quando
739 4693 1043 4768 dicitur
1108 4692 1198 4764 de
1293 4689 1625 4783 templo,
1722 4687 1899 4760 dico

397 4810 573 4897 quod
600 4830 645 4882 a
672 4831 868 4884 casu
901 4814 1026 4883 est
1061 4808 1267 4901 quod
1300 4806 1602 4878 fulmen
1640 4804 1899 4896 magis

397 4928 770 5014 percutiat
814 4948 1061 5020 super
1107 4926 1437 5018 templa,
1485 4943 1725 5016 quam
1774 4943 1898 4994 su-

398 5058 519 5130 per
583 5065 708 5116 res
771 5045 1003 5125 alias,
1066 5047 1147 5117 et
1197 5043 1447 5116 etiam
1504 5062 1604 5113 ex
1672 5061 1893 5122 casu,

395 5159 573 5247 quod
613 5160 872 5253 magis
925 5160 1336 5253 percutiat
1385 5157 1593 5234 alios
1646 5156 1898 5228 homi-

396 5293 539 5357 nes,
606 5298 845 5370 quam
905 5278 1151 5358 alios;
1216 5280 1297 5350 et
1347 5275 1519 5348 ideo
1566 5274 1684 5348 illi
1737 5293 1897 5344 non

400 5397 560 5466 sunt
597 5392 1106 5487 reprobandi,
1153 5395 1544 5485 quantum
1602 5390 1696 5461 ad
1738 5387 1899 5461 ani-

405 5525 551 5578 mas
581 5529 887 5591 eorum,
933 5507 1068 5600 qui
1113 5506 1481 5601 percussi
1524 5508 1711 5577 sunt
1753 5503 1897 5575 sul-

409 5621 609 5712 mine,
649 5627 858 5701 sicut
893 5624 1146 5717 aliqui
1180 5624 1717 5697 crediderunt.

3428 450 3541 516 175

2417 876 2885 961 QUAESTIO
3001 875 3149 948 III.

2019 1104 2251 1172 Utrum
2291 1106 2472 1172 visus
2521 1110 2969 1193 refranqaeur
3008 1104 3091 1169 ab
3130 1124 3306 1183 aere,
3355 1114 3417 1168 et
3476 1104 3559 1169 ab

2226 1244 2427 1311 aqua,
2472 1233 2532 1289 et
2562 1245 2605 1289 α
2649 1222 3035 1310 corporibus
3065 1220 3289 1289 densis
3310 1219 3343 1287 ?

2104 1441 2511 1532 Arguitur
2543 1441 2810 1534 primo
2866 1439 3074 1534 quod
3115 1458 3301 1521 non,
3366 1438 3558 1531 quia
3748 1471 3793 1521 ¹.
3868 1534 3880 1547 ·

2014 1557 2239 1629 visus
2281 1557 2701 1648 frangitur
2751 1556 2850 1630 ab
2914 1577 3130 1638 aere,
3184 1561 3265 1631 et
3303 1576 3550 1648 aqua;
3583 1534 3900 1647 ‘⁴”{},·„,„²{’''·

2015 1674 2275 1764 igitur
2306 1696 2467 1749 non
2511 1676 3045 1767 refrangitur.
3092 1677 3342 1749 Tenet
3373 1695 3556 1748 con-

2017 1792 2465 1884 sequentia,
2522 1792 2710 1884 quia
2752 1792 2948 1864 illud
2999 1791 3205 1883 quod
3250 1791 3556 1863 refran-

2018 1908 2270 1999 gitur,
2344 1908 2884 1990 convertitur,
2938 1908 3067 1979 vel
3109 1907 3560 1981 revertitur

2017 2020 2099 2091 in
2156 2022 2519 2094 eamdem
2566 2026 2913 2116 partem,
2977 2042 3025 2094 a
3092 2042 3251 2114 qua
3306 2022 3554 2102 venit,

2017 2138 2150 2209 sed
2211 2138 2417 2231 quod
2468 2136 2885 2230 frangitur
2943 2137 3247 2213 transit
3308 2137 3553 2210 ultra.

2013 2253 2510 2326 Antecedens
2544 2259 2768 2346 patet
2800 2255 2896 2327 ad
2934 2253 3553 2346 experientiam,

2014 2367 2204 2461 quia
2257 2368 2583 2443 videtur
2655 2370 3018 2451 baculus,
3091 2370 3326 2463 cujus
3398 2388 3559 2440 una

2016 2484 2404 2558 medietas
2472 2492 2598 2561 est
2667 2486 2746 2558 in
2816 2506 3030 2569 aere,
3104 2491 3185 2560 et
3254 2485 3418 2558 alia
3477 2484 3558 2557 in

2013 2619 2250 2691 aqua.
3339 2628 3344 2633 ·

2103 2717 2487 2799 Secundo,
2535 2738 2678 2790 aer
2708 2721 2788 2791 et
2829 2736 3039 2809 aqua.
3071 2736 3230 2788 non
3264 2716 3560 2790 habent
3592 2735 3902 2786 seounaum

2016 2833 2491 2925 superficies
2541 2834 2870 2915 densas;
2919 2832 3178 2923 igitur
3217 2833 3315 2905 ab
3358 2834 3558 2926 ipsis

2014 2970 2176 3021 non
2211 2948 2301 3023 fit
2338 2949 2757 3025 refractio.
2793 2950 3040 3024 Tenet
3071 2970 3558 3042 consequen·

2013 3064 2156 3145 tia,
2195 3065 2384 3157 quia.
2416 3066 2776 3139 videmus
2820 3067 2901 3138 in
2940 3066 3125 3139 aliis
3160 3068 3368 3159 quod
3398 3089 3561 3141 non

2014 3182 2121 3256 sit
2157 3181 2574 3266 refractio,
2623 3182 2782 3256 nisi
2814 3203 2862 3255 a
2907 3183 3338 3278 superficie
3379 3184 3557 3257 den·

2016 3319 2130 3379 sa,
2196 3302 2284 3371 ut
2340 3303 2564 3391 patet
2621 3299 2712 3370 de
2783 3300 3161 3392 speculis
3225 3301 3557 3373 Antece-

2008 3415 2200 3487 dens
2254 3419 2502 3507 patet,
2551 3415 2740 3506 quia
2792 3434 2939 3487 aer
2986 3420 3068 3490 et
3114 3436 3325 3507 aqua
3369 3420 3559 3490 sunt

2014 3549 2371 3621 corpora
2410 3530 2839 3623 dia-phana.

2101 3645 2404 3727 Tertio,
2445 3646 2633 3739 quia
2672 3647 2898 3719 visus
2947 3647 3354 3741 accipitur
3407 3667 3554 3740 pro
3620 3673 3874 3725 Tertium.

2014 3752 2288 3834 anima.
2327 3760 2617 3845 visiva,
2663 3764 2790 3836 vel
2827 3784 2971 3856 pro
3019 3763 3245 3836 radio
3289 3763 3558 3836 visua-

2014 3875 2114 3959 li;
2173 3878 2307 3949 sed
2344 3882 2637 3953 neutro
2701 3880 2933 3952 modo
2986 3879 3551 3971 refrangitur;

2015 3991 2296 4082 igitur,
2334 3998 2485 4068 etc.
2526 3995 2796 4087 Major
2836 4000 3032 4069 nota
3064 4000 3214 4079 est,
3280 4000 3362 4070 et
3416 3996 3555 4068 mi-

2014 4130 2169 4181 nor
2219 4117 2566 4204 apparet
2632 4113 2723 4185 de
2778 4112 3048 4194 radi0;
3106 4112 3297 4185 talis
3340 4113 3555 4185 enim

2013 4245 2176 4298 non
2234 4225 2678 4318 frangitur,
2753 4250 2938 4301 cum
3021 4228 3130 4304 sit
3223 4249 3552 4322 corpus,

2013 4363 2159 4414 nec
2219 4342 2467 4417 etiam
2554 4344 2781 4416 visus
2853 4350 2941 4419 ut
3027 4344 3554 4419 manifestum

2014 4462 2165 4532 est.

2101 4577 2439 4656 Quarto,
2507 4579 2989 4666 sequeretur
3058 4578 3266 4667 quod
3326 4576 3553 4648 visus
3613 4611 3899 4666 Qum-mm,

2011 4691 2244 4764 fieret
2292 4695 2532 4764 extra
2575 4693 3009 4775 mittendo;
3049 4714 3553 4785 consequens

2014 4806 2340 4890 salsum,
2388 4811 2502 4876 lib.
2548 4811 2630 4877 de
2682 4832 2876 4877 sensu
2931 4822 2991 4877 ee
3028 4823 3313 4879 sensato,
3360 4811 3551 4883 Pro-

2012 4924 2256 4997 batur
2324 4925 2929 5016 consequentia,
3013 4926 3202 5016 quia
3279 4926 3553 5000 radius

2011 5060 2174 5111 non
2222 5040 2545 5121 dicitur,
2596 5041 2754 5113 nisi
2797 5041 2932 5133 qui
2981 5041 3204 5117 venit
3251 5063 3298 5114 a
3340 5043 3547 5115 visu.

2102 5155 2424 5238 Quinto,
2478 5156 2621 5229 alii
2672 5178 2955 5229 sensus
3014 5179 3177 5230 non
3245 5158 3551 5231 refran-
3605 5189 3881 5244 Qufmum,

2012 5277 2359 5362 guntur;
2402 5273 2660 5364 igitur
2699 5295 2846 5346 nce
2888 5274 3143 5347 visus.
3458 5288 3466 5295 ·

2101 5388 2584 5479 Oppositum
2661 5390 2836 5464 vult
2914 5389 3403 5464 Aristoteles
3471 5390 3552 5462 in
3628 5414 3865 5477 Opposit.

2014 5502 2173 5575 isto
2218 5504 2494 5580 tertio.

2103 5621 2380 5695 Primo
2443 5627 2569 5697 est
2625 5623 3041 5698 dicendum
3098 5631 3191 5700 de
3247 5626 3547 5699 causis.
