4252 6393
1651 447 2010 526 QUAEsTlo
2057 450 2137 514 lx
3379 449 3499 512 417

308 629 810 702 consequens
847 608 1040 683 illud
1075 608 1664 684 intellectivum
1696 609 1857 684 erit

310 727 646 820 corpori
688 728 1031 801 unitum.
1099 729 1304 802 Puto
1354 727 1604 802 etiam
1648 728 1854 820 quod

310 863 468 917 non
540 863 822 917 omnes
882 846 1303 935 negarent,
1397 843 1592 936 quin
1638 846 1853 917 Deus

310 964 578 1055 potest
630 959 901 1036 facere
971 961 1333 1034 animam
1393 960 1854 1035 sensibilem

311 1098 468 1149 non
556 1077 1176 1160 intellectivam,
1268 1077 1854 1172 perfectionem

312 1195 687 1288 corporis
719 1194 1148 1271 habentem
1187 1217 1373 1268 oum
1406 1195 1856 1289 aptitudine

313 1310 403 1383 ad
436 1310 1052 1387 subsistentiam
1095 1317 1175 1386 et
1218 1311 1850 1406 separationem,

313 1448 452 1503 nee
493 1430 828 1524 proprie
865 1436 1084 1506 esset
1108 1429 1631 1507 intellectiva.

398 1545 633 1630 Item,
734 1566 1131 1640 ponamus
1247 1547 1455 1641 quod
1539 1548 1679 1620 lux
1774 1551 1855 1622 et

313 1658 542 1731 calor
590 1659 669 1732 in
730 1659 955 1734 radio
1014 1664 1289 1736 essent
1328 1662 1856 1736 consubstan-

316 1776 568 1858 tialia,
613 1781 696 1851 et
759 1780 1077 1850 naturae
1151 1778 1570 1863 formaleS,
1620 1781 1708 1852 ut
1769 1783 1855 1852 tu

314 1891 505 1965 dicis
562 1893 656 1965 de
703 1896 1170 1985 vegetativo
1201 1900 1282 1969 et
1329 1895 1724 1969 sensitivo
1778 1894 1859 1967 in

318 2010 703 2083 rationali
744 2011 1043 2095 anima,
1098 2032 1251 2104 ego
1327 2013 1584 2094 video,
1650 2012 1859 2104 quod

314 2125 378 2198 si
426 2125 892 2219 hujusmodi
972 2129 1245 2202 radius
1284 2131 1685 2213 transeat,
1727 2127 1856 2201 vel

313 2241 610 2316 existat
680 2243 761 2316 in
830 2243 1103 2336 aliquo
1174 2265 1551 2338 corpore,
1623 2244 1857 2338 cujus

315 2357 447 2430 lux
538 2360 799 2452 possit
900 2382 1078 2434 esse
1190 2361 1459 2434 forma
1538 2364 1616 2434 et
1694 2381 1857 2434 non

315 2475 712 2557 caliditas,
760 2480 1041 2570 utpote
1090 2476 1169 2550 in
1219 2497 1571 2570 corpore
1629 2478 1851 2560 coeli;

315 2598 449 2668 aut
507 2593 742 2667 calor
782 2594 903 2668 illi
962 2596 1297 2690 corpori
1367 2595 1856 2670 substantia-

316 2709 505 2783 liter
545 2731 707 2783 non
756 2711 1063 2793 unitur,
1115 2716 1858 2803 quantumcumque

315 2826 416 2899 sit
482 2825 1215 2900 consubstantialis
1293 2826 1456 2900 luci
1482 2851 1497 2908 ;
1569 2832 1710 2901 aut
1788 2826 1857 2899 si

313 2944 619 3026 unitur,
684 2944 872 3037 quia
910 2963 1071 3016 non
1125 2947 1249 3018 est
1315 2943 1494 3037 ejus
1555 2944 1852 3025 forma,

312 3079 448 3132 nec
521 3063 785 3143 actus,
869 3081 1014 3133 nec
1082 3060 1853 3144 denominationem,

311 3194 449 3251 nec
501 3177 1071 3272 operationem
1151 3198 1383 3251 suam
1451 3176 1569 3251 illi
1636 3199 1857 3252 com-

314 3293 784 3377 municabit,
874 3314 1036 3368 non
1102 3294 1317 3367 enim
1385 3294 1676 3369 coelum
1734 3299 1860 3368 est

311 3410 687 3492 calidum,
761 3431 905 3485 nec
978 3409 1219 3487 habet
1299 3411 1861 3505 operationem

313 3526 554 3601 calidi
622 3527 1138 3609 formaliter:
1225 3548 1426 3620 ergo
1495 3549 1542 3600 a
1610 3527 1859 3600 simili

313 3663 451 3716 nec
514 3645 1108 3719 intellectivum
1151 3645 1564 3718 hominem
1631 3645 1863 3717 deno-

314 3760 600 3842 minat,
645 3782 788 3834 nec
834 3762 1398 3855 operationem
1463 3780 1695 3833 suam
1743 3758 1863 3831 illi

310 3877 892 3960 communicat,
966 3879 1035 3951 si
1101 3879 1276 3971 ejus
1346 3878 1618 3951 forma
1684 3897 1862 3949 esse

310 4013 470 4066 non
512 3998 817 4088 potest.

398 4121 636 4200 Item,
714 4118 793 4191 in
834 4138 1340 4212 quocumque
1382 4137 1678 4209 genere
1735 4117 1862 4189 est

312 4246 685 4339 reperire
742 4245 1003 4337 magis
1061 4249 1143 4318 et
1207 4244 1497 4326 minus,
1569 4244 1677 4316 ibi
1736 4247 1861 4316 est

314 4372 686 4463 reperire
750 4370 1242 4463 simpliciter
1300 4369 1505 4443 tale:
1583 4369 1716 4441 sed
1786 4368 1866 4441 in

313 4513 608 4585 genere
642 4494 1103 4567 formarum
1134 4499 1262 4567 est
1297 4495 1665 4588 reperire
1708 4493 1867 4567 for-

316 4638 509 4701 mas,
561 4639 741 4711 quae
786 4623 973 4692 sunt
1036 4618 1525 4711 principium
1595 4620 1869 4709 cogni-

314 4742 561 4816 tionis
636 4744 1073 4816 secundum
1145 4744 1407 4835 magis
1449 4747 1529 4816 et
1573 4744 1864 4828 minus,

317 4886 499 4937 narn
560 4867 843 4958 aliqua
877 4865 1267 4938 animalia
1322 4867 1620 4939 habent
1661 4867 1870 4939 alios

322 5013 607 5066 sensus
690 4998 769 5067 et
820 5013 982 5064 non
1025 5013 1331 5075 omnes,
1388 4994 1661 5085 aliqua
1705 5014 1874 5065 om-

320 5136 494 5198 nes;
602 5136 807 5209 ergo
849 5121 972 5191 est
1022 5117 1213 5190 dare
1272 5115 1652 5198 formam,
1701 5137 1875 5208 quae

322 5240 425 5314 sit
467 5240 971 5334 principium
1013 5240 1513 5333 cognitionis
1569 5240 1876 5334 simpli-

323 5367 528 5442 citer
599 5371 980 5461 acceptae,
1054 5372 1133 5441 et
1205 5368 1588 5443 totaliter
1662 5388 1877 5439 com-

325 5493 562 5584 pletae
620 5519 635 5562 ε
693 5493 887 5567 talis
950 5496 1222 5567 autem
1293 5494 1659 5585 cognitio
1719 5514 1881 5565 non

325 5622 447 5692 est
501 5617 672 5691 nisi
750 5617 1293 5700 intellectiva3
1356 5638 1558 5709 ergo
1616 5638 1881 5691 neces-

489 5754 645 5807 Tom.
677 5753 764 5807 IV·

1967 612 2190 685 sario
2289 611 2788 686 intellectiva
2853 609 3013 684 erit
3109 610 3191 684 in
3291 610 3507 683 linea

1966 729 2457 802 formarum.

2060 849 2292 928 Item,
2368 866 2511 939 per
2586 845 2947 918 eamdem
3020 843 3510 937 propositio-

1968 982 2212 1034 nem:
2281 962 2373 1033 In
2440 982 2946 1054 quocumque
3024 978 3319 1052 genere
3387 962 3510 1032 est

1971 1079 2234 1170 magis
2314 1082 2394 1153 et
2472 1079 2737 1153 minus
2824 1078 3299 1172 perfectum,
3387 1080 3514 1150 est

1965 1195 2160 1268 dare
2221 1195 2711 1289 simpliciter
2768 1194 3218 1288 perfectum
3291 1193 3510 1266 illius

1968 1313 2321 1404 generiS,
2365 1317 2445 1388 et
2495 1317 3196 1387 consummatum:
3261 1311 3510 1385 sedin

1969 1429 2184 1503 linea
2224 1429 2681 1503 formarum
2740 1432 2863 1503 est
2922 1431 3115 1503 dare
3169 1428 3507 1510 formas,

1970 1567 2146 1638 quae
2234 1551 2422 1620 sunt
2503 1545 2996 1639 principium
3088 1545 3512 1638 appetendi

1971 1664 2406 1735 secundum
2451 1662 2713 1754 magis
2757 1661 3207 1755 perfectum
3257 1664 3334 1733 et
3379 1660 3515 1732 im-

1972 1778 2467 1873 perfectum;
2531 1798 2729 1870 ergo
2781 1780 2862 1851 et
2902 1776 3282 1859 sormam,
3340 1797 3513 1869 quae

1970 1897 2134 1970 erit
2208 1896 2701 1990 principium
2774 1894 3116 1988 perfecti
3203 1894 3516 1987 appeti-

1972 2016 2103 2087 tus
2141 2037 2156 2082 ε
2193 2032 2381 2087 nam
2432 2011 2706 2104 aliqua
2751 2011 3022 2084 forma
3062 2014 3187 2084 est
3221 2010 3515 2103 princi·

1972 2130 2194 2222 pium
2228 2128 2641 2221 appetitus
2694 2126 2954 2208 liberi,
3019 2125 3188 2199 haeo
3241 2129 3515 2200 autem

1970 2265 2132 2317 non
2176 2248 2446 2339 potest
2514 2266 2692 2318 esse
2733 2243 2892 2317 nisi
2964 2242 3509 2323 intellectiva;

1970 2382 2171 2454 ergo
2204 2365 2327 2435 est
2368 2361 2662 2435 forma.

2061 2482 2176 2554 Ad
2243 2481 2712 2553 solvendum
2778 2481 3052 2553 autem
3121 2477 3516 2554 motivum
3658 2492 3745 2548 ω.

1972 2597 2215 2690 hujus
2253 2596 2713 2690 positionis,
2760 2595 2967 2688 quod
3009 2614 3169 2668 non
3201 2599 3325 2668 est
3358 2594 3519 2668 nisi

1974 2734 2248 2795 unum,
2292 2713 2418 2785 vel
2481 2713 2549 2787 si
2594 2712 2759 2786 sint
2831 2710 3114 2793 multa,
3170 2711 3267 2783 ad
3327 2710 3520 2783 illud

1973 2853 2222 2904 unum
2286 2832 2807 2912 reducuntur,
2923 2830 3238 2905 scilicet
3318 2828 3525 2922 quod

1977 2949 2242 3022 omnis
2310 2950 2582 3023 forma
2651 2947 3206 3021 communicat
3278 2949 3526 3020 mate-

1977 3063 2122 3138 riae
2192 3086 2356 3138 suae
2431 3063 3023 3143 actualitatem,
3095 3064 3178 3136 et
3248 3066 3523 3136 actum

1973 3182 2289 3255 essendi
2366 3186 2446 3256 et
2506 3178 3095 3274 operationem,
3163 3177 3280 3252 sic
3343 3200 3524 3271 pro-

1975 3298 2219 3371 cedo:
2263 3296 2538 3369 Primo
2592 3294 2953 3377 ostendo,
2998 3293 3204 3386 quod
3261 3294 3528 3367 dicere

1977 3415 2185 3508 quod
2262 3433 2422 3486 non
2508 3414 2632 3484 est
2707 3411 3001 3491 forma,
3087 3409 3276 3502 quia
3359 3431 3520 3484 non

1976 3530 2528 3606 communicat
2596 3528 3166 3602 actualitatem
3263 3547 3521 3608 suam,

1976 3653 2056 3723 et
2097 3648 2389 3729 dicere,
2455 3645 2662 3738 quod
2734 3645 3015 3717 intime
3074 3644 3381 3726 unitur,
3446 3646 3524 3716 et

1977 3787 2138 3837 non
2169 3763 2720 3837 communicat
2761 3761 3324 3835 actualitatem
3361 3780 3527 3834 suae

1980 3880 2392 3961 materiae,
2480 3879 2850 3972 implicat
2946 3877 3528 3951 contradictio-

1978 4019 2188 4072 nem.
2288 3996 2402 4069 Ad
2487 3996 2720 4086 cujus
2806 3993 3296 4067 evidentiam
3402 3997 3528 4068 est
3560 4009 3876 4134 wlff-2⁶73-

1980 4116 2389 4207 sciendum
2449 4113 2706 4203 (sieut
2762 4112 2968 4184 alias
3010 4111 3270 4201 dixi·)
3325 4112 3533 4204 quod
3589 4143 3834 4195 marma

1977 4232 2202 4304 nulla
2273 4231 2536 4301 forma
2578 4227 3164 4311 substantialiS,
3222 4229 3348 4301 vel
3417 4212 3852 4311 ac-',{{',',¹„‘2‘32.',’}{

1980 4347 2430 4429 cidentalis,
2468 4345 2946 4437 inquantum
2979 4346 3274 4428 forma,
3329 4367 3542 4419 com·
3571 4323 3872 4449 ffiussssssssf

1987 4464 2349 4537 municat
2400 4468 2700 4543 actum,
2769 4483 2913 4534 nec
2949 4462 3332 4555 primum,
3397 4484 3587 4535 nec.
3623 4456 3856 4576 siffis.

1984 4581 2423 4653 secundum
2459 4577 2853 4659 materiae,
2897 4577 3029 4649 sed
3056 4577 3539 4670 inquantum
3568 4577 3617 4627 6·
3646 4580 3876 4639 0220‘1‘1·

1987 4695 2185 4768 facit
2231 4690 2478 4766 unum
2518 4712 2817 4773 seeum,
2864 4695 2943 4765 et
3005 4692 3157 4764 sibi
3220 4692 3534 4775 unitur;

1989 4812 2179 4904 quia
2237 4829 2398 4881 non
2468 4807 2750 4880 unitur
2808 4807 3079 4879 forma
3142 4810 3534 4892 materiae,

1989 4947 2134 4998 nee
2204 4923 2572 4997 accidens
2654 4921 3044 5014 subjecto,
3126 4923 3283 4994 nisi
3355 4924 3542 5015 quia

1993 5042 2421 5123 inhaerent,
2489 5041 2661 5113 ideo
2703 5061 2847 5112 nec
2901 5059 3145 5111 unum
3205 5040 3537 5123 faciunt,

1994 5181 2137 5231 nee
2243 5156 2809 5231 actualitatem
2905 5155 3537 5238 communicant.

1994 5274 2152 5346 nisi
2226 5294 2368 5366 per
2435 5270 3002 5346 actualitatem
3063 5269 3539 5346 inhaereant.

2000 5392 2080 5465 Si
2133 5394 2406 5464 autem
2468 5387 2985 5479 intelligatur
3045 5409 3194 5481 per
3259 5389 3551 5483 impos-

2000 5503 2255 5583 sibile,
2323 5502 2528 5594 quod
2580 5501 2948 5574 accidens
3002 5523 3248 5573 unum
3305 5503 3554 5579 faciat

2001 5637 2189 5693 cum
2249 5615 2642 5707 subJectO,
2699 5618 2779 5689 et
2823 5612 3089 5687 forma
3147 5638 3332 5691 cum
3396 5640 3557 5692 ma-

3341 5753 3403 5807 27
