4252 6393
145 3677 305 3729 Natura

146 3759 338 3807 uellecti-

145 3833 167 3864 α
188 3829 247 3867 ed
266 3824 362 3895 s⁰.¹'‘

183 3960 266 3997 MS.

1725 381 2087 462 QUAEsTlo
2136 382 2216 447 lX

378 548 759 621 meritum
821 531 1266 619 concurrat
1330 551 1559 620 actus
1626 544 1916 618 intelli·

377 662 632 752 gendi,
704 667 783 736 et
848 661 1166 734 volendi
1240 681 1383 753 per
1451 682 1534 733 se
1592 688 1607 731 ε
1709 662 1920 734 sicut

375 778 620 851 etiam
656 801 698 849 e
733 777 1157 851 contrario
1194 777 1573 861 infertur,
1612 779 1817 868 quod
1851 779 1917 849 si

372 895 570 969 nihil
606 916 939 988 possum
972 895 1362 966 detestari
1399 898 1541 967 aut
1605 915 1913 976 amare,

375 1009 530 1083 nisi
576 1031 721 1103 per
749 1008 1278 1089 intellectum,
1311 1009 1681 1100 sequitur
1715 1011 1920 1101 quod

380 1127 861 1217 intelligere,
896 1131 977 1200 et
1010 1146 1290 1197 amare
1324 1125 1643 1208 animae,
1686 1131 1770 1199 ut
1796 1130 1920 1198 est

379 1245 453 1317 in
494 1266 870 1339 corpore,
899 1265 1059 1317 non
1090 1249 1215 1318 est
1254 1243 1509 1317 totius
1542 1245 1918 1339 conjunc-

381 1362 466 1436 ti.

469 1477 695 1556 Item,
731 1479 1050 1549 certum
1083 1482 1207 1550 est
1243 1479 1447 1568 quod
1480 1476 1920 1570 quamlibet

381 1594 731 1684 speciem
792 1595 1167 1685 sequitur
1208 1594 1483 1686 aliqua
1545 1594 1917 1686 operatio

382 1710 739 1802 propria,
787 1712 976 1803 quia
1006 1736 1140 1780 esse
1173 1712 1555 1803 primum,
1596 1713 1766 1783 sive
1798 1731 1918 1782 ac-

380 1830 507 1899 tus
553 1827 893 1919 primnS,
956 1832 1081 1900 est
1134 1827 1626 1921 principium
1687 1831 1918 1900 actus

383 1946 698 2017 secundi
766 1949 847 2018 et
899 1944 1135 2035 origo
1177 1945 1378 2039 ejus,
1453 1951 1541 2020 ut
1600 1945 1919 2036 colligi-

381 2065 515 2133 tur
544 2081 641 2132 ex
687 2061 1090 2154 principio
1120 2064 1186 2134 2.
1230 2065 1313 2131 de
1351 2066 1619 2145 Anima,
1666 2087 1809 2151 cap.
1852 2066 1911 2134 1.

381 2190 534 2243 texe.
575 2179 643 2248 5.
692 2176 1069 2268 quaelihet
1110 2181 1384 2251 autem
1421 2177 1733 2269 species
1786 2176 1917 2248 ha-

379 2290 502 2363 bet
550 2316 687 2361 esse
728 2295 1152 2386 proprium
1210 2297 1288 2367 et
1365 2312 1597 2365 suam
1646 2298 1919 2366 actua·

383 2406 742 2490 litatem;
786 2428 986 2499 ergo
1048 2409 1489 2500 quamlibet
1550 2410 1921 2501 sequitur

382 2545 521 2596 sua
553 2526 893 2617 propria
935 2527 1343 2618 operatio:
1382 2526 1605 2598 nulla
1646 2530 1918 2598 autem

383 2644 593 2714 actio
628 2646 752 2715 est
790 2641 869 2714 in
912 2641 1236 2715 homine
1297 2643 1517 2716 ultra
1562 2663 1914 2726 sensum,

386 2759 458 2829 in
499 2778 656 2850 quo
688 2779 848 2831 non
889 2760 1266 2835 convenit
1316 2781 1500 2833 cum
1552 2759 1919 2832 animali·

383 2876 547 2957 bus,
591 2876 746 2949 nisi
809 2876 1295 2968 intelligere,
1341 2883 1481 2952 aut
1512 2878 1719 2949 velle
1752 2879 1921 2950 sive

384 2991 630 3064 libere
697 3012 984 3084 agere;
1048 3014 1248 3084 ergo
1284 2999 1425 3068 aut
1470 2993 1709 3066 homo
1761 3014 1921 3066 non

384 3101 500 3182 est
544 3111 884 3205 propria
927 3112 1263 3205 species,
1310 3116 1449 3185 aut
1491 3112 1734 3184 homo
1796 3115 1923 3184 est

389 3229 603 3301 solus
680 3230 1167 3311 intellectus,
1240 3237 1325 3305 ut
1390 3232 1595 3305 dixit
1660 3231 1917 3313 Plato,

388 3349 520 3417 aut
555 3345 621 3417 si
661 3350 787 3419 est
827 3347 1396 3439 compositum,
1434 3349 1608 3439 ejus
1645 3369 1922 3440 opera-

391 3462 502 3535 tio
541 3466 664 3534 est
729 3462 1191 3553 intelligere
1233 3470 1312 3537 et
1354 3464 1603 3536 libere
1650 3484 1919 3555 agere.

478 3580 644 3652 Hoc
679 3581 1131 3672 supposito,
1196 3582 1400 3672 quod
1460 3581 1921 3671 intelligere

389 3694 491 3768 sit
522 3697 736 3770 actio
771 3696 1239 3789 compositi,
1278 3698 1570 3770 accedo
1614 3698 1708 3769 ad
1743 3718 1921 3789 pro-

316 3912 341 3924 α
390 3813 760 3904 positum,
817 3815 1022 3906 quod
1082 3819 1379 3887 natura
1425 3815 1922 3887 intellectiva

390 3931 843 4003 necessario
888 3930 994 4005 sit
1028 3930 1294 4003 forma.
1338 3931 1557 4005 illius
1601 3953 1923 4024 compo-

390 4047 518 4121 siti
616 4048 1150 4139 intelligentis
1236 4054 1317 4124 et
1388 4052 1653 4143 primo
1733 4050 1849 4122 sic
1903 4076 1916 4118 :

389 4166 629 4237 Omne
675 4165 1168 4258 principium
1222 4167 1572 4259 patiendi
1619 4167 1921 4241 reduci-

389 4284 520 4351 tur
557 4281 651 4352 ad
706 4280 1164 4362 materiam,
1216 4287 1283 4355 9.
1338 4285 1705 4372 MecaplzyS.
1753 4297 1914 4351 ceaet.

346 4396 448 4465 2.
489 4415 683 4486 ergo
748 4416 981 4468 omne
1062 4396 1555 4489 principium
1635 4397 1921 4487 agendi

392 4511 817 4584 reducetur
860 4513 1329 4585 necessario
1382 4514 1477 4584 ad
1520 4512 1915 4593 formam;

387 4647 575 4718 ergo
639 4628 708 4700 si
757 4632 979 4702 totus
1037 4630 1277 4702 homo
1341 4630 1725 4720 intelligit
1777 4651 1920 4722 per

393 4742 909 4826 intellectum,
948 4748 1415 4819 necessario
1459 4747 1919 4820 intellectus

390 4861 540 4935 erit
580 4862 845 4934 forma
903 4862 1258 4935 hominis
1313 4864 1576 4956 primo
1627 4867 1707 4937 ct
1780 4884 1922 4956 per

394 4997 495 5056 se,
551 4983 690 5052 aut
734 4998 877 5069 per
926 4978 1142 5051 aliud
1200 5000 1413 5051 :non
1475 5000 1618 5072 per
1678 4980 1915 5059 aliud,

393 5093 570 5183 quia
599 5098 790 5167 tunc
830 5094 1073 5167 homo
1119 5095 1596 5186 inquantum
1648 5096 1916 5179 hom0‚

394 5232 544 5283 non
634 5213 1153 5303 intelligeret,
1236 5215 1367 5286 sed
1444 5216 1920 5306 inquantum

397 5328 814 5409 sensibilis,
881 5329 1006 5400 vel
1084 5329 1350 5410 aliud;
1443 5352 1644 5420 ergo
1730 5335 1921 5403 tunc

395 5441 628 5516 etiam
662 5466 807 5538 per
841 5444 1055 5527 illud,
1094 5446 1188 5517 ad
1225 5445 1429 5536 quod
1463 5445 1922 5523 intellectus

398 5560 933 5644 reduceretur,
971 5562 1436 5635 necessario
1461 5569 1677 5636 esset
1714 5566 1922 5657 prin-

3457 373 3576 443 409

2030 543 2319 636 cipalis
2353 543 2622 617 forma
2657 541 2901 623 illius,
2938 561 2984 612 a
3018 560 3173 632 quo
3198 538 3415 612 actio
3445 537 3583 609 eli-

2034 660 2252 733 citur
2289 659 2769 751 inquantum
2806 658 3008 736 tale;
3046 675 3245 748 ergo
3279 654 3582 745 aliquid

2032 778 2248 850 aliud
2301 778 2399 849 ab
2445 777 2863 849 intellectu
2909 779 3124 849 esset
3176 773 3583 868 principa-

2033 895 2227 968 liter
2307 894 2576 967 forma
2634 893 3016 975 hominis,
3100 893 3578 984 inquantum

2032 1011 2301 1084 homo.
2331 1010 2552 1083 Nihil
2587 1014 2860 1084 autem
2894 1011 3016 1082 est
3047 1009 3336 1091 dicere,
3375 1009 3582 1100 quod

2034 1128 2623 1203 i‘ntellectivum
2658 1129 3098 1201 reducatur
3138 1126 3232 1198 ad
3265 1125 3579 1198 sensiti-

2030 1268 2248 1328 vum,
2287 1251 2373 1320 ut
2428 1251 2552 1320 est
2589 1244 3096 1338 ‘principium
3133 1242 3581 1334 intelligen-

2032 1362 2133 1445 di,
2221 1361 2530 1435 scilicet
2613 1361 2801 1452 quia
2888 1361 3418 1433 reduceretur
3484 1359 3581 1432 ad

2034 1478 2302 1571 ipsum
2358 1480 2634 1552 ordine
2694 1483 3037 1559 naturae,
3103 1478 3578 1570 inquantum

2033 1600 2158 1669 est
2205 1595 2547 1668 medium
2623 1594 2971 1674 uniendi,
3028 1594 3240 1692 sicut
3309 1592 3578 1665 forma

2035 1713 2486 1805 perfectior
2529 1732 2671 1804 per
2717 1711 3368 1804 imperfectiores
3411 1709 3580 1782 uni-

2033 1834 2212 1910 tur;
2259 1830 2482 1901 nulla
2534 1833 2806 1902 tamen
2857 1828 3127 1901 forma
3186 1830 3282 1901 ad
3330 1827 3578 1900 aliam

2036 1949 2474 2028 reducitur,
2522 1949 2607 2019 ut
2650 1952 2773 2021 est
2809 1946 3301 2040 principium
3350 1944 3580 2038 perfi-

2033 2061 2315 2143 ciendi,
2379 2062 2502 2132 vel
2575 2061 2962 2154 operandi
3039 2064 3312 2133 actum
3399 2079 3579 2151 pro·

2034 2178 2305 2270 prium
2342 2203 2354 2245 ε
2413 2178 2893 2252 sensitivum
2925 2176 3140 2248 enim
3180 2196 3323 2268 per
3355 2197 3463 2256 se,
3498 2179 3579 2249 et

2034 2318 2192 2369 non
2228 2319 2373 2390 per
2404 2297 2644 2378 aliud,
2681 2297 2815 2370 dat
2845 2317 3024 2368 esse
3065 2293 3572 2376 sensitivam,

2032 2419 2111 2488 et
2155 2415 2269 2487 sic
2310 2416 2400 2486 de
2445 2414 2656 2497 aliis,
2719 2419 2799 2489 et
2860 2435 3003 2507 per
3051 2432 3575 2503 consequens,

2033 2532 2580 2623 compositum
2643 2552 2788 2624 per
2853 2531 3116 2623 ipsum
3187 2529 3412 2602 elicit
3452 2549 3577 2601 ac-

2034 2653 2206 2722 tum
2245 2650 2670 2741 proprium
2715 2647 3149 2736 secundum
3191 2646 3443 2728 illam,
3491 2649 3579 2719 ut

2032 2765 2366 2839 sentire.
3577 2796 3628 2804 ὴ
3653 2799 3688 2802 f·

2131 2884 2358 2964 Item,
2463 2884 2899 2955 secundum
2992 2879 3578 2973 Philosophum

2032 3000 2098 3070 6.
2159 3002 2446 3087 Metaph.
2512 3013 2670 3068 text.
2733 3001 2799 3069 2.
2871 2996 3233 3070 definitio
3297 3017 3576 3068 rerum

2035 3116 2540 3189 naturalium
2600 3137 2699 3188 ex
2765 3114 3115 3188 materia
3178 3120 3257 3188 et
3309 3113 3577 3186 forma

2034 3232 2416 3307 consistit
2466 3259 2479 3301 :
2531 3232 2890 3306 definitio
2941 3236 3213 3304 autem
3277 3232 3577 3305 indicat

2039 3350 2222 3441 quid
2283 3353 2407 3421 est
2472 3368 2650 3419 esse
2696 3348 2864 3429 rei;
2930 3366 3131 3436 ergo
3202 3347 3578 3438 quidquid

2035 3485 2196 3537 non
2230 3468 2353 3537 est
2398 3463 2744 3536 materia
2777 3462 2902 3534 vel
2974 3462 3240 3536 forma
3281 3464 3426 3546 rei,
3454 3466 3577 3537 est

2035 3583 2279 3652 extra
2338 3579 2809 3660 essentiam,
2855 3598 2947 3651 ac
3004 3598 3148 3670 per
3194 3577 3344 3651 hoc
3404 3578 3576 3651 sine

2039 3697 2179 3767 illo
2226 3701 2491 3789 potest
2529 3718 2658 3768 res
2695 3696 3039 3786 intelligi
3079 3722 3093 3778 ;
3129 3716 3327 3787 ergo
3364 3696 3432 3769 si
3467 3697 3575 3769 in-

2038 3814 2414 3888 tellectus
2513 3814 2994 3905 inquantum
3086 3813 3571 3897 intellectus,

2036 3935 2161 4003 est
2245 3931 2335 4001 de
2420 3929 2779 4002 essentia
2860 3929 3242 4011 hominis,
3312 3931 3576 4023 (quod

2039 4052 2364 4139 oportet
2405 4046 2674 4119 dicere
2718 4048 3150 4120 secundum
3195 4046 3427 4118 fidem
3495 4052 3574 4122 et

2037 4185 2315 4236 omnes
2373 4168 2833 4256 Doctores)
2892 4166 3384 4248 necessario,
3446 4168 3573 4239 vel

2034 4284 2250 4352 esset
2288 4280 2634 4352 materia
2696 4279 3569 4366 liominiS,velfor1na;

2034 4417 2196 4468 non
2245 4397 2618 4477 materia,
2675 4417 2863 4469 nam
2909 4397 3047 4469 illa
3099 4403 3223 4471 est
3275 4420 3576 4492 corpus

2037 4510 2560 4600 organicum
2608 4532 2749 4584 nec
2797 4512 3146 4586 materia
3196 4513 3578 4605 spiritua·

2034 4629 2160 4709 lis,
2202 4648 2374 4718 quae
2407 4632 2532 4702 est
2581 4648 2771 4721 pars
2814 4629 3130 4710 animae,
3191 4630 3379 4721 quia
3411 4631 3576 4704 ani-

2038 4766 2168 4818 ma
2239 4746 2592 4818 humana
2647 4747 3083 4820 secundum
3153 4749 3380 4822 illam
3442 4772 3575 4845 ρο-

2036 4863 2376 4937 tentiam
2411 4868 2534 4937 est
2577 4862 2930 4938 hominis
2975 4864 3267 4949 forma,
3310 4869 3401 4940 de
3446 4890 3574 4941 cu-

2027 4978 2162 5069 jus
2195 5002 2327 5046 esse
2359 4999 2515 5049 non
2547 4983 2672 5052 est
2708 4982 3079 5065 materia,
3119 5003 3210 5055 ac
3247 5004 3392 5076 per
3423 4983 3574 5057 hoc

2034 5095 2252 5168 cadit
2297 5094 2375 5165 in
2437 5096 2843 5168 rationem
2884 5097 3207 5180 formae;
3245 5120 3390 5172 nec
3448 5106 3575 5175 est

2036 5211 2389 5285 materia
2415 5233 2559 5304 per
2592 5234 2700 5294 se,
2740 5218 2826 5288 ut
2859 5220 3082 5306 patet
3117 5242 3131 5298 ;
3176 5235 3373 5307 ergo
3415 5238 3577 5291 non

2036 5332 2164 5400 est
2204 5329 2294 5399 de
2336 5329 2691 5400 essentia
2733 5328 3110 5402 hominis.

2128 5446 2291 5516 Nec
2345 5446 2562 5521 valet
2602 5445 2893 5529 dicere,
2952 5448 3159 5539 quod
3214 5454 3339 5523 est
3395 5471 3578 5524 con-

2041 5561 2604 5637 substantialis
2660 5583 2876 5656 pars,
2923 5569 3011 5641 ut
3062 5585 3346 5640 manus
3434 5574 3577 5645 aut
