4252 6393
656 391 669 446 Ῑ
744 392 864 458 442

640 553 833 638 Deo,
880 553 1125 629 homo
1172 578 1334 631 non
1383 558 1543 632 erit
1589 579 1719 631 res
1768 562 2189 651 generata.

645 674 779 746 scd
812 678 1117 749 creata.

1219 848 1627 907 SCHOLIUM.

716 1000 875 1058 Dicit
911 999 1014 1057 hic
1054 1003 1271 1059 Doctor
1311 1001 1633 1060 hominem
1685 1003 1940 1074 proprie
1992 1000 2199 1060 homi-

643 1112 786 1156 nem
818 1112 1153 1169 generare,
1176 1099 1325 1172 quia
1356 1099 1503 1156 licet
1525 1113 1646 1156 non
1669 1098 1890 1157 educat
1911 1100 2196 1168 sormam,

645 1197 920 1252 animam
953 1195 1197 1253 scilicet
1224 1197 1592 1254 rationalem
1624 1212 1700 1254 ex
1757 1198 2030 1268 potentia
2064 1212 2200 1255 ma-

644 1295 842 1362 teriae,
868 1308 983 1350 nec
1005 1294 1140 1364 eJus
1174 1296 1555 1353 creationem
1585 1296 1889 1368 attingat3
1923 1301 2198 1355 attamen

646 1407 789 1449 cum
849 1407 1001 1449 vere
1059 1393 1360 1466 producat
1415 1407 1551 1450 esse
1608 1396 1797 1452 totius
1851 1395 2198 1466 compositi,

645 1491 809 1564 quod
840 1495 933 1549 est
964 1492 1260 1564 proprius
1306 1493 1615 1551 terminus
1656 1494 2099 1563 generationis,
2140 1499 2202 1553 et

648 1594 715 1648 in
751 1593 1016 1650 materia
1046 1606 1151 1649 eas
1192 1590 1495 1664 producat
1532 1594 1883 1665 qualitates,
1926 1594 2203 1665 comple-

649 1693 896 1748 xionem
974 1694 1035 1747 et
1082 1691 1350 1748 formam
1397 1691 1852 1764 corporeitatis,
1911 1691 1987 1747 ad
2046 1706 2202 1764 quas

644 1793 863 1847 auctor
910 1793 1150 1847 naturae
1199 1791 1554 1847 necessario
1599 1794 1789 1857 creat,
1822 1794 1882 1848 et
1924 1790 2204 1849 infundit

645 1890 946 1956 animam,
981 1902 1103 1945 non
1137 1889 1457 1946 immerito
1486 1888 1733 1947 dicetur
1773 1894 1969 1948 totum
2011 1906 2203 1961 gene-

644 2001 785 2045 rare
808 1987 1244 2059 compositum.
1280 1987 1568 2046 Admittit
1588 1993 1794 2047 tamen
1829 1992 2030 2060 magis
2060 2004 2202 2061 pro·

642 2088 782 2162 prie
807 2089 1098 2159 generari
1130 2087 1257 2144 alia
1296 2088 1641 2145 animantia
1676 2103 1834 2161 p.1re
1866 2090 2202 2157 naturalia,

645 2178 794 2256 quia
828 2179 1088 2234 illorum
1120 2178 1372 2248 agentia
1402 2178 1591 2235 etiam
1654 2181 1999 2236 formarum
2058 2194 2205 2251 pro-

644 2278 1002 2338 ductionem
1034 2278 1371 2346 attingunt,
1404 2290 1636 2348 eas1ue
1668 2275 1944 2335 educunt
1971 2276 2048 2334 de
2093 2292 2206 2348 po-

645 2377 838 2436 tentia
870 2376 1169 2433 materiae.
1205 2373 1381 2431 Unde
1411 2376 1498 2431 ait
1527 2375 1800 2432 hominis
1850 2377 2206 2446 generatio-

647 2487 793 2531 nem
843 2470 1247 2544 (attendendo
1298 2470 1374 2527 ad
1445 2477 1689 2543 partem
1757 2473 2203 2545 principalem,

648 2572 915 2628 sormam
972 2571 1236 2638 scilicet,
1296 2571 1433 2627 sive
1493 2571 1773 2628 animam
1806 2571 2203 2641 rationalem,

649 2687 792 2745 quae
821 2670 1131 2727 divinitus
1188 2675 1441 2727 creatur
1478 2675 1540 2729 et
1571 2670 1951 2741 infunditur)
1989 2670 2206 2729 dicen-

647 2771 790 2827 dam
821 2784 956 2826 esse
1005 2767 1458 2840 quodammodo
1490 2770 1689 2838 magis
1739 2771 2206 2840 generationem

648 2867 1193 2941 supernaturalem
1267 2881 1452 2939 quam
1502 2867 1880 2935 naturalem,
1931 2870 1992 2924 et
2038 2867 2208 2926 divi-

650 2981 797 3024 nam
876 2966 1077 3036 magis
1123 2967 1553 3038 operationem
1605 2980 1791 3037 quam
1844 2967 2211 3026 humanam.

652 3064 922 3124 Aliunde
947 3080 1115 3132 vero,
1140 3080 1215 3120 ex
1237 3070 1410 3136 parte
1430 3064 1675 3122 scilicet
1726 3066 2000 3122 materiae
2019 3081 2206 3137 quam

646 3163 1066 3232 administrat,
1099 3162 1396 3236 disponit,
1449 3167 1847 3231 transmutat,
1901 3167 1961 3222 et
2008 3166 2206 3223 forma

647 3261 857 3320 induit
889 3262 1069 3318 mixti
1101 3276 1293 3334 quam
1346 3276 1422 3318 ex
1473 3263 1609 3333 ipsa
1678 3266 1940 3321 materia
1973 3262 2204 3332 educit,

645 3364 707 3418 et
737 3359 814 3417 ad
843 3373 1034 3432 quam
1066 3360 1352 3431 sequitur
1386 3362 1532 3417 unio
1581 3362 1808 3418 animae
1859 3363 2206 3431 rationalis,

646 3460 878 3530 optime
910 3457 1034 3514 dici
1066 3459 1295 3529 poterit
1326 3463 1505 3530 pater
1555 3458 1760 3516 fllium
1782 3473 1966 3516 suum
2015 3473 2211 3530 gene-

650 3570 815 3612 rare.
850 3554 1156 3612 Similiter
1177 3553 1386 3613 docuit
1407 3558 1472 3612 in
1495 3557 1548 3614 4.
1574 3556 1847 3614 distinct.
1871 3558 1960 3613 43.
1986 3562 2207 3629 quaest.

648 3655 702 3711 3.
738 3658 792 3720 ἓ.
826 3654 930 3709 Sed
965 3655 1110 3709 illud
1160 3656 1387 3709 verbum
1436 3658 1735 3722 usitatum,
1789 3654 1894 3711 uhi
1943 3656 2032 3711 ait
2081 3657 2212 3712 for-

652 3765 817 3809 mam
851 3751 1286 3823 corporeitatis
1328 3752 1394 3808 in
1445 3753 1704 3809 materia
1754 3766 1892 3809 esse
1942 3752 2213 3824 disposi-

649 3852 884 3909 tionem
917 3852 1399 3908 necessitantem
1431 3849 1507 3906 ad
1547 3852 1863 3922 animam3
1898 3865 2018 3909 non
2051 3849 2214 3923 quod

653 3964 732 4006 ex
787 3947 919 4015 illa,
956 3947 1056 4004 vel
1101 3949 1335 4005 virtute
1386 3948 1523 4018 ejus
1552 3951 1852 4019 sequatur
1891 3950 2212 4018 animati0‚

654 4048 765 4106 sed
796 4050 944 4121 quia
976 4050 1112 4121 ipsa
1143 4049 1361 4120 posita,
1411 4062 1603 4117 agens
1654 4048 1756 4104 vel
1792 4051 1955 4104 Deus
1996 4063 2215 4105 neces-

658 4150 841 4206 sitate
872 4147 1291 4207 conditionata
1320 4162 1449 4204 suae
1471 4146 1922 4218 dispositionis,
1962 4163 2070 4205 seu
2103 4163 2217 4204 ne-

660 4247 945 4303 cessitate
977 4244 1318 4301 secundum
1352 4244 1505 4316 quid
1538 4246 1634 4301 sui
1685 4245 1942 4313 decreti,
1977 4246 2218 4305 inducit

661 4346 948 4410 sormam,
981 4342 1060 4399 ad
1090 4358 1278 4414 quam
1312 4344 1635 4415 praemissa
1673 4348 1764 4400 est
1797 4359 1830 4399 a
1873 4352 2215 4413 generante

660 4442 807 4501 talis
849 4441 1192 4514 dispositi0.
1246 4443 1517 4512 Eamque
1569 4456 1703 4497 esse
1754 4443 1911 4499 Scoti
1964 4448 2217 4499 senten-

658 4544 810 4600 tiam
843 4541 1041 4612 aliqui
1077 4540 1312 4607 dicunt,
1349 4544 1558 4597 utnon
1581 4540 1784 4597 solum
1810 4541 1949 4597 ideo
1972 4540 2218 4598 dicatur

661 4642 845 4697 homo
867 4652 1198 4710 generare,
1226 4639 1373 4711 quia
1395 4642 1711 4710 praeparat
1735 4638 2083 4705 materiam,
2110 4637 2217 4695 sed

666 4739 855 4794 etiam
888 4736 1037 4808 quia
1068 4737 1409 4793 intrinsece
1452 4734 1703 4803 attingit
1741 4735 2038 4800 animam,
2079 4751 2216 4792 eam

662 4838 909 4908 corpori
945 4833 1256 4904 uniendo;
1290 4835 1440 4906 quia
1476 4836 1634 4889 Deus
1678 4847 1794 4889 non
1819 4848 1886 4890 se
1924 4835 2051 4891 solo
2086 4837 2222 4893 unit

664 4935 941 4994 animam
973 4934 1241 5004 corpori,
1288 4930 1395 4988 sed
1444 4932 1635 4988 simul
1685 4946 1826 4987 cum
1880 4939 2221 5003 generante

667 5047 785 5107 per
854 5045 1250 5088 communem
1312 5044 1686 5086 concursum
1758 5031 2077 5086 concurrit
2144 5030 2222 5087 ad

661 5134 843 5190 illam
893 5131 1201 5188 actionem
1247 5130 1579 5185 unitivam.
1630 5127 1786 5185 Vide
1836 5128 2218 5185 Conimbric.

666 5232 778 5290 lib.
817 5232 867 5288 1.
902 5229 978 5287 de
1008 5231 1234 5286 Gener.
1273 5244 1408 5301 cap.
1442 5230 1495 5284 4.
1531 5233 1750 5300 quaest.
1789 5229 1874 5284 13.
1908 5231 2028 5285 art.
2062 5234 2116 5283 2.

758 5356 872 5429 Ad
925 5354 1160 5448 cujus
1218 5352 1706 5425 evidentiam
1774 5358 1898 5427 cst
1972 5352 2222 5425 scien-

666 5478 879 5556 dum,
963 5474 1171 5568 quod
1237 5471 1448 5545 sicut
1525 5476 1743 5565 patet
1809 5476 1876 5546 8.
1951 5478 2215 5562 Phys-ic.

669 5608 829 5678 ιρφι.
864 5596 974 5678 62.
1007 5590 1340 5675 termini
1376 5589 1935 5684 generationis
1972 5612 2113 5689 per
2138 5613 2222 5665 se

1790 396 1894 462 DE
1938 397 2209 463 RERUM
2257 395 2646 461 PRINCIPIO

2310 562 2493 632 sunt
2535 583 2667 627 esse
2702 563 2783 632 et
2823 582 2959 628 non
2989 581 3143 640 esse,
3182 555 3371 649 quia
3424 553 3841 647 generatio

2307 679 2432 750 est
2474 674 2822 750 mutatio
2860 675 2951 748 de
2991 699 3124 745 non
3166 697 3301 743 esse
3361 673 3439 744 in
3471 696 3641 756 csse,·
3683 691 3845 745 001‘·

2309 791 2585 884 ruptio
2618 791 3144 872 econtrari03
3182 789 3394 864 sicut
3433 809 3635 881 ergo
3677 808 3847 862 con-

2306 907 2526 982 venit
2579 908 2823 982 alicui
2867 931 3070 990 esse,
3118 909 3233 980 sic
3276 906 3685 998 generari.
3725 905 3847 979 Sic

2309 1032 2583 1104 autem
2643 1051 2779 1096 esse
2830 1052 3079 1117 perse,
3127 1031 3214 1099 ut
3274 1030 3400 1099 est
3450 1024 3848 1098 terminus

2311 1145 2893 1235 generationiS‚
2939 1148 3064 1218 est
3120 1142 3549 1237 dispositio
3602 1129 3849 1214 so'lius

2310 1262 2795 1355 compositi;
2899 1261 3267 1335 materiae
3380 1265 3654 1335 autem
3775 1263 3852 1334 et

2310 1379 2600 1453 formae
2641 1400 2827 1462 non,
2865 1378 3024 1452 nisi
3057 1381 3143 1451 ut
3188 1381 3376 1451 sunt
3416 1377 3498 1449 in
3530 1396 3850 1470 compo-

2312 1498 2496 1570 sito.
2541 1499 2663 1571 Ita
2703 1497 2895 1570 dicit
2949 1498 3568 1571 Commentator
3610 1515 3854 1588 super

2314 1614 2807 1708 principium
2837 1617 2904 1686 2.
2949 1617 3031 1682 de
3061 1618 3328 1695 Anima,
3376 1625 3535 1682 text.
3588 1636 3754 1681 com.
3786 1615 3849 1685 7.

2310 1736 2389 1801 Si
2429 1737 2710 1800 maceria
2778 1730 3113 1823 (inquit)
3173 1744 3232 1798 et
3271 1734 3496 1817 forma
3532 1742 3743 1797 esseut
3785 1732 3856 1797 in

2311 1853 2668 1937 composito
2723 1852 3077 1916 existentes
3133 1850 3208 1915 in
3257 1859 3431 1926 aclea,
3478 1860 3630 1915 tunc
3691 1871 3858 1914 com·

2309 1968 2598 2054 positum
2656 1988 2790 2033 non
2830 1966 3167 2032 diceretur
3215 1986 3443 2043 unum,
3515 1965 3656 2030 m'si
3688 1966 3858 2030 sicul

2313 2083 2565 2150 dicitnr
2622 2085 2696 2149 in
2744 2083 2958 2154 rebus.
3023 2103 3168 2169 qum
3212 2091 3366 2146 sune
3397 2102 3602 2147 ventam
3630 2102 3858 2146 secun-

2313 2200 2471 2267 dum
2494 2210 2864 2266 contactum
2896 2211 2954 2264 ct
2988 2200 3444 2285 quamenlum.
3470 2209 3482 2220 ‘
3508 2196 3862 2287 Propter
3903 2242 3910 2246 ·

2318 2316 2521 2404 quozl
2567 2333 2711 2385 nec
2751 2336 2884 2381 esse
2923 2312 3299 2384 convenit
3348 2310 3492 2392 eis,
3552 2311 3716 2383 nisi
3776 2315 3858 2383 ut

2317 2431 2625 2503 suntin
2689 2429 3172 2522 composito,
3239 2429 3370 2500 sed
3428 2449 3572 2500 nec
3634 2448 3863 2519 gene·

2320 2545 2517 2627 rari,
2582 2547 3015 2618 secundum
3059 2545 3266 2636 quod
3315 2544 3506 2617 dicit
3562 2545 3867 2617 Aristo·

2317 2665 2518 2739 telos
2558 2667 2623 2736 7.
2664 2664 2950 2750 Melaph.
3002 2675 3164 2730 teme.
3213 2664 3324 2733 26.
3368 2676 3431 2731 el
3468 2663 3580 2736 27.
3639 2664 3864 2730 Solius

2317 2783 2663 2868 compositi
2702 2793 2794 2847 ese
2823 2783 3167 2869 qeneralio
3208 2802 3330 2868 per
3356 2801 3448 2847 se.
3495 2781 3594 2850 Et
3634 2778 3867 2852 intel-

2318 2895 2608 2987 ligitur
2649 2894 2801 2967 hoc
2841 2897 2932 2967 de
2974 2920 3108 2964 esse
3147 2894 3582 2986 compositi
3630 2921 3644 2965 z
3684 2894 3870 2988 quia

2321 3011 2671 3084 materia
2738 3014 2817 3083 ct
2885 3010 3180 3091 forma,
3261 3013 3350 3084 ut
3436 3014 3626 3084 sunt
3719 3012 3870 3084 duo

2317 3126 2703 3202 distincta
2765 3126 3166 3221 principia
3218 3127 3500 3211 realia,
3574 3126 3870 3201 habent

2322 3265 2555 3317 suum
2621 3269 2758 3314 esse
2838 3244 3322 3325 existentiae,
3407 3245 3616 3337 quod
3713 3264 3872 3316 non

2318 3361 2615 3435 habent
2658 3383 2704 3433 a
2737 3365 3205 3452 generante.
3244 3362 3461 3433 Unde
3505 3360 3573 3433 si
3618 3358 3868 3433 alicui

2322 3480 2781 3572 composito
2844 3478 3305 3570 acquiritur
3344 3504 3479 3548 csse
3522 3501 3669 3573 per
3733 3477 3873 3551 ali-

2325 3600 2529 3689 quod
2581 3617 2855 3688 agous,
2912 3596 3280 3688 quamvis
3318 3598 3582 3690 ipsum
3619 3617 3872 3689 agens

2323 3737 2483 3791 non
2548 3715 2808 3809 possit
2862 3733 3110 3805 super
3168 3714 3609 3788 essentiam
3653 3734 3874 3788 com·

2327 3833 2830 3928 ponentium,
2898 3834 3334 3909 secundum
3387 3855 3470 3905 se
3533 3832 3881 3924 produc-

2326 3956 2496 4027 tam
2570 3950 2650 4024 in
2717 3976 2872 4034 esse,
2945 3951 3373 4025 dummodo
3465 3948 3728 4042 possit
3803 3947 3880 4019 in

2327 4071 2506 4164 ipsa
2548 4075 2940 4163 quantum
2985 4070 3077 4141 ad
3129 4092 3285 4149 esse,
3333 4068 3538 4159 quod
3578 4065 3882 4138 habent

2328 4187 2408 4260 in
2451 4185 2930 4279 composito,
2998 4182 3528 4256 nihilominus
3581 4181 3888 4255 dicitur

2334 4305 2520 4379 illud
2558 4302 3105 4395 compositum
3163 4321 3401 4393 posse
3453 4319 3883 4391 generare.

2329 4424 2558 4494 Nunc
2626 4424 2900 4490 autem
2963 4418 3075 4489 ita
3139 4422 3289 4499 est,
3355 4418 3560 4509 quod
3652 4414 3888 4506 cujus

2331 4534 2786 4628 corruptio,
2836 4554 2991 4625 qua
3051 4533 3599 4626 compositum
3646 4531 3890 4604 arnit-

2332 4655 2433 4730 tit
2473 4678 2628 4733 esse,
2675 4656 2798 4724 ost
2841 4649 3085 4724 alicui
3123 4651 3397 4739 agenti
3440 4649 3882 4730 naturalis,

2329 4774 2503 4865 ejus
2564 4771 2986 4861 generatio
3076 4789 3232 4861 qua
3289 4769 3362 4842 ei
3421 4769 3889 4860 acquiritur

2330 4916 2487 4973 esse,
2542 4894 2665 4962 est
2736 4888 2854 4961 illi
2914 4885 3373 4980 composito
3443 4885 3883 4967 naturalis,

2331 5008 2644 5080 dicente
2717 5004 3212 5098 I‘hilosopho
3294 5002 3374 5076 in
3428 5005 3495 5076 2.
3600 5007 3774 5072 Caeli
3829 5014 3890 5070 ee

2335 5126 2595 5205 Mundi,
2644 5136 2803 5191 text.
2876 5126 2985 5194 18.
3025 5126 3103 5190 Si
3152 5145 3352 5189 uuum
3383 5125 3888 5190 contrariorum

2331 5244 2542 5328 suerit
2611 5242 2945 5319 naturale,
3026 5251 3086 5305 el
3160 5240 3495 5325 reliquum
3554 5266 3575 5305 .·
3642 5234 3886 5308 homo

2334 5358 2632 5436 autem,
2681 5358 2767 5427 ut
2829 5354 3024 5427 dicit
3094 5353 3486 5445 quoddam
3562 5371 3890 5444 compo-

2337 5470 2610 5551 situm,
2704 5492 2847 5564 per
2914 5491 3161 5560 agens
3247 5468 3628 5540 naturale
3699 5488 3888 5540 vere

2335 5590 2927 5685 corrumpitur,
2991 5587 3436 5663 amittendo
3505 5606 3689 5660 csse
3758 5604 3885 5660 na-
