4252 6393
584 389 704 453 782

569 557 698 625 ter
731 550 1312 644 perfectionem
1348 553 1779 625 addendam
1822 556 1901 626 in
1936 577 2115 628 cau-

572 672 841 752 sando,
918 671 1106 762 quia
1162 675 1353 743 tunc
1423 671 1822 744 remotius
1897 680 2114 748 esset

571 782 1041 875 perfectius,
1080 783 1267 875 quia
1307 783 1880 874 perfectiorem
1931 807 2115 859 cau-

567 921 743 974 sam
779 904 1278 994 requireret:
1309 903 1439 974 sed
1477 903 1543 974 si
1579 903 2115 993 requiruntur

569 1024 1005 1094 secundum
1094 1021 1658 1114 Philosoplios,
1759 1022 1909 1095 hoc
1987 1029 2116 1098 est

570 1144 912 1232 propter
963 1137 1664 1232 imperfectionem
1742 1141 2105 1220 effectus,

567 1259 653 1328 ut
693 1257 1044 1348 primum
1078 1275 1259 1327 cum
1310 1256 1473 1327 alia
1515 1277 1762 1328 causa
1816 1257 2112 1349 impor-

566 1373 777 1447 secta
820 1377 1093 1466 posset
1135 1393 1475 1447 causare
1509 1373 2105 1466 imperfectum,

566 1491 773 1582 quod
842 1490 1272 1562 secundum
1337 1488 1558 1581 ipsos
1611 1510 1770 1562 non
1837 1495 2107 1583 posset

565 1605 1026 1678 immediate
1075 1624 1449 1685 causarc;
1498 1609 1670 1677 tum
1705 1608 1891 1697 quia
1937 1628 2109 1699 per-

565 1721 958 1795 fectiones
1021 1725 1215 1794 totae
1288 1723 1721 1795 secundum
1797 1725 2110 1796 Aristo-

565 1838 805 1911 telem
893 1837 1386 1911 eminentius
1444 1842 1631 1910 sunt
1693 1838 1772 1910 in
1809 1839 2102 1930 primo,

564 1974 804 2046 quam
849 1954 918 2025 si
968 1953 1163 2044 ipsae
1227 1952 1778 2026 formalitates
1821 1973 2106 2024 earum

567 2070 715 2143 sibi
796 2070 1180 2152 inessent,
1258 2071 1324 2142 si
1389 2076 1722 2164 possent
1811 2072 2101 2153 inesse,

561 2192 642 2261 et
711 2188 826 2261 sic
896 2187 1217 2260 videtur
1316 2209 1553 2280 posse
1627 2190 2107 2267 concludere

561 2305 777 2379 ratio
905 2303 1382 2379 Aristotelis
1499 2305 1591 2376 de
1741 2309 2107 2397 potentia

563 2422 904 2495 infinita.

214 2520 510 2646 ssgssffiffi
650 2538 759 2609 Ad
803 2539 1238 2611 secundum
1280 2539 1678 2630 objectum
1723 2535 2109 2608 similiter

243 2645 762 2772 ogl‘jg'ffffssflico,
840 2654 1045 2745 quod
1132 2653 1322 2746 quia
1398 2653 1753 2726 essentia
1835 2652 2108 2724 divina

243 2770 492 2843 {affigam
564 2771 739 2843 sola
831 2776 955 2844 cst
1052 2772 1268 2845 ratio
1361 2770 1673 2843 videndi
1760 2770 2106 2862 lapidem

211 2845 378 2892 prima
399 2833 538 2880 entis

214 2902 531 3007 ⁶253stssss
566 2888 950 2979 perfecte,
989 2889 1363 2979 sequitur
1404 2887 1611 2979 quod
1644 2887 1852 2979 lapis
1902 2883 2105 2956 nihil

261 3033 465 3070 eorum.
561 3003 1086 3096 perfectionis
1161 3004 1398 3077 addat
1484 3002 1600 3074 illi
1691 3001 2099 3074 essentiae:

557 3142 716 3192 non
788 3121 1158 3214 sequitur
1227 3120 1402 3202 hoc,
1476 3119 1543 3192 si
1608 3125 1825 3192 essct
1888 3119 2103 3191 ratio

552 3239 934 3313 causandi
961 3239 1302 3332 lapidem
1331 3239 1804 3319 immediate,
1832 3240 2100 3318 etiam,

556 3363 644 3433 ut
678 3362 852 3433 tota
875 3378 1156 3430 causa:
1196 3378 1379 3429 nam
1418 3360 1789 3450 respectu
1830 3376 2106 3447 supre-

558 3496 707 3548 mae
746 3480 1086 3556 naturae,
1135 3474 1401 3567 prima
1434 3494 1681 3546 causa
1719 3477 1844 3546 cst
1898 3476 2104 3545 tota-

555 3593 657 3664 lis
689 3612 962 3675 causa,
1019 3613 1192 3683 quae
1236 3597 1507 3665 tamen
1551 3610 1734 3663 cum
1778 3589 1883 3662 sit
1933 3588 2103 3661 fini-

552 3712 662 3790 ta,
690 3729 848 3780 non
875 3709 1277 3782 concludit
1314 3708 1788 3779 infinitatem
1827 3708 2103 3796 primae

552 3847 818 3898 causa}
866 3831 1237 3920 respectu
1276 3826 1572 3919 ipsius:
1621 3845 1778 3896 non
1813 3829 1937 3897 est
1971 3843 2102 3893 au-

546 3948 709 4017 tem
747 3945 1210 4036 probatum,
1249 3944 1455 4035 quod
1493 3943 1865 4034 respectu
1905 3941 2099 4012 alio-

551 4081 731 4132 rum
770 4061 875 4134 sit
917 4061 1202 4136 totalis
1246 4079 1534 4140 causa;
1575 4077 1804 4148 ergo,
1851 4061 2005 4130 ete.

1001 4262 1457 4318 SCHOLIUM
1537 4259 1639 4314 lx.

623 4415 982 4474 Secundum
1014 4416 1298 4472 ultimam
1340 4414 1506 4469 viam
1557 4412 1937 4478 efficientize,
1988 4412 2098 4467 alii

554 4521 794 4589 ponunt
824 4517 1097 4588 primum
1137 4530 1248 4572 ens
1323 4515 1662 4579 infinitum,
1712 4514 1858 4584 quia
1907 4517 2098 4581 creat,

555 4616 866 4687 rejicitur,
915 4619 975 4671 et
1002 4614 1268 4671 ostendit
1300 4614 1468 4669 inter
1510 4628 1634 4669 esse
1678 4618 1734 4669 et
1783 4628 1910 4669 non
1957 4627 2097 4680 csse,

557 4716 789 4769 tantam
821 4726 952 4768 esse
983 4711 1366 4778 distantiam,
1400 4715 1704 4781 quantum
1726 4715 1817 4765 est
1839 4710 2100 4766 alterius

552 4812 815 4867 extremi
846 4825 987 4877 esse,
1028 4810 1130 4865 vel
1162 4809 1495 4880 perfecti03
1531 4824 1648 4864 non
1681 4823 1828 4876 ergo
1859 4805 2099 4863 distan-

549 4910 637 4965 tia
668 4906 913 4963 infinita
944 4909 1112 4963 inter
1138 4922 1261 4963 esse
1287 4907 1536 4963 finitum
1569 4912 1624 4962 et
1672 4920 1797 4960 non
1820 4921 1961 4970 esse,
1986 4919 2097 4959 nec

549 5007 717 5061 inter
744 5003 1227 5061 contradictoria
1255 5019 1328 5060 ex
1345 5001 1596 5067 talibuS,
1620 5000 1696 5057 de
1720 5016 1841 5071 quo
1861 4999 2017 5056 doct.
2045 4998 2095 5054 1.

550 5105 609 5163 d.
631 5107 686 5160 2.
710 5110 932 5177 quaest.
957 5112 1010 5159 2.
1035 5107 1097 5160 et
1116 5104 1176 5161 d.
1196 5106 1288 5159 29.
1313 5107 1373 5158 et
1395 5102 1449 5158 4.
1476 5101 1535 5157 d.
1573 5102 1621 5156 1.
1644 5102 1865 5171 quaest.
1895 5100 1943 5154 1.
1969 5099 2095 5153 Alii

553 5208 620 5260 ut
649 5204 842 5259 Divus
871 5202 1086 5259 Thom.
1123 5203 1172 5258 1.
1206 5206 1365 5272 part.
1398 5204 1618 5272 quaest.
1648 5203 1704 5256 7.
1738 5202 1856 5256 art.
1893 5198 1917 5253 1
1961 5202 2019 5253 et
2039 5200 2093 5252 2.

548 5304 809 5377 probant
838 5304 1298 5359 conclusionem
1331 5301 1773 5373 principalem,
1806 5315 1878 5354 cx
1904 5313 2098 5367 nega-

548 5405 713 5460 tione
744 5418 948 5459 causae
990 5403 1370 5466 intrinsecae,
1405 5398 1513 5454 sed
1545 5399 1654 5454 hoc
1706 5397 1914 5466 rejicit
1946 5398 2097 5450 Doc-

546 5509 662 5571 tor‚
714 5503 996 5573 alioquin
1047 5500 1326 5571 Angelus
1389 5502 1549 5555 esset
1590 5496 1894 5561 infinitum,
1947 5495 2095 5564 quia

548 5606 889 5664 secundum
919 5618 1023 5661 eos
1052 5604 1277 5660 saltem
1312 5614 1431 5657 non
1473 5599 1656 5654 habet
1693 5610 1942 5653 eausam
1995 5596 2096 5650 in-

1763 391 1866 455 DE
1909 389 2154 455 PmMo
2195 392 2587 459 PRINCIPIO

2225 557 2577 624 trinsecam,
2611 556 2717 615 sed
2750 556 3089 614 secundum
3140 560 3453 616 Doctorem
3489 577 3609 618 non
3651 563 3778 619 im-

2227 659 2544 728 probabile
2573 667 2667 719 est
2696 662 2950 727 habere,
2976 660 3051 716 de
3075 676 3199 733 quo
3227 679 3286 736 q.
3316 664 3400 719 15.
3424 663 3499 718 de
3527 666 3775 729 Anima,

2228 757 2331 814 ubi
2366 761 2427 814 in
2460 762 2901 817 commentario
2933 759 2993 816 id
3027 759 3165 817 fuse
3198 764 3485 819 tractavi.

2314 901 2565 973 ‚quta
2616 901 2821 974 hanc
2881 903 3099 975 viam
3152 906 3606 979 efficientiae
3646 928 3773 978 ar·
3924 931 4011 979 30.

2229 1014 2532 1102 guitur,
2594 1018 2782 1108 quia
2833 1025 3171 1092 creatur
3222 1045 3237 1088 :
3287 1020 3504 1093 inter
3547 1043 3775 1093 crea-

2229 1131 2474 1204 tionis
2530 1139 2905 1207 extrema
2971 1141 3096 1209 est
3159 1137 3573 1218 distantia,
3657 1138 3773 1209 sic

2226 1251 2432 1338 quod
2469 1250 2690 1322 nullo
2726 1251 2890 1323 alio
2928 1273 2975 1322 a
3013 1275 3098 1324 se
3144 1254 3771 1346 praesupposito,

2222 1366 2536 1440 deducit
2571 1367 2871 1458 aliquid
2904 1370 2995 1442 de
3028 1393 3163 1438 non
3199 1394 3332 1438 esse
3375 1369 3470 1441 ad
3501 1393 3658 1448 csse,
3694 1370 3775 1438 et

2224 1483 2340 1555 sic
2387 1486 2695 1559 reducit
2728 1486 3032 1578 aliquid
3074 1509 3173 1558 ex
3222 1487 3612 1560 distantia
3654 1488 3775 1559 in-

2224 1599 2477 1670 finita.
2519 1602 2666 1672 Sed
2700 1601 2849 1675 hoc
2901 1604 3385 1676 antecedens
3442 1603 3776 1694 ponitur

2221 1715 2645 1797 creditum,
2693 1722 2771 1790 et
2806 1739 3100 1791 verum
3134 1723 3283 1801 est,
3336 1723 3420 1793 ut
3460 1744 3597 1789 non
3636 1744 3774 1787 esse

2224 1831 2452 1919 quasi
2494 1833 2949 1915 duratione,
3009 1836 3413 1927 praecedat
3458 1860 3595 1904 esse
3656 1859 3771 1908 se-

2221 1948 2566 2020 cundum
2622 1951 2879 2031 fidem,
2926 1956 3007 2024 et
3045 1957 3131 2025 ut
3173 1952 3404 2043 quasi
3437 1956 3764 2033 natura,

2223 2066 2656 2137 secundum
2711 2068 3232 2140 Avicennam.
3270 2069 3767 2141 Antecedens
3792 2077 3843 2127 6-
3876 2079 4115 2191 Mfssarb·

2223 2185 2678 2258 ostenditur
2720 2208 2817 2257 ex
2873 2187 3183 2260 decima
3241 2208 3457 2259 nona
3505 2186 3761 2269 tertii,
3791 2155 4094 2255 ωὲνεᾷιεο-

2222 2300 2411 2390 quia
2481 2301 2772 2374 saltem
2856 2304 3124 2395 prima
3186 2309 3486 2379 natura
3582 2311 3764 2398 post
3796 2276 4126 2404 ’ἶιᾞῖῃῗιῖἶῒ

2222 2418 2472 2488 Deum
2506 2420 2629 2490 est
2682 2419 2782 2490 ab
2837 2420 3012 2512 ipso
3053 2425 3133 2494 et
3166 2442 3328 2493 non
3376 2443 3424 2494 a
3466 2443 3577 2507 se,
3618 2444 3767 2496 nec
3796 2393 4138 2517 '‘1²32‘ssssan

2225 2541 2490 2626 potest
2523 2557 2702 2648 esse
2735 2537 2833 2608 ab
2856 2557 2949 2608 eo
2984 2537 3260 2629 aliquo
3298 2560 3769 2633 praesuppo-

2222 2650 2410 2722 sito‚
2449 2653 2683 2733 Nam,
2725 2657 2810 2726 ut
2836 2653 3009 2745 jam
3051 2654 3359 2727 dictum
3403 2660 3555 2740 est,
3598 2659 3769 2731 efli-

2219 2768 2476 2840 cinon
2512 2769 2858 2860 requirit
2903 2771 3239 2852 mutari,
3288 2774 3423 2846 sed
3476 2773 3591 2847 sic
3640 2796 3770 2848 ac-

2219 2884 2583 2975 cipiendo
2611 2885 2838 2976 prius
2873 2889 3174 2958 natura
3205 2911 3342 2955 uon
3362 2913 3498 2956 esse
3525 2911 3766 2980 quam

2217 3024 2374 3081 esse,
2404 3002 2667 3072 solnm
2701 3026 2835 3069 esse
2856 3007 2980 3074 est
3006 3006 3472 3076 extremum
3511 3010 3769 3077 muta-

2220 3118 2493 3200 tionis,
2532 3120 2739 3212 quod
2772 3125 3058 3194 causat
3093 3119 3236 3192 illa
3268 3122 3560 3195 virtus.
3612 3124 3764 3194 Un-

2217 3239 2309 3309 de
2343 3237 2719 3329 quidquid
2745 3238 2850 3311 sit
2882 3239 2974 3310 de
2996 3242 3542 3322 antecedente,
3578 3263 3766 3314 con-

2219 3356 2640 3444 sequentia
2663 3377 2822 3428 non
2849 3358 3281 3450 probatur:
3311 3359 3501 3448 quia
3527 3378 3769 3450 quan-

2215 3471 2311 3541 do
2349 3470 2563 3544 inter
2593 3477 2968 3547 extrema
3017 3473 3243 3546 nulla
3284 3478 3409 3548 est
3459 3475 3766 3548 distan-

2219 3586 2359 3668 tia,
2412 3589 2545 3659 sed
2597 3590 2776 3681 ipsa
2820 3590 3209 3663 dicuntur
3255 3591 3571 3665 distare
3618 3612 3766 3684 per

2218 3726 2301 3775 se
2356 3706 2674 3779 ratione
2708 3708 3056 3782 alterius
3106 3710 3485 3787 extremi,
3534 3713 3764 3782 tanta

2214 3825 2365 3901 est,
2405 3829 2797 3913 quantum
2850 3829 3312 3898 extremum
3369 3825 3581 3898 illud.
3618 3829 3764 3897 Ex-

2214 3939 2572 4030 emplum
2618 3966 2632 4010 :
2672 3943 2885 4012 Deus
2926 3941 3175 4016 distat
3221 3942 3299 4014 in
3352 3941 3759 4015 infinitum

2214 4072 2262 4123 a
2295 4058 2575 4126 creatu
2593 4075 2712 4138 ra,
2760 4055 2947 4145 quia
2979 4060 3102 4129 est
3139 4057 3533 4130 infinitus.

2300 4169 2606 4243 Ultimo
2633 4173 3090 4245 ostenditur
3118 4176 3630 4266 propositum
3656 4198 3757 4248 ex
3814 4213 4095 4263 &mm

2213 4287 2645 4377 negatione
2678 4309 2942 4361 causae
2987 4290 3454 4364 intrinsecae
3490 4317 3504 4360 :
3570 4293 3760 4383 quia
3786 4275 4123 4387 ”ss‘m'fgffw

2212 4403 2479 4475 forma
2520 4405 2804 4477 finitur
2858 4427 3001 4499 per
3035 4408 3509 4488 materiam3
3554 4429 3757 4497 crgo
3854 4401 4095 4459 ‘'mm“

3815 4472 4096 4524 quantum

2213 4541 2388 4611 quse
2426 4542 2583 4592 non
2633 4526 2758 4594 cst
2798 4528 2992 4596 nata
3040 4544 3218 4594 csse
3261 4523 3341 4594 in
3380 4525 3755 4607 materia,
3782 4526 4105 4635 ξὲζζξῗιζῖζ

2211 4636 2690 4709 estinlinita.
2718 4639 2886 4710 Hoc
2912 4644 3199 4730 reputo
3224 4640 3428 4710 nihil
3452 4640 3753 4721 valere,
3790 4647 4100 4770 ''ssessi'foffiss‘

2212 4753 2401 4844 quia
2430 4756 2865 4826 secundum
2906 4756 3152 4847 ipsos,
3212 4758 3568 4847 Angelus
3621 4758 3760 4849 qui
4081 4748 4097 4760 ’

2210 4874 2332 4943 est
2369 4870 2974 4952 immaterialis,
3020 4894 3182 4945 non
3214 4879 3340 4947 est
3395 4875 3761 4948 infinitus

2209 4991 2531 5057 natura.
2571 4987 2972 5077 Numquid
3004 5012 3137 5056 esse
3196 4990 3603 5080 posterius
3634 5010 3763 5060 es-

2211 5103 2501 5185 sentia,
2540 5105 2972 5175 secundum
3022 5105 3269 5196 ipsos,
3316 5106 3760 5178 essentiam

2208 5220 2608 5293 fluitabit?
2690 5221 2908 5292 Unde
2998 5221 3373 5312 quaelibet
3455 5221 3759 5295 entitas

2211 5336 2447 5410 habet
2482 5338 2820 5425 gradum
2864 5337 3398 5410 intrinsecum
3449 5339 3758 5430 perfec-

2208 5454 2482 5535 tionis,
2521 5475 2679 5525 non
2729 5476 2869 5547 per
2902 5454 3116 5527 aliud
3150 5476 3316 5527 ens.
3360 5459 3454 5527 Et
3490 5456 3559 5527 si
3594 5456 3757 5527 sor·
3807 5450 4068 5574 Pssf’uzmg'

2210 5591 2339 5642 ma
2396 5572 2680 5643 (initur
2738 5571 2834 5642 ad
2882 5570 3350 5654 materian„
3414 5592 3616 5663 ergo
3682 5573 3754 5645 si
3814 5589 3873 5622 ἐ
3898 5576 4089 5640 finim,
