4252 6393
280 1026 514 1143 Dubziia’m
540 1089 588 1141 ί.

272 4909 510 4961 Dubium
535 4911 587 4964 2.

640 395 717 458 46
1815 393 1954 454 LiB.
2003 394 2048 454 Ι.
2096 392 2640 456 METEORORUM

629 554 1091 626 dominante
1141 552 1460 625 actione
1513 552 1724 643 ignis
1777 572 2021 644 super
2065 550 2173 621 in-

627 672 1076 748 tentionem
1108 670 1614 762 frigiditatis,
1660 689 1900 761 quam
1932 668 2173 741 habet

624 789 970 881 guttula,
1017 809 1115 860 ex
1148 787 1775 862 condensatione
1810 786 2170 879 partium

628 906 1130 981 fortificatur
1170 906 1466 979 virtus.

718 1023 864 1095 Sed
921 1022 1365 1103 dubitatur,
1424 1020 1611 1114 quia
1662 1020 1731 1092 si
1777 1019 1890 1094 ita
1921 1020 2166 1097 esset,

630 1139 1003 1232 sequitur
1057 1140 1263 1231 quod
1325 1158 1471 1231 per
1527 1135 2168 1230 deperditionem

628 1256 1083 1331 latitudinis
1150 1255 1434 1336 finitae,
1507 1258 1784 1347 posset
1853 1250 2170 1343 acquiri

626 1372 966 1448 latitudo
1048 1372 1562 1447 intensionis.
1649 1374 2169 1461 Consequens

628 1490 1154 1584 impossibile,
1201 1490 1388 1583 quia
1433 1486 2173 1583 proportionaliter

628 1629 712 1681 se
760 1606 1058 1681 habent
1101 1607 1456 1682 inductio
1519 1605 1943 1700 qualitatis
1987 1624 2168 1696 pro-

626 1723 1022 1807 ducendae,
1059 1729 1140 1799 et
1170 1724 1600 1817 corruptio
1643 1742 2169 1813 corrumpen-

627 1843 768 1917 dae.
832 1842 1240 1918 Probatur
1301 1841 1911 1934 consequentia,
1976 1838 2166 1932 quia

628 1946 697 2034 si
752 1982 1053 2054 corpus
1111 1960 1659 2035 condensatur
1727 1962 1823 2034 ad
1883 1961 2165 2033 subdu·

628 2079 874 2172 plum,
911 2083 1102 2153 tunc
1134 2082 1350 2152 esset
1383 2079 1465 2152 in
1503 2078 1744 2171 duplo
1770 2077 2169 2152 intensius

627 2195 813 2279 tale,
861 2214 1104 2288 quam
1146 2195 1376 2288 prius
1418 2198 1624 2279 erat,
1686 2196 1816 2268 vel
1876 2195 2169 2269 saltem

626 2312 707 2385 in
747 2312 1021 2406 aliqua
1061 2313 1223 2386 alia
1266 2314 1842 2406 proportione;
1908 2313 2040 2386 sed
2100 2313 2167 2385 si

623 2430 1162 2504 condensetur
1221 2430 1317 2501 ad
1378 2429 1871 2524 subtriplum
1912 2429 2167 2503 adhuc

626 2547 707 2621 in
760 2548 1060 2642 majori
1100 2548 1637 2642 proportione
1666 2552 1883 2624 esset
1916 2548 2169 2624 inten-

626 2684 831 2747 sum,
874 2668 956 2739 et
1014 2662 1129 2737 sic
1182 2662 1263 2746 in
1306 2663 1743 2745 infinitum;
1801 2663 2058 2757 igitur
2100 2663 2170 2737 si

624 2785 840 2861 esset
880 2781 1264 2874 possibile
1307 2781 1948 2871 magnitudinem
1991 2802 2168 2853 cor-

626 2898 853 2991 poris
927 2920 1068 2991 per
1132 2900 1846 2975 condensationem
1916 2900 2167 2974 talem

622 3013 959 3088 diminui
1002 3016 1097 3087 ad
1137 3037 1296 3088 non
1348 3017 1714 3107 gradum,
1781 3017 2167 3109 possibile

623 3134 841 3207 esset
899 3129 1297 3206 virtutem
1359 3131 1614 3225 ipsius
1667 3154 1845 3206 esse
1912 3132 2167 3206 infini-

624 3252 794 3322 tam
868 3248 1291 3330 intensive,
1367 3251 1542 3322 sola
1613 3251 2168 3339 magnitudine

621 3365 1061 3459 deperdita,
1114 3388 1289 3459 quae
1338 3372 1463 3442 est
1513 3367 1857 3441 latitudo
1908 3368 2163 3443 finita.

710 3485 811 3557 Et
836 3483 905 3556 si
929 3484 1404 3562 conceditur
1427 3504 1955 3578 consequenS,
1982 3507 2167 3559 con-

621 3602 779 3682 tra,
825 3598 1015 3692 quia
1067 3603 1258 3675 tunc
1303 3599 1675 3692 sequitur
1717 3600 1924 3693 quod
1969 3601 2037 3673 si
2071 3601 2166 3673 ad

620 3717 1290 3809 imaginationem
1331 3739 1432 3790 ex
1495 3718 1633 3790 illo
1696 3717 2167 3792 indivisibili

619 3835 921 3909 iterum
1003 3835 1240 3908 fieret
1323 3835 1724 3908 divisibile
1810 3835 2162 3929 aliquod,

618 3954 809 4024 tunc
843 3970 942 4021 ex
976 3949 1113 4022 illo
1160 3949 1630 4023 indivisibili
1672 3949 1961 4025 fierent
1999 3950 2166 4022 infi-

616 4065 815 4149 nita,
853 4086 1201 4158 quorum
1235 4066 1639 4159 quodlibet
1670 4071 1884 4142 esset
1917 4071 2165 4142 ocrtae

619 4180 1103 4256 intensionis
1141 4208 1154 4251 :
1195 4183 1426 4255 modo
1479 4203 1978 4275 consequens
2038 4191 2166 4260 est

621 4297 947 4380 salsum,
1013 4297 1200 4388 quia
1271 4298 1457 4372 dato
1529 4301 1736 4391 quod
1802 4302 2164 4392 Angelus

623 4433 769 4507 per
828 4411 1498 4504 imaginationem
1558 4417 2159 4500 extenderetur,

618 4530 873 4605 adhuc
930 4553 1025 4605 co
1080 4532 1256 4624 ipso
1316 4553 1475 4606 non
1516 4534 1809 4609 fierent
1867 4537 2164 4612 infiniti

618 4647 931 4740 Angeli,
978 4669 1123 4722 nec
1181 4649 1430 4723 etiam
1496 4648 1573 4722 in
1619 4650 1930 4728 intentu
1995 4654 2163 4727 infi-

619 4764 772 4837 niti
813 4763 1200 4838 intentus.

709 4881 1069 4956 Secundo
1114 4880 1484 4974 sequitur
1517 4883 1722 4974 quod
1763 4885 1843 4957 in
1883 4889 2161 4961 eodem

621 4996 983 5091 subjecto
1027 4996 1271 5069 simul
1321 5000 1400 5070 et
1444 5000 1692 5071 semel
1743 5001 1913 5075 duae
1973 5026 2161 5096 qua-

615 5114 896 5188 litates
956 5114 1398 5188 contrariae
1460 5115 1844 5190 continue
1908 5120 2161 5194 inten-

615 5231 1029 5312 derentur,
1101 5235 1182 5305 et
1239 5229 1389 5303 hoc
1450 5233 1900 5324 aequaliter.
1962 5241 2160 5311 Con-

617 5370 958 5441 sequens
1028 5349 1554 5441 impossibile,
1631 5352 1818 5444 quia
1888 5356 2159 5448 posito

620 5467 826 5559 quod
895 5466 1323 5540 contraria
1394 5473 1735 5559 possunt
1809 5492 1989 5544 esse
2058 5473 2157 5545 si·

622 5582 812 5666 mul,
876 5602 1199 5675 semper
1251 5582 1602 5660 intensio
1646 5585 1884 5660 unius
1942 5595 2161 5665 esset

2288 552 2664 625 remissio
2699 551 3068 625 alterius.
3117 553 3526 625 Probatur
3557 574 3828 625 conse·

2287 670 2638 759 quentia,
2687 670 2870 763 quia
2916 670 2983 743 si
3036 671 3515 765 subjectum,
3563 670 3642 743 in
3676 692 3831 763 quo

2286 785 2529 858 simul
2569 793 2805 860 erant
2838 788 3236 871 caliditas,
3272 795 3353 863 et
3393 787 3827 878 frigiditas,

2285 905 2846 986 condensetur,
2885 909 3076 978 tunc
3109 910 3455 998 utraque
3497 905 3827 977 illarum

2288 1018 2871 1104 intenderetur,
2945 1043 3040 1095 eo
3108 1022 3317 1115 quod
3383 1043 3482 1096 ex
3537 1023 3830 1094 unione

2285 1137 2651 1229 partium
2694 1140 3074 1232 corporis
3115 1138 3387 1214 virtus
3420 1140 3598 1234 ejus
3630 1144 3826 1213 nata

2281 1257 2405 1326 est
2434 1252 2756 1327 intendi.

2375 1369 2676 1451 Tertio,
2744 1372 3167 1463 quaeritur,
3214 1394 3263 1445 a
3321 1393 3478 1466 quo
3538 1372 3825 1465 produ·

2283 1489 2584 1560 cuntur
2626 1487 2744 1561 illi
2786 1491 3084 1579 gradus
3123 1489 3487 1573 virtutiS,
3538 1489 3825 1583 quibus

2284 1603 2551 1678 virtus
2587 1607 2965 1698 corporis
3010 1606 3485 1682 condensati
3515 1607 3830 1681 excedit

2284 1720 2677 1796 virtutem
2718 1724 3102 1818 ejusdem,
3139 1728 3322 1799 dum
3375 1730 3558 1800 erat
3606 1745 3828 1798 rare·

2284 1837 2622 1925 factum,
2688 1840 2858 1915 sive
2915 1844 3100 1916 dum
3161 1848 3346 1919 erat
3388 1841 3653 1935 magis
3705 1861 3828 1915 ra·

2285 1963 2522 2029 rum?

2373 2076 2488 2149 Ad
2549 2076 2734 2160 ista,
2800 2083 2882 2153 et
2941 2078 3212 2171 primo
3282 2078 3377 2151 ad
3435 2077 3816 2172 primum,

2285 2193 2789 2278 ubidicitur,
2832 2200 3132 2286 sequitur
3187 2198 3361 2287 quod
3413 2219 3538 2286 per
3595 2197 3823 2286 deper-

2281 2312 2633 2391 ditionem,
2671 2315 2826 2385 etc.
2864 2312 3228 2386 Concedo
3260 2310 3413 2383 hoc
3445 2333 3624 2383 esse
3651 2333 3826 2404 pos·

2285 2425 2515 2499 sibile
2551 2431 2945 2519 quantum
2979 2428 3074 2499 ad
3111 2428 3573 2519 imaginem,
3612 2427 3826 2501 sicut

2279 2542 2508 2615 verbi
2550 2544 2848 2634 gratia,
2893 2544 2962 2618 si
2997 2544 3077 2616 in
3118 2545 3389 2637 aliquo
3458 2548 3827 2637 tempore

2283 2663 2812 2751 pertranseat
2867 2662 3224 2753 spatium
3276 2662 3577 2755 pedale,
3631 2666 3822 2737 tune

2286 2781 2555 2852 motus
2614 2785 2741 2853 est
2803 2780 3234 2872 aequaliter
3293 2780 3560 2861 velox,
3614 2784 3693 2853 et
3756 2780 3822 2852 si

2282 2897 2425 2970 fiat
2485 2896 2565 2968 in
2625 2896 3056 2971 medietate
3117 2897 3516 2988 temporis
3576 2897 3824 2969 estin

2281 3014 2522 3106 duplo
2553 3013 2946 3094 velocior,
2993 3017 3074 3086 et
3108 3011 3225 3084 sic
3261 3013 3340 3086 in
3377 3012 3819 3095 infinitun1;

2283 3138 2363 3206 et
2408 3131 2523 3205 ita
2560 3151 2705 3225 per
2742 3129 3364 3204 diminutionem
3396 3129 3820 3223 temporis,

2284 3251 2491 3345 quod
2549 3250 2814 3322 solum
2865 3254 2989 3322 est
3051 3248 3395 3332 finitum,
3460 3248 3825 3342 acquire·

2284 3374 2422 3443 tur
2491 3367 2841 3441 intensio
2920 3365 3388 3442 velocitatis
3459 3366 3818 3444 infinitam

2284 3489 2460 3560 tum
2510 3487 2976 3558 extremum
3031 3483 3114 3555 in
3166 3483 3593 3577 proposito
3642 3504 3824 3557 nos-

2284 3606 2419 3676 tro
2465 3605 2592 3675 est
2647 3598 2909 3690 magis
2953 3599 3049 3671 ad
3092 3600 3606 3693 propositum
3639 3619 3823 3672 con·

2281 3718 2644 3800 veniens,
2691 3736 2933 3808 quam
2995 3716 3102 3790 sit
3166 3716 3384 3789 illud.
3459 3720 3559 3791 Et
3627 3721 3820 3793 tunc

2285 3855 2471 3906 cum
2540 3834 2952 3925 arguitur,
3021 3838 3323 3924 sequitur
3388 3835 3565 3925 quod
3628 3837 3689 3903 si
3738 3858 3824 3903 es:

2281 3957 2454 4044 ipsa,
2513 3955 2665 4025 etc.
2713 3952 3063 4024 concedo
3107 3951 3312 4043 quod
3344 3972 3442 4023 ex
3485 3951 3663 4043 ipsa
3691 3951 3821 4023 fie-

2283 4074 2466 4145 rent
2512 4068 2854 4153 infinita,
2911 4068 3229 4144 scilieet
3272 4069 3607 4143 infinitae
3641 4090 3822 4162 par·

2281 4191 2402 4261 tes
2426 4185 2783 4278 ejusdem
2808 4185 3213 4278 corporis,
3242 4205 3591 4278 quarum
3616 4207 3822 4278 quae-

2283 4303 2475 4377 libet
2507 4306 2725 4376 esset
2770 4303 3254 4377 intensionis
3299 4302 3673 4396 alicujus
3723 4305 3824 4376 Et

2280 4420 2864 4513 consequentia
2917 4422 3345 4514 probatur,
3384 4421 3589 4514 quod
3631 4441 3815 4495 non.

2279 4541 2394 4612 Dc
2445 4538 2753 4629 Angelo
2813 4538 2991 4611 dico
3055 4538 3262 4631 quod
3312 4537 3380 4610 si
3424 4558 3568 4630 per
3629 4538 3822 4610 ima·

2281 4652 2810 4744 ginationem,
2867 4654 3164 4744 anima,
3237 4653 3817 4745 Intelligentia,

2279 4772 2406 4844 vel
2475 4769 2834 4862 Angelus
2917 4772 3529 4854 extenderetur,
3616 4773 3818 4865 quod

2279 4888 2583 4960 nullius
2625 4889 2858 4961 fieret
2901 4887 3264 4969 virtutis,
3305 4887 3466 4958 imo
3510 4908 3669 4960 non
3703 4909 3820 4960 es·

2280 5010 2402 5078 set
2464 5004 3010 5096 imaginabile,
3078 5005 3283 5098 quod
3340 5004 3664 5097 aliquod
3709 5003 3821 5076 in·

2277 5120 2721 5202 divisibile,
2804 5119 2873 5193 si
2953 5141 3114 5192 non
3190 5126 3408 5195 esset
3485 5121 3820 5194 infinitae

2275 5237 2615 5313 virtutis
2687 5238 3111 5320 intensive,
3184 5244 3400 5313 esset
3470 5239 3820 5332 alicujus

2277 5356 2643 5439 virtutis·‚
2692 5356 2758 5429 si
2794 5355 2902 5431 sit
2932 5355 3356 5430 divisibile.

2369 5474 2482 5545 Ad
2563 5475 3033 5554 secundum,
3116 5479 3467 5566 negatur
3545 5494 3819 5547 eonse-

2275 5591 2629 5682 quentia,
2676 5596 2757 5666 et
2807 5594 2901 5664 ad
2991 5592 3552 5684 probationem
3628 5590 3816 5665 dici·

3854 1336 4088 1389 Dubium
4116 1336 4161 1387 3.

3976 2054 4058 2104 22.

3928 2119 4017 2168 Ad
4048 2118 4093 2168 ¹.

3943 5572 4028 5623 Λᾶ
4049 5571 4101 5621 2.
