4252 6393
75 2589 314 2639 causatum

69 2653 257 2700 :amici-

105 2716 235 2762 ditur.

67 2774 298 2829 Intermem

81 2836 166 2894 bra.
192 2856 258 2890 an

65 2902 108 2946 a]
130 2904 233 2952 ordo
249 2924 318 2954 ω.

63 2965 247 3015 antiatis
278 2971 303 3015 Γ

1781 487 2035 554 CAPUT
2079 492 2124 554 l.

928 729 1332 789 SCHOLIUM.

416 894 778 960 causatum,
812 892 1155 950 secundnm
1209 895 1556 952 membrum
1606 895 1895 952 secundae

346 991 677 1048 divisionis
700 990 1131 1048 subdividitur
1163 993 1227 1048 iu
1261 993 1439 1065 prius
1481 1000 1541 1051 et
1565 995 1895 1067 posterius,

344 1094 403 1147 et
435 1094 644 1146 utrum
677 1092 793 1147 ista
817 1091 982 1148 inter
1005 1105 1070 1146 se
1089 1090 1372 1148 ordinem
1396 1092 1660 1149 habeant
1682 1108 1894 1148 essen-

347 1188 575 1254 tialem,
634 1188 987 1260 explicatur
1044 1203 1181 1259 cap.
1244 1191 1550 1261 sequenti.
1613 1190 1892 1247 Primum

348 1286 691 1344 membrum
724 1286 1002 1357 ejusdcm
1025 1286 1381 1357 divisionis,
1414 1290 1654 1346 scilicet
1683 1304 1892 1356 causa,

345 1384 654 1441 dividitur
684 1385 747 1441 in
780 1390 1046 1455 quatuor
1094 1385 1370 1443 membra
1419 1389 1570 1443 satis
1602 1392 1766 1455 nota,
1819 1386 1894 1443 fi-

347 1498 506 1550 nem,
538 1483 931 1549 efficientem,
967 1484 1315 1552 materiam,
1341 1485 1640 1541 sormam:
1674 1485 1750 1541 de
1771 1502 1892 1558 qua

345 1581 660 1638 divisione
692 1581 1060 1638 Aristoteles
1091 1585 1143 1639 2.
1181 1585 1427 1654 Physic.
1464 1590 1611 1643 text.
1644 1588 1715 1640 28
1745 1589 1806 1642 et
1835 1585 1890 1641 5.

345 1680 614 1751 Metaph.
650 1683 799 1736 text.
852 1681 907 1736 2.
968 1681 1125 1737 Scot.
1173 1683 1223 1738 1.
1259 1681 1402 1739 dist.
1454 1684 1508 1739 3.
1570 1688 1796 1755 quaest.
1829 1685 1888 1739 7.

342 1790 518 1831 num.
551 1779 605 1832 3.
650 1779 862 1848 Itaque
892 1777 1042 1833 ordo
1091 1779 1463 1846 essentialis,
1497 1795 1607 1853 per
1647 1796 1752 1837 sex
1793 1782 1893 1836 in-

341 1877 602 1932 feriores
631 1875 882 1931 ordines
913 1881 1275 1944 evacuatur,
1310 1883 1377 1934 ut
1422 1879 1693 1950 explieat
1743 1883 1894 1935 Doc-

341 1981 457 2040 tor‚
508 1976 750 2030 scilicet
800 1989 911 2047 per
961 1980 1228 2047 quatuor
1274 1977 1524 2034 ordines
1573 1993 1777 2035 causae
1815 1978 1892 2033 ad

338 2078 680 2138 causatum,
742 2088 934 2130 unum
983 2076 1217 2131 causati
1269 2078 1496 2147 prioris
1545 2075 1622 2132 ad
1672 2092 1892 2133 causa-

340 2177 473 2229 tum
523 2174 848 2244 posterius,
881 2177 940 2228 et
981 2174 1249 2230 alterum
1293 2174 1633 2231 secundum
1677 2190 1891 2231 essen-

345 2271 493 2326 tiam
550 2269 627 2325 ad
679 2271 887 2326 minus
937 2270 1163 2338 nobile,
1196 2271 1272 2326 de
1328 2273 1555 2343 quibus
1606 2274 1794 2329 latius
1827 2275 1888 2328 in

343 2382 472 2437 seq.
504 2383 640 2438 cap.

437 2522 686 2594 Istius
730 2523 1092 2594 secundae
1125 2522 1546 2594 divisionis
1581 2528 1893 2596 utrum-

341 2656 493 2726 que
527 2635 1085 2717 subdividitur,
1134 2638 1693 2710 subdividendo
1731 2640 1890 2731 pri-

348 2769 478 2822 1110
511 2754 967 2837 secundum,
1017 2755 1202 2844 quia⁴
1247 2755 1418 2848 jam
1480 2756 1887 2848 praedictis

343 2873 765 2941 consonat.
840 2874 1046 2942 Nam
1140 2872 1392 2965 prius,
1475 2873 1678 2963 quod
1764 2877 1888 2946 est

343 2991 771 3060 causatum
811 2990 1344 3082 propinquius
1396 3011 1688 3073 causrr,
1727 3012 1886 3061 11011

341 3107 662 3175 tantum
729 3104 1028 3177 dicitur
1099 3107 1304 3198 quod
1370 3110 1490 3177 est
1563 3109 1886 3201 propiu-

339 3220 576 3313 quius
627 3243 892 3295 causze
940 3224 1333 3316 proximae
1372 3225 1717 3316 utrique,
1757 3228 1887 3297 sed

339 3337 592 3411 etiam
667 3345 1032 3423 remotae,
1111 3344 1305 3434 puta
1377 3340 1442 3411 si
1509 3343 1888 3434 proxima

338 3475 586 3528 causa
619 3457 858 3530 unius
899 3458 1217 3530 causati
1260 3456 1363 3528 sit
1400 3463 1479 3539 A,
1521 3479 1693 3549 quae
1729 3479 1886 3528 11011

341 3572 450 3646 sit
519 3572 795 3665 aliquo
883 3574 1116 3647 modo
1197 3594 1444 3646 causa
1513 3574 1884 3655 alterius,

339 3689 655 3764 scilicet
697 3695 752 3758 B
814 3720 834 3759 .·
895 3691 1027 3763 sed
1078 3691 1351 3783 aliqua,
1400 3691 1561 3763 alia
1640 3711 1890 3763 causa

338 3807 574 3903 prior
632 3812 756 3883 est
797 3828 1046 3883 causa
1099 3813 1154 3876 Β
1195 3809 1596 3901 proxima,
1643 3812 1723 3881 et
1763 3812 1888 3880 est

341 3927 660 3996 remota
743 3942 991 3993 causa¹
1078 3922 1323 4004 illius,
1417 3922 1646 4015 cujus
1725 3921 1889 3992 alia

338 4058 585 4112 causa
651 4041 772 4111 est
832 4038 1248 4131 proxima;
1341 4038 1594 4110 adhuc
1674 4038 1891 4111 inter

341 4154 498 4231 ista
539 4158 876 4228 causata
937 4155 1097 4226 erit
1159 4155 1354 4226 ordo
1395 4153 1884 4235 essentialis,

339 4274 426 4343 ut
508 4271 829 4345 causati
915 4270 1224 4364 prioris
1304 4271 1399 4343 ad
1479 4269 1888 4363 posterius

338 4396 793 4475 causatum,
879 4395 957 4463 et
1045 4390 1192 4462 boc
1292 4390 1358 4461 si
1445 4390 1888 4462 causalitas

338 4528 608 4580 causze
683 4505 1139 4581 communis
1219 4506 1686 4587 amborum,
1775 4528 1889 4577 se-

339 4624 682 4697 cundum
737 4623 1258 4696 essentialem
1314 4623 1700 4704 ordinem,
1749 4623 1891 4695 illa

342 4740 731 4833 respiciat
821 4744 906 4815 ut
993 4741 1354 4813 causata.
1440 4739 1888 4812 Secundum

341 4855 795 4927 membrum
858 4855 1098 4948 liujus
1140 4853 1561 4925 divisionis
1624 4854 1889 4925 minus

335 4972 659 5046 videtur
694 4993 871 5045 esse
917 4971 1060 5043 sub
1099 4969 1385 5053 divise,
1432 4969 1582 5042 hoc
1617 4974 1890 5044 autem

339 5088 456 5158 sic
504 5088 948 5180 probatur:
989 5088 1198 5160 Nam
1242 5091 1680 5178 utrumque
1710 5105 1893 5157 cau·

339 5208 608 5276 satum
681 5206 1058 5296 respectu
1135 5200 1393 5283 tertii,
1488 5202 1689 5294 quod
1769 5206 1893 5275 est

337 5340 589 5394 eausa
633 5320 1016 5400 istorum.
1063 5318 1616 5392 essentialiter
1682 5317 1895 5389 ordi-

337 5441 624 5517 natur;
707 5456 905 5528 crgo
1000 5438 1078 5506 et
1160 5434 1376 5507 inter
1463 5455 1571 5505 se.
1673 5433 1893 5504 Tunc

332 5552 580 5625 etiam
642 5574 885 5626 causa
943 5547 1397 5625 communis
1468 5549 1698 5643 quasi
1779 5570 1895 5621 re-

339 5674 559 5743 mota
627 5690 875 5745 causa
945 5667 1443 5759 intelligitur
1520 5668 1894 5760 respectu

3433 500 3548 567 723

2006 653 2522 744 posterioris,
2602 656 2885 749 priore
2951 678 3113 732 11011
3187 666 3549 739 causato,

2005 769 2222 841 Tunc
2288 771 2534 843 etiam
2587 774 2997 864 posterius
3065 797 3225 850 non
3282 783 3552 871 potest

2004 907 2183 958 esse
2253 888 2427 960 sine
2490 889 2776 980 priori.
2855 892 3221 967 Primum
3310 917 3767 988 mem-Cam
3795 940 3887 989 αἱ-

2001 1001 2239 1075 brum
2288 1006 2656 1077 secundae
2705 1006 3128 1081 divisionis
3174 1013 3379 1102 quod
3426 1018 3549 1087 est
3580 1001 3885 1126 ”gfflgss'off

2003 1141 2277 1203 causa..
2314 1122 2625 1196 famose
2667 1126 3201 1201 subdividitur
3233 1129 3312 1200 in
3365 1152 3551 1223 qua·
3598 1127 3875 1237 223222'1‘53

2003 1240 2198 1309 tuor
2255 1259 2544 1312 causas
2598 1241 2800 1314 satis
2858 1247 3132 1326 notas;
3194 1246 3543 1333 finalem,
3580 1256 3898 1362 'ercfiss'nm'

2003 1352 2512 1435 efficientem,
2562 1356 3074 1431 materialem
3132 1366 3212 1435 et
3254 1361 3551 1436 forma·
3789 1351 3802 1363 ⁶

2005 1469 2187 1540 lem.
2239 1473 2337 1543 Et
2400 1473 2811 1563 posterius
2883 1474 3031 1546 sibi
3083 1478 3550 1570 oppositum

2006 1586 2392 1661 similiter
2444 1589 2980 1664 subdividitur
3049 1592 3128 1665 in
3200 1601 3553 1686 quatuor

2007 1704 2157 1774 sibi
2245 1706 2988 1799 correspondentia,
3082 1711 3391 1785 scilicet
3471 1713 3550 1785 in

2009 1820 2469 1893 ordinatum
2511 1823 2604 1894 ad
2646 1823 2909 1902 finem,
2978 1828 3204 1918 quod,
3256 1833 3339 1902 ut
3382 1829 3550 1900 bre-

2003 1937 2220 2011 viter
2282 1939 2597 2031 loquar,
2678 1941 2998 2014 dicatur
3057 1943 3409 2027 finitum;
3471 1954 3549 2022 et

2005 2053 2084 2124 in
2153 2062 2577 2128 causatum
2659 2058 2755 2128 ab
2832 2058 3254 2144 efficiente,
3346 2066 3549 2154 quod

2001 2171 2322 2245 dicatur
2376 2173 2787 2252 effectum;
2834 2180 2913 2247 et
2985 2175 3061 2245 in
3120 2183 3546 2264 causatum

2003 2309 2047 2359 a
2092 2289 2465 2369 materia.
2532 2293 2735 2382 quod
2804 2292 3105 2365 dicitur
3174 2296 3551 2369 materia-

2001 2407 2220 2486 tum;
2268 2408 2347 2477 et
2390 2403 2469 2475 in
2511 2409 2937 2478 causatum
2982 2428 3126 2499 per
3166 2409 3544 2492 formam,

2005 2522 2209 2613 quod
2260 2521 2558 2594 dicitur
2617 2522 3088 2597 formatum.
3155 2527 3546 2600 Rationes

2001 2638 2522 2712 dividentium
2583 2638 2822 2728 hujus
2890 2640 3336 2723 divisionis,
3418 2643 3689 2716 hiel-d
3731 2657 3866 2720 3³3-

2000 2755 2361 2833 transeo,
2419 2753 2606 2844 quia
2674 2754 2866 2825 alibi
2942 2755 3307 2828 diffusius
3378 2758 3546 2833 haec
3576 2721 3878 2771 ⁷'m'm‘3'

2001 2870 2472 2950 tractavi,et
2511 2871 2848 2942 inferius
2885 2875 3357 2965 quandoque
3384 2880 3547 2948 tan-

2000 2991 2262 3076 getur,
2300 2988 2981 3077 quandomateria.
3032 2989 3102 3060 id
3165 2991 3549 3083 requiret.

2093 3104 2352 3195 Hujus
2397 3102 2727 3176 articuli
2792 3106 3148 3180 fructum
3203 3129 3549 3179 summa-

2001 3218 2145 3291 tim
2219 3219 2544 3309 celligo.
2610 3222 2819 3293 Ordo
2882 3224 3341 3297 essentialis
3404 3247 3549 3317 per
3581 3266 3901 3316 maome...

2000 3357 2138 3406 sex
2189 3335 2511 3407 ordines
2570 3336 3010 3409 dividentes
3070 3346 3542 3424 evacuatur,
3578 3330 3876 3453 ’ίῇἰζζιξζῗ

2002 3451 2312 3525 seilicet
2352 3474 2492 3545 per
2526 3458 2882 3544 quatuor
2927 3456 3245 3528 ordines
3279 3478 3545 3530 causae

2001 3569 2094 3639 ad
2139 3572 2604 3650 causatum;
2653 3573 2730 3640 et
2768 3592 3187 3662 perunum
3231 3575 3546 3647 causati

1997 3685 2091 3755 ad
2135 3688 2588 3768 causatum,
2637 3687 3380 3780 comprehendendo
3416 3691 3547 3764 hic

2002 3800 2148 3873 sub
2233 3801 2533 3882 eodem,
2618 3803 2769 3873 duo
2850 3805 3211 3876 membra
3280 3808 3548 3879 tertia}

2001 3919 2460 4001 divisionis3
2516 3926 2595 3994 et
2666 3943 2811 4015 per
2882 3944 3127 3995 unum
3205 3924 3547 3996 eminen-

2003 4038 2174 4107 ter‘
2216 4036 2309 4107 ad
2370 4056 2821 4108 excessum.
2869 4036 3185 4110 Harum
3226 4039 3544 4112 divisio·
3598 4032 3871 4143 '32:23¹‘

2001 4172 2193 4222 num
2239 4152 2624 4232 ostensio,
2697 4153 2851 4226 duo
2921 4152 3174 4226 adhuc
3241 4158 3551 4231 ostendi

2005 4267 2399 4359 requirit.
2483 4268 2793 4341 scilicet
2894 4272 3103 4361 quod
3190 4273 3554 4346 membra

2001 4384 2440 4477 cujuslibet
2501 4384 2715 4457 inter
2783 4406 2867 4457 se
2933 4393 3405 4479 repugnent,
3475 4395 3556 4463 et

2005 4501 2209 4591 quod
2286 4506 2680 4575 evacuent
2773 4502 3176 4575 rationem
3244 4504 3481 4578 divisi
3538 4534 3551 4576 :

2004 4636 2178 4707 quae
2231 4616 2383 4686 duo
2434 4616 2513 4687 in
2576 4618 2945 4707 sequenti
3005 4618 3271 4711 capite
3313 4640 3555 4712 quan·

2002 4736 2174 4804 tum
2223 4752 2424 4823 opus
2476 4731 2635 4805 erit
2677 4733 2770 4803 al
2837 4733 3380 4826 propositum,
3440 4759 3559 4810 os-

2002 4849 2478 4930 tendentur;
2553 4853 2631 4921 et
2703 4847 2783 4919 in
2850 4870 3006 4941 quo
3065 4849 3315 4925 etiam
3357 4874 3563 4945 quae-

2001 4967 2184 5036 dam
2253 4965 2680 5056 generales
2751 4966 3362 5059 propositiones
3431 4990 3565 5041 ne-

2002 5080 2393 5155 cessariae
2432 5086 3038 5174 proponentium
3077 5086 3155 5155 et
3199 5084 3567 5176 praedicti

2007 5196 2353 5278 ordines,
2410 5200 2488 5270 et
2521 5202 2893 5271 extrema
2972 5200 3402 5271 secundum
3446 5221 3575 5273 ne-

2002 5316 2481 5398 cessariam,
2562 5316 2693 5387 vel
2764 5337 2922 5388 non
3009 5318 3560 5392 necessariam

2003 5431 2735 5505 concomitantiam
2779 5430 3329 5517 conferentur,
3378 5435 3567 5527 quia

2006 5549 2410 5622 dictorum
2446 5548 3215 5642 comparationesad
3248 5573 3575 5645 sequen·

2009 5664 2136 5745 eia,
2178 5665 2377 5737 bene
2418 5666 2719 5738 valent.
