<?xml version="1.0" encoding="UTF-8"?>
<!DOCTYPE html PUBLIC "-//W3C//DTD XHTML 1.0 Transitional//EN"
    "http://www.w3.org/TR/xhtml1/DTD/xhtml1-transitional.dtd">
<html xmlns="http://www.w3.org/1999/xhtml" xml:lang="en" lang="en">
 <head>
  <title>
</title>
<meta http-equiv="Content-Type" content="text/html;charset=utf-8" />
  <meta name='ocr-system' content='tesseract 3.04.00' />
  <meta name='ocr-capabilities' content='ocr_page ocr_carea ocr_par ocr_line ocrx_word'/>
</head>
<body>
  <div class='ocr_page' id='page_1' title='image "./joannisdunsscot03waddgoog_0626.png"; bbox 0 0 4252 6393; ppageno 0'>
   <div class='ocr_carea' id='block_1_1' title="bbox 262 3702 578 3940">
    <p class='ocr_par' dir='ltr' id='par_1_1' title="bbox 262 3702 578 3940">
     <span class='ocr_line' id='line_1_1' title="bbox 263 3702 578 3754; baseline -0.019 0"><span class='ocrx_word' id='word_1_1' title='bbox 263 3702 521 3754; x_wconf 75' lang='lat' dir='ltr'><strong>Accidens</strong></span> <span class='ocrx_word' id='word_1_2' title='bbox 541 3714 578 3749; x_wconf 83' lang='lat' dir='ltr'><strong>a</strong></span> 
     </span>
     <span class='ocr_line' id='line_1_2' title="bbox 262 3763 547 3828; baseline -0.014 -14"><span class='ocrx_word' id='word_1_3' title='bbox 262 3781 364 3828; x_wconf 77' lang='lat' dir='ltr'><strong>quo</strong></span> <span class='ocrx_word' id='word_1_4' title='bbox 394 3763 547 3812; x_wconf 78' lang='lat' dir='ltr'><strong>habet</strong></span> 
     </span>
     <span class='ocr_line' id='line_1_3' title="bbox 312 3826 545 3875; baseline -0.009 -1"><span class='ocrx_word' id='word_1_5' title='bbox 312 3826 545 3875; x_wconf 70' lang='lat' dir='ltr'><strong>existen-</strong></span> 
     </span>
     <span class='ocr_line' id='line_1_4' title="bbox 349 3889 509 3940; baseline 0.025 -4"><span class='ocrx_word' id='word_1_6' title='bbox 349 3889 484 3937; x_wconf 78' lang='lat' dir='ltr'><strong>tiam</strong></span> <span class='ocrx_word' id='word_1_7' title='bbox 496 3926 509 3940; x_wconf 90' lang='lat'>.</span> 
     </span>
    </p>
   </div>
   <div class='ocr_carea' id='block_1_2' title="bbox 576 406 2585 478">
    <p class='ocr_par' dir='ltr' id='par_1_2' title="bbox 576 406 2585 478">
     <span class='ocr_line' id='line_1_5' title="bbox 576 406 2585 478; baseline -0.003 -1"><span class='ocrx_word' id='word_1_8' title='bbox 576 413 693 478; x_wconf 77' lang='lat'><strong>594</strong></span> <span class='ocrx_word' id='word_1_9' title='bbox 1741 407 1841 470; x_wconf 81' lang='lat' dir='ltr'><strong>DE</strong></span> <span class='ocrx_word' id='word_1_10' title='bbox 1886 407 2151 472; x_wconf 78' lang='lat' dir='ltr'>RERUM</span> <span class='ocrx_word' id='word_1_11' title='bbox 2200 406 2585 470; x_wconf 76' lang='lat' dir='ltr'>PRINCIPIO</span> 
     </span>
    </p>
   </div>
   <div class='ocr_carea' id='block_1_3' title="bbox 568 566 3788 783">
    <p class='ocr_par' dir='ltr' id='par_1_3' title="bbox 568 566 3788 783">
     <span class='ocr_line' id='line_1_6' title="bbox 568 566 3784 664; baseline -0.003 -16"><span class='ocrx_word' id='word_1_12' title='bbox 568 598 612 648; x_wconf 88' lang='lat' dir='ltr'><strong>a</strong></span> <span class='ocrx_word' id='word_1_13' title='bbox 666 575 1121 650; x_wconf 87' lang='lat' dir='ltr'><strong>substantia</strong></span> <span class='ocrx_word' id='word_1_14' title='bbox 1174 573 1412 647; x_wconf 84' lang='lat' dir='ltr'><strong>habet</strong></span> <span class='ocrx_word' id='word_1_15' title='bbox 1456 599 1609 652; x_wconf 74' lang='lat' dir='ltr'><strong>esse,</strong></span> <span class='ocrx_word' id='word_1_16' title='bbox 1672 574 1858 664; x_wconf 83' lang='lat' dir='ltr'><strong>quia</strong></span> <span class='ocrx_word' id='word_1_17' title='bbox 1913 571 2117 644; x_wconf 85' lang='lat' dir='ltr'><strong>acci·</strong></span> <span class='ocrx_word' id='word_1_18' title='bbox 2227 571 2554 643; x_wconf 77' lang='lat' dir='ltr'>dulcedo</span> <span class='ocrx_word' id='word_1_19' title='bbox 2594 598 2605 640; x_wconf 90' lang='lat'>:</span> <span class='ocrx_word' id='word_1_20' title='bbox 2645 575 2721 642; x_wconf 88' lang='lat' dir='ltr'><strong>et</strong></span> <span class='ocrx_word' id='word_1_21' title='bbox 2760 575 2949 644; x_wconf 91' lang='lat' dir='ltr'><strong>tunc</strong></span> <span class='ocrx_word' id='word_1_22' title='bbox 2985 569 3189 643; x_wconf 86' lang='lat' dir='ltr'><strong>idem</strong></span> <span class='ocrx_word' id='word_1_23' title='bbox 3220 567 3381 643; x_wconf 87' lang='lat' dir='ltr'><strong>erit</strong></span> <span class='ocrx_word' id='word_1_24' title='bbox 3415 566 3784 660; x_wconf 89' lang='lat' dir='ltr'><strong>subjecto</strong></span> 
     </span>
     <span class='ocr_line' id='line_1_7' title="bbox 569 686 3788 783; baseline -0.003 -17"><span class='ocrx_word' id='word_1_25' title='bbox 569 693 830 766; x_wconf 84' lang='lat' dir='ltr'><strong>dentis</strong></span> <span class='ocrx_word' id='word_1_26' title='bbox 861 717 1017 775; x_wconf 73' lang='lat' dir='ltr'><strong>esse,</strong></span> <span class='ocrx_word' id='word_1_27' title='bbox 1054 698 1178 765; x_wconf 91' lang='lat' dir='ltr'><strong>est</strong></span> <span class='ocrx_word' id='word_1_28' title='bbox 1212 692 1292 764; x_wconf 92' lang='lat' dir='ltr'><strong>in</strong></span> <span class='ocrx_word' id='word_1_29' title='bbox 1326 691 1486 763; x_wconf 85' lang='lat' dir='ltr'><strong>alio</strong></span> <span class='ocrx_word' id='word_1_30' title='bbox 1523 713 1700 763; x_wconf 87' lang='lat' dir='ltr'><strong>esse</strong></span> <span class='ocrx_word' id='word_1_31' title='bbox 1733 718 1745 761; x_wconf 92' lang='lat'>:</span> <span class='ocrx_word' id='word_1_32' title='bbox 1781 693 2119 783; x_wconf 87' lang='lat' dir='ltr'><strong>propter</strong></span> <span class='ocrx_word' id='word_1_33' title='bbox 2231 709 2407 759; x_wconf 89' lang='lat' dir='ltr'><strong>esse</strong></span> <span class='ocrx_word' id='word_1_34' title='bbox 2450 687 2720 759; x_wconf 88' lang='lat' dir='ltr'><strong>album</strong></span> <span class='ocrx_word' id='word_1_35' title='bbox 2762 690 2839 759; x_wconf 89' lang='lat' dir='ltr'><strong>et</strong></span> <span class='ocrx_word' id='word_1_36' title='bbox 2881 687 3135 765; x_wconf 83' lang='lat' dir='ltr'><strong>dulce,</strong></span> <span class='ocrx_word' id='word_1_37' title='bbox 3188 686 3393 779; x_wconf 90' lang='lat' dir='ltr'><strong>quod</strong></span> <span class='ocrx_word' id='word_1_38' title='bbox 3450 686 3788 758; x_wconf 88' lang='lat' dir='ltr'><strong>omnino</strong></span> 
     </span>
    </p>
   </div>
   <div class='ocr_carea' id='block_1_4' title="bbox 572 809 2118 1019">
    <p class='ocr_par' dir='ltr' id='par_1_4' title="bbox 572 809 2118 1019">
     <span class='ocr_line' id='line_1_8' title="bbox 575 809 2111 904; baseline -0.006 -23"><span class='ocrx_word' id='word_1_39' title='bbox 575 833 668 904; x_wconf 84' lang='lat' dir='ltr'><strong>qu</strong></span> <span class='ocrx_word' id='word_1_40' title='bbox 686 810 778 882; x_wconf 88' lang='lat' dir='ltr'><strong>od</strong></span> <span class='ocrx_word' id='word_1_41' title='bbox 811 809 1002 883; x_wconf 75' lang='lat' dir='ltr'><strong>dicit</strong></span> <span class='ocrx_word' id='word_1_42' title='bbox 1030 809 1518 882; x_wconf 70' lang='lat' dir='ltr'><strong>Aristoteles</strong></span> <span class='ocrx_word' id='word_1_43' title='bbox 1539 812 1606 879; x_wconf 73' lang='lat'><strong>2.</strong></span> <span class='ocrx_word' id='word_1_44' title='bbox 1636 811 1923 896; x_wconf 73' lang='lat' dir='ltr'><strong>Melaplae.</strong></span> <span class='ocrx_word' id='word_1_45' title='bbox 1954 818 2111 875; x_wconf 62' lang='lat' dir='ltr'><strong>teari.</strong></span> 
     </span>
     <span class='ocr_line' id='line_1_9' title="bbox 572 923 2118 1019; baseline -0.002 -23"><span class='ocrx_word' id='word_1_46' title='bbox 572 953 803 997; x_wconf 82' lang='lat' dir='ltr'><strong>comm.</strong></span> <span class='ocrx_word' id='word_1_47' title='bbox 846 931 912 1000; x_wconf 69' lang='lat'><strong>2.</strong></span> <span class='ocrx_word' id='word_1_48' title='bbox 962 929 1167 1019; x_wconf 82' lang='lat' dir='ltr'><strong>quod</strong></span> <span class='ocrx_word' id='word_1_49' title='bbox 1215 948 1374 998; x_wconf 92' lang='lat' dir='ltr'><strong>non</strong></span> <span class='ocrx_word' id='word_1_50' title='bbox 1431 929 1617 999; x_wconf 91' lang='lat' dir='ltr'><strong>sunt</strong></span> <span class='ocrx_word' id='word_1_51' title='bbox 1675 924 1919 1005; x_wconf 80' lang='lat' dir='ltr'><strong>entIa,</strong></span> <span class='ocrx_word' id='word_1_52' title='bbox 1987 923 2118 994; x_wconf 92' lang='lat' dir='ltr'><strong>sed</strong></span> 
     </span>
    </p>
   </div>
   <div class='ocr_carea' id='block_1_5' title="bbox 2232 804 2721 878">
    <p class='ocr_par' dir='ltr' id='par_1_5' title="bbox 2232 804 2721 878">
     <span class='ocr_line' id='line_1_10' title="bbox 2232 804 2721 878; baseline -0.006 -2"><span class='ocrx_word' id='word_1_53' title='bbox 2232 804 2529 877; x_wconf 86' lang='lat' dir='ltr'><strong>falsum</strong></span> <span class='ocrx_word' id='word_1_54' title='bbox 2571 809 2721 878; x_wconf 93' lang='lat' dir='ltr'><strong>est.</strong></span> 
     </span>
    </p>
   </div>
   <div class='ocr_carea' id='block_1_6' title="bbox 2324 920 3790 1013">
    <p class='ocr_par' dir='ltr' id='par_1_6' title="bbox 2324 920 3790 1013">
     <span class='ocr_line' id='line_1_11' title="bbox 2324 920 3790 1013; baseline 0 -19"><span class='ocrx_word' id='word_1_55' title='bbox 2324 923 2678 994; x_wconf 72' lang='lat' dir='ltr'><strong>Secundo</strong></span> <span class='ocrx_word' id='word_1_56' title='bbox 2717 922 2866 1001; x_wconf 88' lang='lat' dir='ltr'><strong>sie;</strong></span> <span class='ocrx_word' id='word_1_57' title='bbox 2917 920 3106 1013; x_wconf 88' lang='lat' dir='ltr'><strong>quia</strong></span> <span class='ocrx_word' id='word_1_58' title='bbox 3142 921 3209 994; x_wconf 91' lang='lat' dir='ltr'><strong>si</strong></span> <span class='ocrx_word' id='word_1_59' title='bbox 3252 922 3619 996; x_wconf 86' lang='lat' dir='ltr'><strong>accidens</strong></span> <span class='ocrx_word' id='word_1_60' title='bbox 3660 942 3790 994; x_wconf 84' lang='lat' dir='ltr'><strong>ac-</strong></span> 
     </span>
    </p>
   </div>
   <div class='ocr_carea' id='block_1_7' title="bbox 573 1037 3784 1134">
    <p class='ocr_par' dir='ltr' id='par_1_7' title="bbox 573 1037 3784 1134">
     <span class='ocr_line' id='line_1_12' title="bbox 573 1037 3784 1134; baseline -0.003 -16"><span class='ocrx_word' id='word_1_61' title='bbox 573 1047 810 1118; x_wconf 89' lang='lat' dir='ltr'><strong>entis.</strong></span> <span class='ocrx_word' id='word_1_62' title='bbox 857 1049 1120 1119; x_wconf 85' lang='lat' dir='ltr'><strong>Causa</strong></span> <span class='ocrx_word' id='word_1_63' title='bbox 1161 1063 1361 1134; x_wconf 74' lang='lat' dir='ltr'><strong>ergo</strong></span> <span class='ocrx_word' id='word_1_64' title='bbox 1406 1043 1744 1115; x_wconf 86' lang='lat' dir='ltr'><strong>unitatis</strong></span> <span class='ocrx_word' id='word_1_65' title='bbox 1787 1040 2120 1130; x_wconf 87' lang='lat' dir='ltr'><strong>cujusli-</strong></span> <span class='ocrx_word' id='word_1_66' title='bbox 2233 1044 2405 1112; x_wconf 88' lang='lat' dir='ltr'><strong>tum</strong></span> <span class='ocrx_word' id='word_1_67' title='bbox 2441 1038 2899 1113; x_wconf 84' lang='lat' dir='ltr'><strong>existentiae</strong></span> <span class='ocrx_word' id='word_1_68' title='bbox 2933 1038 3268 1112; x_wconf 85' lang='lat' dir='ltr'><strong>haberet</strong></span> <span class='ocrx_word' id='word_1_69' title='bbox 3300 1059 3348 1110; x_wconf 86' lang='lat' dir='ltr'><strong>a</strong></span> <span class='ocrx_word' id='word_1_70' title='bbox 3390 1037 3784 1129; x_wconf 88' lang='lat' dir='ltr'><strong>subjecte,</strong></span> 
     </span>
    </p>
   </div>
   <div class='ocr_carea' id='block_1_8' title="bbox 571 1158 2121 1371">
    <p class='ocr_par' dir='ltr' id='par_1_8' title="bbox 571 1158 2121 1371">
     <span class='ocr_line' id='line_1_13' title="bbox 571 1158 2121 1236; baseline -0.003 -3"><span class='ocrx_word' id='word_1_71' title='bbox 571 1162 703 1236; x_wconf 90' lang='lat' dir='ltr'><strong>bet</strong></span> <span class='ocrx_word' id='word_1_72' title='bbox 763 1161 1202 1235; x_wconf 86' lang='lat' dir='ltr'><strong>accidentis</strong></span> <span class='ocrx_word' id='word_1_73' title='bbox 1265 1160 1847 1233; x_wconf 86' lang='lat' dir='ltr'><strong>universaliter</strong></span> <span class='ocrx_word' id='word_1_74' title='bbox 1914 1158 2121 1228; x_wconf 85' lang='lat' dir='ltr'><strong>vide-</strong></span> 
     </span>
     <span class='ocr_line' id='line_1_14' title="bbox 578 1278 1434 1371; baseline -0.006 -19"><span class='ocrx_word' id='word_1_75' title='bbox 578 1284 718 1352; x_wconf 90' lang='lat' dir='ltr'><strong>tur</strong></span> <span class='ocrx_word' id='word_1_76' title='bbox 748 1300 925 1350; x_wconf 89' lang='lat' dir='ltr'><strong>esse</strong></span> <span class='ocrx_word' id='word_1_77' title='bbox 960 1278 1434 1371; x_wconf 86' lang='lat' dir='ltr'><strong>subjectum.</strong></span> 
     </span>
    </p>
   </div>
   <div class='ocr_carea' id='block_1_9' title="bbox 1159 1491 1556 1547">
    <p class='ocr_par' dir='ltr' id='par_1_9' title="bbox 1159 1491 1556 1547">
     <span class='ocr_line' id='line_1_15' title="bbox 1159 1491 1556 1547; baseline 0.003 -1"><span class='ocrx_word' id='word_1_78' title='bbox 1159 1491 1241 1546; x_wconf 90' lang='lat' dir='ltr'><strong>SC</strong></span> <span class='ocrx_word' id='word_1_79' title='bbox 1251 1491 1556 1547; x_wconf 86' lang='lat' dir='ltr'>HOLIUM.</span> 
     </span>
    </p>
   </div>
   <div class='ocr_carea' id='block_1_10' title="bbox 2235 1155 3794 1596">
    <p class='ocr_par' dir='ltr' id='par_1_10' title="bbox 2235 1155 3794 1596">
     <span class='ocr_line' id='line_1_16' title="bbox 2235 1155 3789 1249; baseline -0.003 -19"><span class='ocrx_word' id='word_1_80' title='bbox 2235 1163 2425 1230; x_wconf 91' lang='lat' dir='ltr'><strong>tunc</strong></span> <span class='ocrx_word' id='word_1_81' title='bbox 2461 1157 2681 1227; x_wconf 91' lang='lat' dir='ltr'><strong>nulle</strong></span> <span class='ocrx_word' id='word_1_82' title='bbox 2720 1156 2951 1229; x_wconf 87' lang='lat' dir='ltr'><strong>modo</strong></span> <span class='ocrx_word' id='word_1_83' title='bbox 2985 1155 3535 1249; x_wconf 88' lang='lat' dir='ltr'><strong>compositum</strong></span> <span class='ocrx_word' id='word_1_84' title='bbox 3567 1157 3789 1227; x_wconf 91' lang='lat' dir='ltr'><strong>esset</strong></span> 
     </span>
     <span class='ocr_line' id='line_1_17' title="bbox 2239 1271 3790 1366; baseline -0.001 -23"><span class='ocrx_word' id='word_1_85' title='bbox 2239 1294 2483 1345; x_wconf 88' lang='lat' dir='ltr'><strong>unum</strong></span> <span class='ocrx_word' id='word_1_86' title='bbox 2519 1295 2659 1345; x_wconf 90' lang='lat' dir='ltr'><strong>ens</strong></span> <span class='ocrx_word' id='word_1_87' title='bbox 2698 1295 2840 1366; x_wconf 87' lang='lat' dir='ltr'><strong>per</strong></span> <span class='ocrx_word' id='word_1_88' title='bbox 2872 1274 3238 1346; x_wconf 86' lang='lat' dir='ltr'><strong>accidens</strong></span> <span class='ocrx_word' id='word_1_89' title='bbox 3274 1300 3287 1344; x_wconf 89' lang='lat'>:</span> <span class='ocrx_word' id='word_1_90' title='bbox 3329 1271 3539 1346; x_wconf 89' lang='lat' dir='ltr'><strong>sicut</strong></span> <span class='ocrx_word' id='word_1_91' title='bbox 3570 1271 3790 1345; x_wconf 89' lang='lat' dir='ltr'><strong>enim</strong></span> 
     </span>
     <span class='ocr_line' id='line_1_18' title="bbox 2237 1387 3794 1480; baseline -0.003 -19"><span class='ocrx_word' id='word_1_92' title='bbox 2237 1388 2787 1480; x_wconf 87' lang='lat' dir='ltr'><strong>compositum</strong></span> <span class='ocrx_word' id='word_1_93' title='bbox 2830 1410 2926 1460; x_wconf 81' lang='lat' dir='ltr'><strong>ex</strong></span> <span class='ocrx_word' id='word_1_94' title='bbox 2972 1387 3321 1461; x_wconf 85' lang='lat' dir='ltr'><strong>materia</strong></span> <span class='ocrx_word' id='word_1_95' title='bbox 3379 1392 3460 1461; x_wconf 92' lang='lat' dir='ltr'><strong>et</strong></span> <span class='ocrx_word' id='word_1_96' title='bbox 3519 1387 3794 1459; x_wconf 85' lang='lat' dir='ltr'><strong>forma</strong></span> 
     </span>
     <span class='ocr_line' id='line_1_19' title="bbox 2241 1505 3794 1596; baseline -0.001 -21"><span class='ocrx_word' id='word_1_97' title='bbox 2241 1505 2761 1578; x_wconf 78' lang='lat' dir='ltr'>substantiali</span> <span class='ocrx_word' id='word_1_98' title='bbox 2804 1510 2928 1579; x_wconf 90' lang='lat' dir='ltr'><strong>est</strong></span> <span class='ocrx_word' id='word_1_99' title='bbox 2972 1509 3271 1579; x_wconf 82' lang='lat' dir='ltr'><strong>natura</strong></span> <span class='ocrx_word' id='word_1_100' title='bbox 3329 1523 3577 1577; x_wconf 90' lang='lat' dir='ltr'><strong>unum</strong></span> <span class='ocrx_word' id='word_1_101' title='bbox 3645 1524 3794 1596; x_wconf 87' lang='lat' dir='ltr'><strong>per</strong></span> 
     </span>
    </p>
   </div>
   <div class='ocr_carea' id='block_1_11' title="bbox 657 1620 3793 1725">
    <p class='ocr_par' dir='ltr' id='par_1_11' title="bbox 657 1620 3793 1725">
     <span class='ocr_line' id='line_1_20' title="bbox 657 1620 3793 1725; baseline -0.003 -13"><span class='ocrx_word' id='word_1_102' title='bbox 657 1659 1107 1714; x_wconf 87' lang='lat' dir='ltr'><strong>MonetDoetor</strong></span> <span class='ocrx_word' id='word_1_103' title='bbox 1155 1655 1444 1712; x_wconf 83' lang='lat' dir='ltr'><strong>accidens</strong></span> <span class='ocrx_word' id='word_1_104' title='bbox 1506 1656 1734 1712; x_wconf 88' lang='lat' dir='ltr'><strong>habere</strong></span> <span class='ocrx_word' id='word_1_105' title='bbox 1796 1655 2128 1725; x_wconf 78' lang='lat' dir='ltr'>multiplex</span> <span class='ocrx_word' id='word_1_106' title='bbox 2240 1645 2348 1704; x_wconf 73' lang='lat' dir='ltr'><strong>Se,</strong></span> <span class='ocrx_word' id='word_1_107' title='bbox 2405 1645 2560 1696; x_wconf 77' lang='grc' dir='ltr'><strong>ΠΟΠ</strong></span> <span class='ocrx_word' id='word_1_108' title='bbox 2615 1644 2759 1717; x_wconf 65' lang='lat' dir='ltr'><strong>pffi&#39;</strong></span> <span class='ocrx_word' id='word_1_109' title='bbox 2801 1623 3197 1707; x_wconf 52' lang='lat' dir='ltr'><strong>acciden&amp;</strong></span> <span class='ocrx_word' id='word_1_110' title='bbox 3265 1621 3456 1714; x_wconf 70' lang='lat' dir='ltr'><strong>quia</strong></span> <span class='ocrx_word' id='word_1_111' title='bbox 3515 1620 3793 1694; x_wconf 67' lang='lat' dir='ltr'><strong>forma</strong></span> 
     </span>
    </p>
   </div>
   <div class='ocr_carea' id='block_1_12' title="bbox 517 1753 2144 3205">
    <p class='ocr_par' dir='ltr' id='par_1_12' title="bbox 517 1753 2144 3205">
     <span class='ocr_line' id='line_1_21' title="bbox 585 1753 2126 1824; baseline -0.003 -15"><span class='ocrx_word' id='word_1_112' title='bbox 585 1771 712 1824; x_wconf 76' lang='lat' dir='ltr'><strong>esse,</strong></span> <span class='ocrx_word' id='word_1_113' title='bbox 742 1753 1041 1811; x_wconf 83' lang='lat' dir='ltr'><strong>videlieet</strong></span> <span class='ocrx_word' id='word_1_114' title='bbox 1068 1756 1327 1820; x_wconf 73' lang='lat' dir='ltr'><strong>esseneiae,</strong></span> <span class='ocrx_word' id='word_1_115' title='bbox 1387 1756 1704 1820; x_wconf 60' lang='lat' dir='ltr'><strong>emmenum,</strong></span> <span class='ocrx_word' id='word_1_116' title='bbox 1739 1759 1784 1807; x_wconf 75' lang='lat' dir='ltr'><strong>ct</strong></span> <span class='ocrx_word' id='word_1_117' title='bbox 1814 1754 2126 1807; x_wconf 69' lang='lat' dir='ltr'><strong>subsisten-</strong></span> 
     </span>
     <span class='ocr_line' id='line_1_22' title="bbox 517 1830 2131 1925; baseline 0 -18"><span class='ocrx_word' id='word_1_118' title='bbox 517 1830 523 1838; x_wconf 51' lang='grc'><strong>’</strong></span> <span class='ocrx_word' id='word_1_119' title='bbox 586 1857 692 1921; x_wconf 67' lang='lat' dir='ltr'><strong>tim,</strong></span> <span class='ocrx_word' id='word_1_120' title='bbox 726 1859 787 1910; x_wconf 87' lang='lat' dir='ltr'><strong>et</strong></span> <span class='ocrx_word' id='word_1_121' title='bbox 815 1859 1198 1925; x_wconf 86' lang='lat' dir='ltr'><strong>postremum</strong></span> <span class='ocrx_word' id='word_1_122' title='bbox 1230 1854 1314 1906; x_wconf 90' lang='lat' dir='ltr'><strong>ait</strong></span> <span class='ocrx_word' id='word_1_123' title='bbox 1337 1853 1563 1910; x_wconf 85' lang='lat' dir='ltr'><strong>habere</strong></span> <span class='ocrx_word' id='word_1_124' title='bbox 1597 1869 1631 1908; x_wconf 94' lang='lat' dir='ltr'><strong>a</strong></span> <span class='ocrx_word' id='word_1_125' title='bbox 1653 1852 1961 1922; x_wconf 83' lang='lat' dir='ltr'><strong>subject03</strong></span> <span class='ocrx_word' id='word_1_126' title='bbox 1998 1866 2131 1907; x_wconf 88' lang='lat' dir='ltr'><strong>me·-</strong></span> 
     </span>
     <span class='ocr_line' id='line_1_23' title="bbox 585 1952 2133 2019; baseline 0 -12"><span class='ocrx_word' id='word_1_127' title='bbox 585 1952 759 2009; x_wconf 89' lang='lat' dir='ltr'><strong>dium</strong></span> <span class='ocrx_word' id='word_1_128' title='bbox 791 1967 962 2019; x_wconf 86' lang='lat' dir='ltr'><strong>vere,</strong></span> <span class='ocrx_word' id='word_1_129' title='bbox 997 1967 1105 2010; x_wconf 86' lang='lat' dir='ltr'><strong>seu</strong></span> <span class='ocrx_word' id='word_1_130' title='bbox 1138 1971 1242 2007; x_wconf 76' lang='lat' dir='ltr'><strong>esse</strong></span> <span class='ocrx_word' id='word_1_131' title='bbox 1301 1956 1595 2008; x_wconf 62' lang='lat' dir='ltr'><strong>existentiae</strong></span> <span class='ocrx_word' id='word_1_132' title='bbox 1661 1952 1890 2009; x_wconf 85' lang='lat' dir='ltr'><strong>habere</strong></span> <span class='ocrx_word' id='word_1_133' title='bbox 1948 1966 1981 2005; x_wconf 89' lang='lat' dir='ltr'><strong>a</strong></span> <span class='ocrx_word' id='word_1_134' title='bbox 2021 1967 2133 2007; x_wconf 89' lang='lat' dir='ltr'><strong>suo</strong></span> 
     </span>
     <span class='ocr_line' id='line_1_24' title="bbox 590 2049 2135 2123; baseline 0 -16"><span class='ocrx_word' id='word_1_135' title='bbox 590 2055 727 2107; x_wconf 87' lang='lat' dir='ltr'><strong>actu</strong></span> <span class='ocrx_word' id='word_1_136' title='bbox 763 2052 1037 2120; x_wconf 78' lang='lat' dir='ltr'><strong>sormali,</strong></span> <span class='ocrx_word' id='word_1_137' title='bbox 1075 2067 1193 2108; x_wconf 89' lang='lat' dir='ltr'><strong>non</strong></span> <span class='ocrx_word' id='word_1_138' title='bbox 1225 2068 1257 2108; x_wconf 92' lang='lat' dir='ltr'><strong>a</strong></span> <span class='ocrx_word' id='word_1_139' title='bbox 1292 2052 1592 2123; x_wconf 83' lang='lat' dir='ltr'><strong>subjecte,</strong></span> <span class='ocrx_word' id='word_1_140' title='bbox 1632 2054 1718 2108; x_wconf 90' lang='lat' dir='ltr'><strong>uti</strong></span> <span class='ocrx_word' id='word_1_141' title='bbox 1751 2049 2135 2109; x_wconf 89' lang='lat' dir='ltr'><strong>contendunt</strong></span> 
     </span>
     <span class='ocr_line' id='line_1_25' title="bbox 588 2150 2131 2223; baseline -0.001 -16"><span class='ocrx_word' id='word_1_142' title='bbox 588 2153 916 2208; x_wconf 82' lang='lat' dir='ltr'><strong>Themistae</strong></span> <span class='ocrx_word' id='word_1_143' title='bbox 947 2150 1024 2208; x_wconf 86' lang='lat' dir='ltr'><strong>ad</strong></span> <span class='ocrx_word' id='word_1_144' title='bbox 1059 2154 1107 2207; x_wconf 94' lang='lat'><strong>1.</strong></span> <span class='ocrx_word' id='word_1_145' title='bbox 1142 2157 1299 2222; x_wconf 83' lang='lat' dir='ltr'><strong>part.</strong></span> <span class='ocrx_word' id='word_1_146' title='bbox 1342 2157 1559 2223; x_wconf 80' lang='lat' dir='ltr'><strong>quaest.</strong></span> <span class='ocrx_word' id='word_1_147' title='bbox 1621 2154 1710 2207; x_wconf 71' lang='grc'><strong>87).</strong></span> <span class='ocrx_word' id='word_1_148' title='bbox 1747 2155 1862 2208; x_wconf 87' lang='lat' dir='ltr'><strong>art.</strong></span> <span class='ocrx_word' id='word_1_149' title='bbox 1905 2152 1957 2206; x_wconf 85' lang='lat'><strong>5.</strong></span> <span class='ocrx_word' id='word_1_150' title='bbox 2022 2151 2131 2223; x_wconf 82' lang='lat' dir='ltr'><strong>qui</strong></span> 
     </span>
     <span class='ocr_line' id='line_1_26' title="bbox 588 2247 2132 2316; baseline -0.003 -10"><span class='ocrx_word' id='word_1_151' title='bbox 588 2250 985 2306; x_wconf 83' lang='lat' dir='ltr'><strong>existentiam</strong></span> <span class='ocrx_word' id='word_1_152' title='bbox 1018 2248 1095 2306; x_wconf 88' lang='lat' dir='ltr'><strong>ab</strong></span> <span class='ocrx_word' id='word_1_153' title='bbox 1119 2250 1395 2305; x_wconf 79' lang='lat' dir='ltr'><strong>essentia</strong></span> <span class='ocrx_word' id='word_1_154' title='bbox 1431 2250 1691 2305; x_wconf 87' lang='lat' dir='ltr'><strong>realiter</strong></span> <span class='ocrx_word' id='word_1_155' title='bbox 1712 2247 2132 2316; x_wconf 82' lang='lat' dir='ltr'><strong>distinguunt.</strong></span> 
     </span>
     <span class='ocr_line' id='line_1_27' title="bbox 589 2345 2135 2406; baseline -0.001 -3"><span class='ocrx_word' id='word_1_156' title='bbox 589 2349 801 2406; x_wconf 89' lang='lat' dir='ltr'><strong>Scotus</strong></span> <span class='ocrx_word' id='word_1_157' title='bbox 831 2352 1040 2404; x_wconf 88' lang='lat' dir='ltr'><strong>autem</strong></span> <span class='ocrx_word' id='word_1_158' title='bbox 1074 2348 1472 2405; x_wconf 81' lang='lat' dir='ltr'><strong>existentiam</strong></span> <span class='ocrx_word' id='word_1_159' title='bbox 1533 2361 1665 2402; x_wconf 87' lang='lat' dir='ltr'><strong>rem</strong></span> <span class='ocrx_word' id='word_1_160' title='bbox 1698 2346 1886 2402; x_wconf 90' lang='lat' dir='ltr'><strong>aliam</strong></span> <span class='ocrx_word' id='word_1_161' title='bbox 1918 2345 1994 2402; x_wconf 88' lang='lat' dir='ltr'><strong>ab</strong></span> <span class='ocrx_word' id='word_1_162' title='bbox 2034 2362 2135 2401; x_wconf 81' lang='lat' dir='ltr'><strong>es-</strong></span> 
     </span>
     <span class='ocr_line' id='line_1_28' title="bbox 589 2444 2137 2517; baseline 0 -16"><span class='ocrx_word' id='word_1_163' title='bbox 589 2448 789 2503; x_wconf 86' lang='lat' dir='ltr'><strong>sentia</strong></span> <span class='ocrx_word' id='word_1_164' title='bbox 819 2448 1048 2504; x_wconf 89' lang='lat' dir='ltr'><strong>actuali</strong></span> <span class='ocrx_word' id='word_1_165' title='bbox 1077 2461 1212 2503; x_wconf 83' lang='lat' dir='ltr'><strong>esse</strong></span> <span class='ocrx_word' id='word_1_166' title='bbox 1266 2444 1626 2517; x_wconf 82' lang='lat' dir='ltr'><strong>inficiatur3</strong></span> <span class='ocrx_word' id='word_1_167' title='bbox 1676 2450 1736 2502; x_wconf 79' lang='lat' dir='ltr'><strong>et</strong></span> <span class='ocrx_word' id='word_1_168' title='bbox 1794 2446 2137 2502; x_wconf 82' lang='lat' dir='ltr'><strong>conformi-</strong></span> 
     </span>
     <span class='ocr_line' id='line_1_29' title="bbox 587 2542 2132 2616; baseline 0.001 -16"><span class='ocrx_word' id='word_1_169' title='bbox 587 2550 683 2602; x_wconf 85' lang='lat' dir='ltr'><strong>ter</strong></span> <span class='ocrx_word' id='word_1_170' title='bbox 713 2544 788 2600; x_wconf 88' lang='lat' dir='ltr'><strong>ad</strong></span> <span class='ocrx_word' id='word_1_171' title='bbox 822 2561 915 2613; x_wconf 85' lang='lat' dir='ltr'><strong>ea,</strong></span> <span class='ocrx_word' id='word_1_172' title='bbox 948 2561 1087 2616; x_wconf 78' lang='lat' dir='ltr'><strong>quae</strong></span> <span class='ocrx_word' id='word_1_173' title='bbox 1120 2544 1222 2600; x_wconf 87' lang='lat' dir='ltr'><strong>hic</strong></span> <span class='ocrx_word' id='word_1_174' title='bbox 1270 2542 1466 2609; x_wconf 83' lang='lat' dir='ltr'><strong>docet,</strong></span> <span class='ocrx_word' id='word_1_175' title='bbox 1512 2546 1598 2600; x_wconf 88' lang='lat' dir='ltr'><strong>ait</strong></span> <span class='ocrx_word' id='word_1_176' title='bbox 1648 2546 1711 2600; x_wconf 90' lang='lat' dir='ltr'><strong>in</strong></span> <span class='ocrx_word' id='word_1_177' title='bbox 1754 2547 1806 2600; x_wconf 73' lang='grc' dir='ltr'><strong>ι’1.</strong></span> <span class='ocrx_word' id='word_1_178' title='bbox 1866 2544 2006 2602; x_wconf 85' lang='lat' dir='ltr'><strong>dist.</strong></span> <span class='ocrx_word' id='word_1_179' title='bbox 2047 2548 2132 2602; x_wconf 79' lang='lat'><strong>12.</strong></span> 
     </span>
     <span class='ocr_line' id='line_1_30' title="bbox 591 2641 2133 2713; baseline 0 -16"><span class='ocrx_word' id='word_1_180' title='bbox 591 2647 809 2713; x_wconf 80' lang='lat' dir='ltr'><strong>quaest.</strong></span> <span class='ocrx_word' id='word_1_181' title='bbox 845 2643 896 2697; x_wconf 89' lang='lat'><strong>1.</strong></span> <span class='ocrx_word' id='word_1_182' title='bbox 931 2657 1081 2697; x_wconf 88' lang='lat' dir='ltr'><strong>num</strong></span> <span class='ocrx_word' id='word_1_183' title='bbox 1113 2645 1167 2698; x_wconf 88' lang='lat'><strong>3.</strong></span> <span class='ocrx_word' id='word_1_184' title='bbox 1203 2649 1257 2708; x_wconf 67' lang='grc' dir='ltr'><strong>ἓ.</strong></span> <span class='ocrx_word' id='word_1_185' title='bbox 1293 2641 1504 2698; x_wconf 78' lang='lat' dir='ltr'><strong>Contra</strong></span> <span class='ocrx_word' id='word_1_186' title='bbox 1544 2644 1642 2697; x_wconf 81' lang='lat' dir='ltr'><strong>hoc</strong></span> <span class='ocrx_word' id='word_1_187' title='bbox 1674 2646 2133 2711; x_wconf 77' lang='lat' dir='ltr'><strong>unumquodque,</strong></span> 
     </span>
     <span class='ocr_line' id='line_1_31' title="bbox 596 2740 2139 2811; baseline 0.003 -17"><span class='ocrx_word' id='word_1_188' title='bbox 596 2740 706 2795; x_wconf 87' lang='lat' dir='ltr'><strong>illa</strong></span> <span class='ocrx_word' id='word_1_189' title='bbox 737 2756 875 2811; x_wconf 82' lang='lat' dir='ltr'><strong>quae</strong></span> <span class='ocrx_word' id='word_1_190' title='bbox 907 2744 1051 2797; x_wconf 84' lang='lat' dir='ltr'><strong>sunt</strong></span> <span class='ocrx_word' id='word_1_191' title='bbox 1073 2746 1247 2797; x_wconf 88' lang='lat' dir='ltr'><strong>extra</strong></span> <span class='ocrx_word' id='word_1_192' title='bbox 1278 2753 1527 2797; x_wconf 82' lang='lat' dir='ltr'><strong>causam</strong></span> <span class='ocrx_word' id='word_1_193' title='bbox 1550 2756 1748 2810; x_wconf 84' lang='lat' dir='ltr'><strong>suam,</strong></span> <span class='ocrx_word' id='word_1_194' title='bbox 1773 2747 1831 2798; x_wconf 91' lang='lat' dir='ltr'><strong>et</strong></span> <span class='ocrx_word' id='word_1_195' title='bbox 1855 2742 2139 2798; x_wconf 86' lang='lat' dir='ltr'><strong>intellec-</strong></span> 
     </span>
     <span class='ocr_line' id='line_1_32' title="bbox 595 2839 2142 2914; baseline 0.001 -18"><span class='ocrx_word' id='word_1_196' title='bbox 595 2843 753 2906; x_wconf 87' lang='lat' dir='ltr'><strong>tum,</strong></span> <span class='ocrx_word' id='word_1_197' title='bbox 787 2840 948 2896; x_wconf 88' lang='lat' dir='ltr'><strong>sicut</strong></span> <span class='ocrx_word' id='word_1_198' title='bbox 980 2839 1210 2897; x_wconf 86' lang='lat' dir='ltr'><strong>habent</strong></span> <span class='ocrx_word' id='word_1_199' title='bbox 1239 2842 1564 2898; x_wconf 82' lang='lat' dir='ltr'><strong>entitatem</strong></span> <span class='ocrx_word' id='word_1_200' title='bbox 1587 2845 1930 2914; x_wconf 77' lang='lat' dir='ltr'><strong>propriam,</strong></span> <span class='ocrx_word' id='word_1_201' title='bbox 1964 2843 2046 2897; x_wconf 85' lang='lat' dir='ltr'><strong>ita</strong></span> <span class='ocrx_word' id='word_1_202' title='bbox 2081 2846 2142 2898; x_wconf 91' lang='lat' dir='ltr'><strong>et</strong></span> 
     </span>
     <span class='ocr_line' id='line_1_33' title="bbox 600 2938 2141 3011; baseline 0.002 -21"><span class='ocrx_word' id='word_1_203' title='bbox 600 2938 926 3009; x_wconf 88' lang='lat' dir='ltr'><strong>proprium</strong></span> <span class='ocrx_word' id='word_1_204' title='bbox 959 2954 1085 3005; x_wconf 75' lang='lat' dir='ltr'><strong>esse,</strong></span> <span class='ocrx_word' id='word_1_205' title='bbox 1118 2943 1177 2995; x_wconf 93' lang='lat' dir='ltr'><strong>et</strong></span> <span class='ocrx_word' id='word_1_206' title='bbox 1227 2945 1682 3011; x_wconf 85' lang='lat' dir='ltr'><strong>consequenter</strong></span> <span class='ocrx_word' id='word_1_207' title='bbox 1740 2943 1789 2996; x_wconf 88' lang='lat' dir='ltr'><strong>si</strong></span> <span class='ocrx_word' id='word_1_208' title='bbox 1851 2939 2141 2996; x_wconf 90' lang='lat' dir='ltr'><strong>accidens</strong></span> 
     </span>
     <span class='ocr_line' id='line_1_34' title="bbox 604 3034 2143 3109; baseline 0.003 -22"><span class='ocrx_word' id='word_1_209' title='bbox 604 3034 786 3092; x_wconf 87' lang='lat' dir='ltr'><strong>habet</strong></span> <span class='ocrx_word' id='word_1_210' title='bbox 817 3037 1137 3109; x_wconf 86' lang='lat' dir='ltr'><strong>propriam</strong></span> <span class='ocrx_word' id='word_1_211' title='bbox 1169 3040 1488 3096; x_wconf 87' lang='lat' dir='ltr'><strong>entitatem</strong></span> <span class='ocrx_word' id='word_1_212' title='bbox 1522 3040 1916 3097; x_wconf 82' lang='lat' dir='ltr'><strong>essentialem</strong></span> <span class='ocrx_word' id='word_1_213' title='bbox 1968 3044 2143 3095; x_wconf 84' lang='lat' dir='ltr'><strong>extra</strong></span> 
     </span>
     <span class='ocr_line' id='line_1_35' title="bbox 605 3115 2144 3205; baseline 0 -14"><span class='ocrx_word' id='word_1_214' title='bbox 605 3134 954 3205; x_wconf 85' lang='lat' dir='ltr'><strong>subjectum</strong></span> <span class='ocrx_word' id='word_1_215' title='bbox 987 3139 1048 3191; x_wconf 94' lang='lat' dir='ltr'><strong>et</strong></span> <span class='ocrx_word' id='word_1_216' title='bbox 1076 3136 1490 3205; x_wconf 89' lang='lat' dir='ltr'><strong>intellectum,</strong></span> <span class='ocrx_word' id='word_1_217' title='bbox 1550 3138 1631 3194; x_wconf 90' lang='lat' dir='ltr'><strong>ita</strong></span> <span class='ocrx_word' id='word_1_218' title='bbox 1685 3115 1874 3194; x_wconf 82' lang='lat' dir='ltr'><strong>etiam</strong></span> <span class='ocrx_word' id='word_1_219' title='bbox 1911 3138 2144 3194; x_wconf 87' lang='lat' dir='ltr'><strong>habere</strong></span> 
     </span>
    </p>
   </div>
   <div class='ocr_carea' id='block_1_13' title="bbox 607 3235 2148 3503">
    <p class='ocr_par' dir='ltr' id='par_1_13' title="bbox 607 3235 2148 3503">
     <span class='ocr_line' id='line_1_36' title="bbox 607 3235 2148 3307; baseline 0.003 -19"><span class='ocrx_word' id='word_1_220' title='bbox 607 3235 929 3306; x_wconf 88' lang='lat' dir='ltr'><strong>proprium</strong></span> <span class='ocrx_word' id='word_1_221' title='bbox 964 3250 1091 3303; x_wconf 79' lang='lat' dir='ltr'><strong>esse,</strong></span> <span class='ocrx_word' id='word_1_222' title='bbox 1125 3241 1307 3307; x_wconf 87' lang='lat' dir='ltr'><strong>atque</strong></span> <span class='ocrx_word' id='word_1_223' title='bbox 1341 3237 1424 3292; x_wconf 92' lang='lat' dir='ltr'><strong>ita</strong></span> <span class='ocrx_word' id='word_1_224' title='bbox 1457 3251 1576 3292; x_wconf 89' lang='lat' dir='ltr'><strong>non</strong></span> <span class='ocrx_word' id='word_1_225' title='bbox 1610 3253 1743 3293; x_wconf 90' lang='lat' dir='ltr'><strong>esse</strong></span> <span class='ocrx_word' id='word_1_226' title='bbox 1795 3239 2148 3294; x_wconf 79' lang='lat' dir='ltr'><strong>formaliter</strong></span> 
     </span>
     <span class='ocr_line' id='line_1_37' title="bbox 607 3334 2146 3404; baseline 0.004 -18"><span class='ocrx_word' id='word_1_227' title='bbox 607 3346 719 3402; x_wconf 89' lang='lat' dir='ltr'><strong>per</strong></span> <span class='ocrx_word' id='word_1_228' title='bbox 748 3345 881 3387; x_wconf 86' lang='lat' dir='ltr'><strong>esse</strong></span> <span class='ocrx_word' id='word_1_229' title='bbox 937 3334 1221 3404; x_wconf 86' lang='lat' dir='ltr'><strong>subjecti.</strong></span> <span class='ocrx_word' id='word_1_230' title='bbox 1285 3334 1438 3391; x_wconf 90' lang='lat' dir='ltr'><strong>Vide</strong></span> <span class='ocrx_word' id='word_1_231' title='bbox 1489 3336 1859 3391; x_wconf 88' lang='lat' dir='ltr'><strong>Meurisium</strong></span> <span class='ocrx_word' id='word_1_232' title='bbox 1921 3335 2029 3392; x_wconf 89' lang='lat' dir='ltr'><strong>lib.</strong></span> <span class='ocrx_word' id='word_1_233' title='bbox 2096 3338 2146 3393; x_wconf 90' lang='lat'><strong>1.</strong></span> 
     </span>
     <span class='ocr_line' id='line_1_38' title="bbox 609 3432 1824 3503; baseline 0.002 -18"><span class='ocrx_word' id='word_1_234' title='bbox 609 3432 1052 3502; x_wconf 83' lang='lat' dir='ltr'><strong>Metaphysicae</strong></span> <span class='ocrx_word' id='word_1_235' title='bbox 1085 3437 1301 3503; x_wconf 79' lang='lat' dir='ltr'><strong>quaest.</strong></span> <span class='ocrx_word' id='word_1_236' title='bbox 1336 3434 1426 3489; x_wconf 70' lang='lat'><strong>20.</strong></span> <span class='ocrx_word' id='word_1_237' title='bbox 1461 3433 1735 3488; x_wconf 88' lang='lat' dir='ltr'><strong>conclus.</strong></span> <span class='ocrx_word' id='word_1_238' title='bbox 1770 3434 1824 3488; x_wconf 88' lang='grc'><strong>3.</strong></span> 
     </span>
    </p>
   </div>
   <div class='ocr_carea' id='block_1_14' title="bbox 600 3605 2161 5681">
    <p class='ocr_par' dir='ltr' id='par_1_14' title="bbox 600 3605 2161 5681">
     <span class='ocr_line' id='line_1_39' title="bbox 702 3605 2153 3701; baseline 0.005 -26"><span class='ocrx_word' id='word_1_239' title='bbox 702 3605 881 3679; x_wconf 79' lang='lat' dir='ltr'><strong>Ideo</strong></span> <span class='ocrx_word' id='word_1_240' title='bbox 923 3611 1047 3679; x_wconf 91' lang='lat' dir='ltr'><strong>est</strong></span> <span class='ocrx_word' id='word_1_241' title='bbox 1096 3606 1227 3679; x_wconf 87' lang='lat' dir='ltr'><strong>hic</strong></span> <span class='ocrx_word' id='word_1_242' title='bbox 1285 3608 1883 3689; x_wconf 76' lang='lat' dir='ltr'><strong>advertendum,</strong></span> <span class='ocrx_word' id='word_1_243' title='bbox 1949 3611 2153 3701; x_wconf 78' lang='lat' dir='ltr'><strong>qued</strong></span> 
     </span>
     <span class='ocr_line' id='line_1_40' title="bbox 609 3722 2154 3815; baseline 0.004 -23"><span class='ocrx_word' id='word_1_244' title='bbox 609 3722 973 3793; x_wconf 81' lang='lat' dir='ltr'><strong>accidens</strong></span> <span class='ocrx_word' id='word_1_245' title='bbox 1013 3723 1436 3815; x_wconf 83' lang='lat' dir='ltr'><strong>multiplex</strong></span> <span class='ocrx_word' id='word_1_246' title='bbox 1481 3722 1715 3794; x_wconf 86' lang='lat' dir='ltr'><strong>habet</strong></span> <span class='ocrx_word' id='word_1_247' title='bbox 1748 3750 1902 3805; x_wconf 74' lang='lat' dir='ltr'><strong>esse,</strong></span> <span class='ocrx_word' id='word_1_248' title='bbox 1941 3726 2154 3797; x_wconf 70' lang='lat' dir='ltr'><strong>vide-</strong></span> 
     </span>
     <span class='ocr_line' id='line_1_41' title="bbox 612 3838 2153 3931; baseline 0.005 -23"><span class='ocrx_word' id='word_1_249' title='bbox 612 3838 823 3918; x_wconf 90' lang='lat' dir='ltr'><strong>licet,</strong></span> <span class='ocrx_word' id='word_1_250' title='bbox 872 3860 1048 3909; x_wconf 85' lang='lat' dir='ltr'><strong>esse</strong></span> <span class='ocrx_word' id='word_1_251' title='bbox 1089 3844 1482 3931; x_wconf 63' lang='lat' dir='ltr'><strong>eoeiseenqioe,</strong></span> <span class='ocrx_word' id='word_1_252' title='bbox 1525 3860 1666 3931; x_wconf 84' lang='lat' dir='ltr'><strong>per</strong></span> <span class='ocrx_word' id='word_1_253' title='bbox 1701 3862 1966 3931; x_wconf 85' lang='lat' dir='ltr'><strong>quam,</strong></span> <span class='ocrx_word' id='word_1_254' title='bbox 2009 3844 2153 3915; x_wconf 87' lang='lat' dir='ltr'><strong>sci-</strong></span> 
     </span>
     <span class='ocr_line' id='line_1_42' title="bbox 609 3955 2154 4048; baseline 0.003 -23"><span class='ocrx_word' id='word_1_255' title='bbox 609 3955 798 4027; x_wconf 92' lang='lat' dir='ltr'><strong>licet</strong></span> <span class='ocrx_word' id='word_1_256' title='bbox 840 3960 1023 4029; x_wconf 88' lang='lat' dir='ltr'><strong>actu</strong></span> <span class='ocrx_word' id='word_1_257' title='bbox 1066 3955 1347 4027; x_wconf 79' lang='lat' dir='ltr'><strong>existit</strong></span> <span class='ocrx_word' id='word_1_258' title='bbox 1398 3957 1474 4027; x_wconf 91' lang='lat' dir='ltr'><strong>in</strong></span> <span class='ocrx_word' id='word_1_259' title='bbox 1517 3976 1627 4036; x_wconf 85' lang='lat' dir='ltr'><strong>re,</strong></span> <span class='ocrx_word' id='word_1_260' title='bbox 1679 3956 2154 4048; x_wconf 80' lang='lat' dir='ltr'><strong>inquantum</strong></span> 
     </span>
     <span class='ocr_line' id='line_1_43' title="bbox 610 4071 2157 4157; baseline 0.004 -17"><span class='ocrx_word' id='word_1_261' title='bbox 610 4076 732 4144; x_wconf 86' lang='lat' dir='ltr'><strong>est</strong></span> <span class='ocrx_word' id='word_1_262' title='bbox 771 4071 1167 4143; x_wconf 84' lang='lat' dir='ltr'><strong>terminus</strong></span> <span class='ocrx_word' id='word_1_263' title='bbox 1202 4074 1672 4157; x_wconf 72' lang='lat' dir='ltr'><strong>creationis,</strong></span> <span class='ocrx_word' id='word_1_264' title='bbox 1735 4076 1856 4145; x_wconf 82' lang='lat' dir='ltr'><strong>vel</strong></span> <span class='ocrx_word' id='word_1_265' title='bbox 1907 4077 2157 4148; x_wconf 80' lang='lat' dir='ltr'><strong>alicu-</strong></span> 
     </span>
     <span class='ocr_line' id='line_1_44' title="bbox 600 4188 2155 4279; baseline 0.004 -22"><span class='ocrx_word' id='word_1_266' title='bbox 600 4189 736 4279; x_wconf 68' lang='grc' dir='ltr'><strong>ι1115</strong></span> <span class='ocrx_word' id='word_1_267' title='bbox 808 4188 1181 4269; x_wconf 85' lang='lat' dir='ltr'><strong>actionis,</strong></span> <span class='ocrx_word' id='word_1_268' title='bbox 1271 4193 1347 4261; x_wconf 89' lang='lat' dir='ltr'><strong>et</strong></span> <span class='ocrx_word' id='word_1_269' title='bbox 1425 4192 1588 4263; x_wconf 83' lang='lat' dir='ltr'><strong>tale</strong></span> <span class='ocrx_word' id='word_1_270' title='bbox 1648 4218 1779 4259; x_wconf 76' lang='lat' dir='ltr'><strong>esse</strong></span> <span class='ocrx_word' id='word_1_271' title='bbox 1846 4193 2155 4263; x_wconf 87' lang='lat' dir='ltr'><strong>nullum</strong></span> 
     </span>
     <span class='ocr_line' id='line_1_45' title="bbox 611 4309 2157 4402; baseline 0.005 -24"><span class='ocrx_word' id='word_1_272' title='bbox 611 4309 982 4380; x_wconf 86' lang='lat' dir='ltr'><strong>accidens</strong></span> <span class='ocrx_word' id='word_1_273' title='bbox 1052 4309 1290 4381; x_wconf 85' lang='lat' dir='ltr'><strong>habet</strong></span> <span class='ocrx_word' id='word_1_274' title='bbox 1352 4331 1395 4381; x_wconf 89' lang='lat' dir='ltr'><strong>a</strong></span> <span class='ocrx_word' id='word_1_275' title='bbox 1464 4313 1852 4402; x_wconf 84' lang='lat' dir='ltr'><strong>subjecto.</strong></span> <span class='ocrx_word' id='word_1_276' title='bbox 1937 4314 2157 4395; x_wconf 75' lang='lat' dir='ltr'><strong>Quod</strong></span> 
     </span>
     <span class='ocr_line' id='line_1_46' title="bbox 613 4426 2157 4518; baseline 0.003 -21"><span class='ocrx_word' id='word_1_277' title='bbox 613 4430 834 4518; x_wconf 85' lang='lat' dir='ltr'><strong>patet</strong></span> <span class='ocrx_word' id='word_1_278' title='bbox 871 4426 1163 4518; x_wconf 86' lang='lat' dir='ltr'><strong>prime,</strong></span> <span class='ocrx_word' id='word_1_279' title='bbox 1205 4427 1391 4517; x_wconf 83' lang='lat' dir='ltr'><strong>quia</strong></span> <span class='ocrx_word' id='word_1_280' title='bbox 1426 4429 1490 4500; x_wconf 88' lang='lat' dir='ltr'><strong>si</strong></span> <span class='ocrx_word' id='word_1_281' title='bbox 1526 4430 1893 4502; x_wconf 84' lang='lat' dir='ltr'><strong>accidens</strong></span> <span class='ocrx_word' id='word_1_282' title='bbox 1929 4430 2157 4502; x_wconf 83' lang='lat' dir='ltr'><strong>habe·</strong></span> 
     </span>
     <span class='ocr_line' id='line_1_47' title="bbox 614 4542 2157 4640; baseline 0.005 -26"><span class='ocrx_word' id='word_1_283' title='bbox 614 4545 734 4614; x_wconf 88' lang='lat' dir='ltr'><strong>ret</strong></span> <span class='ocrx_word' id='word_1_284' title='bbox 768 4567 901 4611; x_wconf 81' lang='lat' dir='ltr'><strong>esse</strong></span> <span class='ocrx_word' id='word_1_285' title='bbox 939 4542 1399 4618; x_wconf 74' lang='lat' dir='ltr'><strong>existentiae</strong></span> <span class='ocrx_word' id='word_1_286' title='bbox 1448 4567 1486 4615; x_wconf 89' lang='lat' dir='ltr'><strong>a</strong></span> <span class='ocrx_word' id='word_1_287' title='bbox 1535 4548 1927 4640; x_wconf 83' lang='lat' dir='ltr'><strong>subjecte,</strong></span> <span class='ocrx_word' id='word_1_288' title='bbox 1967 4552 2157 4622; x_wconf 89' lang='lat' dir='ltr'><strong>tunc</strong></span> 
     </span>
     <span class='ocr_line' id='line_1_48' title="bbox 615 4661 2157 4738; baseline 0.004 -6"><span class='ocrx_word' id='word_1_289' title='bbox 615 4661 976 4733; x_wconf 89' lang='lat' dir='ltr'><strong>omnium</strong></span> <span class='ocrx_word' id='word_1_290' title='bbox 1032 4664 1570 4737; x_wconf 80' lang='lat' dir='ltr'><strong>accidentium</strong></span> <span class='ocrx_word' id='word_1_291' title='bbox 1629 4664 2157 4738; x_wconf 82' lang='lat' dir='ltr'><strong>existentium</strong></span> 
     </span>
     <span class='ocr_line' id='line_1_49' title="bbox 612 4776 2160 4866; baseline -0.001 -19"><span class='ocrx_word' id='word_1_292' title='bbox 612 4776 692 4847; x_wconf 90' lang='lat' dir='ltr'><strong>in</strong></span> <span class='ocrx_word' id='word_1_293' title='bbox 737 4776 1099 4866; x_wconf 87' lang='lat' dir='ltr'><strong>subjecte</strong></span> <span class='ocrx_word' id='word_1_294' title='bbox 1160 4779 1435 4850; x_wconf 78' lang='lat' dir='ltr'><strong>eedem</strong></span> <span class='ocrx_word' id='word_1_295' title='bbox 1496 4784 1709 4850; x_wconf 84' lang='lat' dir='ltr'><strong>esset</strong></span> <span class='ocrx_word' id='word_1_296' title='bbox 1773 4779 1974 4850; x_wconf 77' lang='lat' dir='ltr'><strong>idem</strong></span> <span class='ocrx_word' id='word_1_297' title='bbox 2028 4806 2160 4847; x_wconf 71' lang='lat' dir='ltr'><strong>esse</strong></span> 
     </span>
     <span class='ocr_line' id='line_1_50' title="bbox 612 4893 2156 4988; baseline 0.002 -24"><span class='ocrx_word' id='word_1_298' title='bbox 612 4893 1097 4966; x_wconf 77' lang='lat' dir='ltr'><strong>existentiae.</strong></span> <span class='ocrx_word' id='word_1_299' title='bbox 1147 4900 1345 4968; x_wconf 84' lang='lat' dir='ltr'><strong>Cum</strong></span> <span class='ocrx_word' id='word_1_300' title='bbox 1395 4896 1652 4985; x_wconf 66' lang='lat' dir='ltr'><strong>igitur</strong></span> <span class='ocrx_word' id='word_1_301' title='bbox 1705 4917 1844 4988; x_wconf 89' lang='lat' dir='ltr'><strong>per</strong></span> <span class='ocrx_word' id='word_1_302' title='bbox 1886 4903 2156 4971; x_wconf 88' lang='lat' dir='ltr'><strong>actum</strong></span> 
     </span>
     <span class='ocr_line' id='line_1_51' title="bbox 616 5008 2160 5102; baseline 0.001 -24"><span class='ocrx_word' id='word_1_303' title='bbox 616 5028 780 5078; x_wconf 82' lang='lat' dir='ltr'><strong>suae</strong></span> <span class='ocrx_word' id='word_1_304' title='bbox 830 5008 1314 5091; x_wconf 69' lang='lat' dir='ltr'><strong>existentiae,</strong></span> <span class='ocrx_word' id='word_1_305' title='bbox 1364 5031 1520 5101; x_wconf 86' lang='lat' dir='ltr'><strong>qua</strong></span> <span class='ocrx_word' id='word_1_306' title='bbox 1571 5014 1690 5081; x_wconf 88' lang='lat' dir='ltr'><strong>est</strong></span> <span class='ocrx_word' id='word_1_307' title='bbox 1736 5011 2033 5102; x_wconf 84' lang='lat' dir='ltr'><strong>aliquid</strong></span> <span class='ocrx_word' id='word_1_308' title='bbox 2083 5012 2160 5082; x_wconf 89' lang='lat' dir='ltr'><strong>in</strong></span> 
     </span>
     <span class='ocr_line' id='line_1_52' title="bbox 618 5126 2155 5206; baseline 0.002 -14"><span class='ocrx_word' id='word_1_309' title='bbox 618 5144 893 5195; x_wconf 81' lang='lat' dir='ltr'><strong>rerum</strong></span> <span class='ocrx_word' id='word_1_310' title='bbox 939 5129 1259 5206; x_wconf 83' lang='lat' dir='ltr'><strong>natura,</strong></span> <span class='ocrx_word' id='word_1_311' title='bbox 1326 5126 1690 5197; x_wconf 83' lang='lat' dir='ltr'><strong>accidens</strong></span> <span class='ocrx_word' id='word_1_312' title='bbox 1762 5127 1868 5198; x_wconf 86' lang='lat' dir='ltr'><strong>sit</strong></span> <span class='ocrx_word' id='word_1_313' title='bbox 1938 5126 2155 5206; x_wconf 81' lang='lat' dir='ltr'><strong>talis,</strong></span> 
     </span>
     <span class='ocr_line' id='line_1_53' title="bbox 615 5238 2158 5332; baseline 0.005 -27"><span class='ocrx_word' id='word_1_314' title='bbox 615 5238 739 5309; x_wconf 83' lang='lat' dir='ltr'><strong>vel</strong></span> <span class='ocrx_word' id='word_1_315' title='bbox 777 5238 962 5311; x_wconf 83' lang='lat' dir='ltr'><strong>talis</strong></span> <span class='ocrx_word' id='word_1_316' title='bbox 996 5245 1339 5319; x_wconf 76' lang='lat' dir='ltr'><strong>naturae,</strong></span> <span class='ocrx_word' id='word_1_317' title='bbox 1377 5243 1658 5332; x_wconf 79' lang='lat' dir='ltr'><strong>utpote</strong></span> <span class='ocrx_word' id='word_1_318' title='bbox 1693 5241 1995 5321; x_wconf 80' lang='lat' dir='ltr'><strong>albedo,</strong></span> <span class='ocrx_word' id='word_1_319' title='bbox 2034 5242 2158 5313; x_wconf 72' lang='lat' dir='ltr'><strong>vel</strong></span> 
     </span>
     <span class='ocr_line' id='line_1_54' title="bbox 612 5354 2161 5448; baseline 0.004 -23"><span class='ocrx_word' id='word_1_320' title='bbox 612 5354 975 5435; x_wconf 75' lang='lat' dir='ltr'><strong>dulcedo,</strong></span> <span class='ocrx_word' id='word_1_321' title='bbox 1041 5359 1117 5426; x_wconf 92' lang='lat' dir='ltr'><strong>et</strong></span> <span class='ocrx_word' id='word_1_322' title='bbox 1182 5377 1324 5448; x_wconf 87' lang='lat' dir='ltr'><strong>per</strong></span> <span class='ocrx_word' id='word_1_323' title='bbox 1393 5356 1616 5428; x_wconf 82' lang='lat' dir='ltr'><strong>illum</strong></span> <span class='ocrx_word' id='word_1_324' title='bbox 1698 5358 2161 5432; x_wconf 84' lang='lat' dir='ltr'><strong>‹leneminet</strong></span> 
     </span>
     <span class='ocr_line' id='line_1_55' title="bbox 616 5471 2159 5564; baseline 0.003 -22"><span class='ocrx_word' id='word_1_325' title='bbox 616 5471 1093 5563; x_wconf 83' lang='lat' dir='ltr'><strong>subjectum,</strong></span> <span class='ocrx_word' id='word_1_326' title='bbox 1142 5473 1510 5564; x_wconf 81' lang='lat' dir='ltr'><strong>sequitur</strong></span> <span class='ocrx_word' id='word_1_327' title='bbox 1553 5474 1754 5564; x_wconf 81' lang='lat' dir='ltr'><strong>quod</strong></span> <span class='ocrx_word' id='word_1_328' title='bbox 1804 5475 2004 5546; x_wconf 76' lang='grc'>1110111</span> <span class='ocrx_word' id='word_1_329' title='bbox 2039 5479 2159 5546; x_wconf 84' lang='lat' dir='ltr'><strong>est</strong></span> 
     </span>
     <span class='ocr_line' id='line_1_56' title="bbox 617 5590 2157 5681; baseline 0.002 -20"><span class='ocrx_word' id='word_1_330' title='bbox 617 5592 870 5667; x_wconf 83' lang='lat' dir='ltr'><strong>actus,</strong></span> <span class='ocrx_word' id='word_1_331' title='bbox 915 5610 1148 5681; x_wconf 86' lang='lat' dir='ltr'><strong>quem</strong></span> <span class='ocrx_word' id='word_1_332' title='bbox 1192 5590 1322 5661; x_wconf 76' lang='lat' dir='ltr'><strong>(lat</strong></span> <span class='ocrx_word' id='word_1_333' title='bbox 1367 5591 1725 5679; x_wconf 82' lang='lat' dir='ltr'><strong>subjecte</strong></span> <span class='ocrx_word' id='word_1_334' title='bbox 1771 5590 2046 5661; x_wconf 78' lang='lat' dir='ltr'><strong>albede</strong></span> <span class='ocrx_word' id='word_1_335' title='bbox 2080 5595 2157 5664; x_wconf 92' lang='lat' dir='ltr'><strong>et</strong></span> 
     </span>
    </p>
   </div>
   <div class='ocr_carea' id='block_1_15' title="bbox 2238 1739 3799 1948">
    <p class='ocr_par' dir='ltr' id='par_1_15' title="bbox 2238 1739 3799 1948">
     <span class='ocr_line' id='line_1_57' title="bbox 2242 1739 3794 1812; baseline -0.005 -1"><span class='ocrx_word' id='word_1_336' title='bbox 2242 1740 2805 1812; x_wconf 84' lang='lat' dir='ltr'><strong>substantialis</strong></span> <span class='ocrx_word' id='word_1_337' title='bbox 2841 1739 3392 1812; x_wconf 83' lang='lat' dir='ltr'><strong>communicat</strong></span> <span class='ocrx_word' id='word_1_338' title='bbox 3428 1760 3663 1811; x_wconf 90' lang='lat' dir='ltr'><strong>suum</strong></span> <span class='ocrx_word' id='word_1_339' title='bbox 3696 1763 3794 1806; x_wconf 80' lang='lat' dir='ltr'><strong>es-</strong></span> 
     </span>
     <span class='ocr_line' id='line_1_58' title="bbox 2238 1854 3799 1948; baseline 0.002 -26"><span class='ocrx_word' id='word_1_340' title='bbox 2238 1882 2306 1924; x_wconf 78' lang='lat' dir='ltr'><strong>se</strong></span> <span class='ocrx_word' id='word_1_341' title='bbox 2348 1857 2738 1938; x_wconf 76' lang='lat' dir='ltr'><strong>materiae,</strong></span> <span class='ocrx_word' id='word_1_342' title='bbox 2785 1860 2864 1929; x_wconf 88' lang='lat' dir='ltr'><strong>et</strong></span> <span class='ocrx_word' id='word_1_343' title='bbox 2906 1855 3063 1928; x_wconf 90' lang='lat' dir='ltr'><strong>toti</strong></span> <span class='ocrx_word' id='word_1_344' title='bbox 3097 1854 3580 1948; x_wconf 89' lang='lat' dir='ltr'><strong>composito,</strong></span> <span class='ocrx_word' id='word_1_345' title='bbox 3646 1875 3799 1926; x_wconf 91' lang='lat' dir='ltr'><strong>nec</strong></span> 
     </span>
    </p>
   </div>
   <div class='ocr_carea' id='block_1_16' title="bbox 2246 1970 3803 2183">
    <p class='ocr_par' dir='ltr' id='par_1_16' title="bbox 2246 1970 3803 2183">
     <span class='ocr_line' id='line_1_59' title="bbox 2246 1970 3793 2064; baseline -0.001 -21"><span class='ocrx_word' id='word_1_346' title='bbox 2246 1973 2482 2047; x_wconf 85' lang='lat' dir='ltr'><strong>habet</strong></span> <span class='ocrx_word' id='word_1_347' title='bbox 2515 1974 2728 2046; x_wconf 83' lang='lat' dir='ltr'><strong>aliud</strong></span> <span class='ocrx_word' id='word_1_348' title='bbox 2762 1997 2917 2054; x_wconf 78' lang='lat' dir='ltr'><strong>esse,</strong></span> <span class='ocrx_word' id='word_1_349' title='bbox 2971 1972 3068 2044; x_wconf 85' lang='lat' dir='ltr'><strong>ab</strong></span> <span class='ocrx_word' id='word_1_350' title='bbox 3118 1997 3253 2041; x_wconf 77' lang='lat' dir='ltr'><strong>esse</strong></span> <span class='ocrx_word' id='word_1_351' title='bbox 3291 1970 3728 2064; x_wconf 81' lang='lat' dir='ltr'><strong>compositi</strong></span> <span class='ocrx_word' id='word_1_352' title='bbox 3775 1999 3793 2041; x_wconf 74' lang='grc' dir='ltr'>ε</span> 
     </span>
     <span class='ocr_line' id='line_1_60' title="bbox 2247 2087 3803 2183; baseline -0.001 -21"><span class='ocrx_word' id='word_1_353' title='bbox 2247 2091 2361 2162; x_wconf 86' lang='grc'><strong>510</strong></span> <span class='ocrx_word' id='word_1_354' title='bbox 2412 2091 2478 2162; x_wconf 86' lang='grc'><strong>51</strong></span> <span class='ocrx_word' id='word_1_355' title='bbox 2532 2090 3080 2183; x_wconf 89' lang='lat' dir='ltr'><strong>compositum</strong></span> <span class='ocrx_word' id='word_1_356' title='bbox 3131 2113 3266 2158; x_wconf 82' lang='lat' dir='ltr'><strong>esse</strong></span> <span class='ocrx_word' id='word_1_357' title='bbox 3305 2109 3540 2160; x_wconf 89' lang='lat' dir='ltr'><strong>suum</strong></span> <span class='ocrx_word' id='word_1_358' title='bbox 3586 2087 3803 2161; x_wconf 76' lang='lat' dir='ltr'><strong>exis-</strong></span> 
     </span>
    </p>
   </div>
   <div class='ocr_carea' id='block_1_17' title="bbox 2244 2205 3805 2287">
    <p class='ocr_par' dir='ltr' id='par_1_17' title="bbox 2244 2205 3805 2287">
     <span class='ocr_line' id='line_1_61' title="bbox 2244 2205 3805 2287; baseline 0.001 -9"><span class='ocrx_word' id='word_1_359' title='bbox 2244 2208 2520 2279; x_wconf 80' lang='lat' dir='ltr'><strong>tentiae</strong></span> <span class='ocrx_word' id='word_1_360' title='bbox 2563 2206 3207 2280; x_wconf 85' lang='lat' dir='ltr'><strong>communicaret</strong></span> <span class='ocrx_word' id='word_1_361' title='bbox 3242 2205 3658 2287; x_wconf 89' lang='lat' dir='ltr'><strong>accidenti,</strong></span> <span class='ocrx_word' id='word_1_362' title='bbox 3708 2211 3805 2279; x_wconf 87' lang='lat' dir='ltr'><strong>ut</strong></span> 
     </span>
    </p>
   </div>
   <div class='ocr_carea' id='block_1_18' title="bbox 2247 2322 3854 5682">
    <p class='ocr_par' dir='ltr' id='par_1_18' title="bbox 2247 2322 3808 2532">
     <span class='ocr_line' id='line_1_62' title="bbox 2247 2322 3808 2403; baseline -0.002 -8"><span class='ocrx_word' id='word_1_363' title='bbox 2247 2325 2460 2397; x_wconf 85' lang='lat' dir='ltr'><strong>aliud</strong></span> <span class='ocrx_word' id='word_1_364' title='bbox 2501 2345 2679 2396; x_wconf 89' lang='lat' dir='ltr'><strong>esse</strong></span> <span class='ocrx_word' id='word_1_365' title='bbox 2721 2345 2880 2394; x_wconf 91' lang='lat' dir='ltr'><strong>non</strong></span> <span class='ocrx_word' id='word_1_366' title='bbox 2922 2322 3280 2403; x_wconf 82' lang='lat' dir='ltr'><strong>liaberet,</strong></span> <span class='ocrx_word' id='word_1_367' title='bbox 3320 2327 3535 2396; x_wconf 88' lang='lat' dir='ltr'><strong>esset</strong></span> <span class='ocrx_word' id='word_1_368' title='bbox 3569 2327 3808 2394; x_wconf 83' lang='lat' dir='ltr'><strong>natu-</strong></span> 
     </span>
     <span class='ocr_line' id='line_1_63' title="bbox 2250 2461 2957 2532; baseline -0.004 -20"><span class='ocrx_word' id='word_1_369' title='bbox 2250 2462 2341 2512; x_wconf 87' lang='lat' dir='ltr'><strong>ra</strong></span> <span class='ocrx_word' id='word_1_370' title='bbox 2377 2461 2623 2512; x_wconf 88' lang='lat' dir='ltr'><strong>unum</strong></span> <span class='ocrx_word' id='word_1_371' title='bbox 2670 2461 2814 2532; x_wconf 82' lang='lat' dir='ltr'><strong>per</strong></span> <span class='ocrx_word' id='word_1_372' title='bbox 2850 2463 2957 2511; x_wconf 89' lang='lat' dir='ltr'><strong>se.</strong></span> 
     </span>
    </p>

    <p class='ocr_par' dir='ltr' id='par_1_19' title="bbox 2254 2555 3851 4514">
     <span class='ocr_line' id='line_1_64' title="bbox 2338 2555 3816 2647; baseline 0.001 -19"><span class='ocrx_word' id='word_1_373' title='bbox 2338 2557 2613 2630; x_wconf 86' lang='lat' dir='ltr'><strong>Tertio</strong></span> <span class='ocrx_word' id='word_1_374' title='bbox 2675 2556 2825 2628; x_wconf 92' lang='lat' dir='ltr'><strong>hoc</strong></span> <span class='ocrx_word' id='word_1_375' title='bbox 2894 2558 3140 2647; x_wconf 86' lang='lat' dir='ltr'><strong>patet,</strong></span> <span class='ocrx_word' id='word_1_376' title='bbox 3215 2556 3401 2647; x_wconf 86' lang='lat' dir='ltr'><strong>quia</strong></span> <span class='ocrx_word' id='word_1_377' title='bbox 3468 2555 3816 2630; x_wconf 83' lang='lat' dir='ltr'><strong>cuilibet</strong></span> 
     </span>
     <span class='ocr_line' id='line_1_65' title="bbox 2255 2672 3817 2766; baseline 0 -22"><span class='ocrx_word' id='word_1_378' title='bbox 2255 2675 2371 2746; x_wconf 88' lang='lat' dir='ltr'><strong>rei</strong></span> <span class='ocrx_word' id='word_1_379' title='bbox 2431 2674 2892 2766; x_wconf 87' lang='lat' dir='ltr'><strong>acquiritur</strong></span> <span class='ocrx_word' id='word_1_380' title='bbox 2949 2696 3083 2742; x_wconf 75' lang='lat' dir='ltr'><strong>esse</strong></span> <span class='ocrx_word' id='word_1_381' title='bbox 3135 2672 3592 2747; x_wconf 77' lang='lat' dir='ltr'><strong>existentiae</strong></span> <span class='ocrx_word' id='word_1_382' title='bbox 3655 2694 3817 2766; x_wconf 80' lang='lat' dir='ltr'><strong>per</strong></span> 
     </span>
     <span class='ocr_line' id='line_1_66' title="bbox 2255 2788 3817 2880; baseline 0 -19"><span class='ocrx_word' id='word_1_383' title='bbox 2255 2791 2891 2880; x_wconf 75' lang='lat' dir='ltr'><strong>generationem,</strong></span> <span class='ocrx_word' id='word_1_384' title='bbox 2936 2789 3064 2860; x_wconf 75' lang='lat' dir='ltr'><strong>vel</strong></span> <span class='ocrx_word' id='word_1_385' title='bbox 3106 2788 3633 2872; x_wconf 85' lang='lat' dir='ltr'><strong>creationem,</strong></span> <span class='ocrx_word' id='word_1_386' title='bbox 3671 2790 3817 2862; x_wconf 84' lang='lat' dir='ltr'><strong>vel</strong></span> 
     </span>
     <span class='ocr_line' id='line_1_67' title="bbox 2258 2907 3818 3000; baseline 0 -22"><span class='ocrx_word' id='word_1_387' title='bbox 2258 2929 2399 3000; x_wconf 89' lang='lat' dir='ltr'><strong>per</strong></span> <span class='ocrx_word' id='word_1_388' title='bbox 2431 2907 2786 2997; x_wconf 79' lang='lat' dir='ltr'><strong>aliquam</strong></span> <span class='ocrx_word' id='word_1_389' title='bbox 2821 2907 3261 2986; x_wconf 89' lang='lat' dir='ltr'><strong>actionem;</strong></span> <span class='ocrx_word' id='word_1_390' title='bbox 3297 2926 3504 2979; x_wconf 90' lang='lat' dir='ltr'><strong>nunc</strong></span> <span class='ocrx_word' id='word_1_391' title='bbox 3528 2911 3818 2978; x_wconf 84' lang='lat' dir='ltr'><strong>autem</strong></span> 
     </span>
     <span class='ocr_line' id='line_1_68' title="bbox 2254 3022 3819 3113; baseline -0.002 -19"><span class='ocrx_word' id='word_1_392' title='bbox 2254 3022 2763 3094; x_wconf 81' lang='lat' dir='ltr'><strong>diversarum</strong></span> <span class='ocrx_word' id='word_1_393' title='bbox 2844 3022 3392 3101; x_wconf 84' lang='lat' dir='ltr'><strong>creationum,</strong></span> <span class='ocrx_word' id='word_1_394' title='bbox 3473 3041 3819 3113; x_wconf 82' lang='lat' dir='ltr'><strong>genera-</strong></span> 
     </span>
     <span class='ocr_line' id='line_1_69' title="bbox 2256 3136 3821 3219; baseline 0 -10"><span class='ocrx_word' id='word_1_395' title='bbox 2256 3136 2595 3218; x_wconf 87' lang='lat' dir='ltr'><strong>tionum,</strong></span> <span class='ocrx_word' id='word_1_396' title='bbox 2633 3137 2757 3209; x_wconf 83' lang='lat' dir='ltr'><strong>vel</strong></span> <span class='ocrx_word' id='word_1_397' title='bbox 2800 3137 3243 3219; x_wconf 82' lang='lat' dir='ltr'><strong>actionum,</strong></span> <span class='ocrx_word' id='word_1_398' title='bbox 3280 3136 3580 3210; x_wconf 89' lang='lat' dir='ltr'><strong>diversi</strong></span> <span class='ocrx_word' id='word_1_399' title='bbox 3615 3139 3821 3209; x_wconf 88' lang='lat' dir='ltr'><strong>sunt</strong></span> 
     </span>
     <span class='ocr_line' id='line_1_70' title="bbox 2263 3253 3833 3345; baseline -0.001 -18"><span class='ocrx_word' id='word_1_400' title='bbox 2263 3254 2592 3327; x_wconf 84' lang='lat' dir='ltr'><strong>termini</strong></span> <span class='ocrx_word' id='word_1_401' title='bbox 2638 3283 2650 3324; x_wconf 76' lang='grc' dir='ltr'>ι</span> <span class='ocrx_word' id='word_1_402' title='bbox 2700 3276 2898 3345; x_wconf 80' lang='lat' dir='ltr'><strong>erge</strong></span> <span class='ocrx_word' id='word_1_403' title='bbox 2944 3275 3125 3326; x_wconf 88' lang='lat' dir='ltr'><strong>eum</strong></span> <span class='ocrx_word' id='word_1_404' title='bbox 3180 3254 3343 3327; x_wconf 87' lang='lat' dir='ltr'><strong>alia</strong></span> <span class='ocrx_word' id='word_1_405' title='bbox 3405 3253 3509 3327; x_wconf 91' lang='lat' dir='ltr'><strong>sit</strong></span> <span class='ocrx_word' id='word_1_406' title='bbox 3573 3271 3833 3344; x_wconf 82' lang='lat' dir='ltr'><strong>gene-</strong></span> 
     </span>
     <span class='ocr_line' id='line_1_71' title="bbox 2266 3371 3835 3464; baseline 0.001 -21"><span class='ocrx_word' id='word_1_407' title='bbox 2266 3372 2480 3444; x_wconf 87' lang='lat' dir='ltr'><strong>ratio</strong></span> <span class='ocrx_word' id='word_1_408' title='bbox 2543 3372 2919 3464; x_wconf 88' lang='lat' dir='ltr'><strong>subjecti,</strong></span> <span class='ocrx_word' id='word_1_409' title='bbox 2982 3378 3062 3446; x_wconf 91' lang='lat' dir='ltr'><strong>et</strong></span> <span class='ocrx_word' id='word_1_410' title='bbox 3122 3372 3284 3445; x_wconf 84' lang='lat' dir='ltr'><strong>alia</strong></span> <span class='ocrx_word' id='word_1_411' title='bbox 3342 3371 3835 3454; x_wconf 85' lang='lat' dir='ltr'><strong>accidentis,</strong></span> 
     </span>
     <span class='ocr_line' id='line_1_72' title="bbox 2266 3488 3835 3581; baseline 0.001 -21"><span class='ocrx_word' id='word_1_412' title='bbox 2266 3489 2555 3563; x_wconf 87' lang='lat' dir='ltr'><strong>saltem</strong></span> <span class='ocrx_word' id='word_1_413' title='bbox 2603 3489 2847 3570; x_wconf 89' lang='lat' dir='ltr'><strong>illius,</strong></span> <span class='ocrx_word' id='word_1_414' title='bbox 2905 3490 3110 3581; x_wconf 87' lang='lat' dir='ltr'><strong>quod</strong></span> <span class='ocrx_word' id='word_1_415' title='bbox 3164 3488 3522 3581; x_wconf 89' lang='lat' dir='ltr'><strong>subjecto</strong></span> <span class='ocrx_word' id='word_1_416' title='bbox 3564 3488 3835 3562; x_wconf 85' lang='lat' dir='ltr'><strong>inhae-</strong></span> 
     </span>
     <span class='ocr_line' id='line_1_73' title="bbox 2270 3605 3839 3697; baseline 0 -20"><span class='ocrx_word' id='word_1_417' title='bbox 2270 3610 2392 3678; x_wconf 89' lang='lat' dir='ltr'><strong>ret</strong></span> <span class='ocrx_word' id='word_1_418' title='bbox 2441 3609 2619 3697; x_wconf 84' lang='lat' dir='ltr'><strong>pest</strong></span> <span class='ocrx_word' id='word_1_419' title='bbox 2675 3606 3316 3696; x_wconf 76' lang='lat' dir='ltr'><strong>generationem,</strong></span> <span class='ocrx_word' id='word_1_420' title='bbox 3362 3610 3444 3679; x_wconf 92' lang='lat' dir='ltr'><strong>et</strong></span> <span class='ocrx_word' id='word_1_421' title='bbox 3484 3605 3644 3677; x_wconf 85' lang='lat' dir='ltr'><strong>alia</strong></span> <span class='ocrx_word' id='word_1_422' title='bbox 3687 3625 3839 3697; x_wconf 81' lang='lat' dir='ltr'><strong>ge-</strong></span> 
     </span>
     <span class='ocr_line' id='line_1_74' title="bbox 2268 3724 3835 3807; baseline 0 -12"><span class='ocrx_word' id='word_1_423' title='bbox 2268 3725 2584 3796; x_wconf 86' lang='lat' dir='ltr'><strong>neratio</strong></span> <span class='ocrx_word' id='word_1_424' title='bbox 2662 3724 3175 3797; x_wconf 74' lang='lat' dir='ltr'><strong>diversorum</strong></span> <span class='ocrx_word' id='word_1_425' title='bbox 3253 3724 3835 3807; x_wconf 86' lang='lat' dir='ltr'><strong>accidentium,</strong></span> 
     </span>
     <span class='ocr_line' id='line_1_75' title="bbox 2270 3840 3838 3933; baseline 0.002 -21"><span class='ocrx_word' id='word_1_426' title='bbox 2270 3841 2349 3912; x_wconf 91' lang='lat' dir='ltr'><strong>in</strong></span> <span class='ocrx_word' id='word_1_427' title='bbox 2408 3841 2751 3913; x_wconf 76' lang='lat' dir='ltr'><strong>diversis</strong></span> <span class='ocrx_word' id='word_1_428' title='bbox 2813 3840 3318 3933; x_wconf 86' lang='lat' dir='ltr'><strong>temporibus</strong></span> <span class='ocrx_word' id='word_1_429' title='bbox 3388 3846 3838 3931; x_wconf 83' lang='lat' dir='ltr'><strong>generato-</strong></span> 
     </span>
     <span class='ocr_line' id='line_1_76' title="bbox 2273 3955 3837 4049; baseline 0.001 -20"><span class='ocrx_word' id='word_1_430' title='bbox 2273 3979 2478 4040; x_wconf 87' lang='lat' dir='ltr'><strong>rum,</strong></span> <span class='ocrx_word' id='word_1_431' title='bbox 2520 3979 2692 4049; x_wconf 78' lang='lat' dir='ltr'><strong>quae</strong></span> <span class='ocrx_word' id='word_1_432' title='bbox 2736 3961 3007 4031; x_wconf 85' lang='lat' dir='ltr'><strong>tamen</strong></span> <span class='ocrx_word' id='word_1_433' title='bbox 3059 3955 3300 4028; x_wconf 90' lang='lat' dir='ltr'><strong>simul</strong></span> <span class='ocrx_word' id='word_1_434' title='bbox 3355 3961 3681 4030; x_wconf 86' lang='lat' dir='ltr'><strong>manent</strong></span> <span class='ocrx_word' id='word_1_435' title='bbox 3737 3957 3837 4031; x_wconf 90' lang='lat' dir='ltr'><strong>in</strong></span> 
     </span>
     <span class='ocr_line' id='line_1_77' title="bbox 2269 4071 3839 4164; baseline 0 -19"><span class='ocrx_word' id='word_1_436' title='bbox 2269 4076 2545 4146; x_wconf 82' lang='lat' dir='ltr'><strong>eodem</strong></span> <span class='ocrx_word' id='word_1_437' title='bbox 2611 4074 2972 4164; x_wconf 84' lang='lat' dir='ltr'><strong>subjecto</strong></span> <span class='ocrx_word' id='word_1_438' title='bbox 3037 4100 3050 4143; x_wconf 92' lang='lat'>:</span> <span class='ocrx_word' id='word_1_439' title='bbox 3113 4072 3298 4154; x_wconf 84' lang='lat' dir='ltr'><strong>alia,</strong></span> <span class='ocrx_word' id='word_1_440' title='bbox 3346 4076 3424 4145; x_wconf 92' lang='lat' dir='ltr'><strong>et</strong></span> <span class='ocrx_word' id='word_1_441' title='bbox 3469 4072 3629 4144; x_wconf 87' lang='lat' dir='ltr'><strong>alia</strong></span> <span class='ocrx_word' id='word_1_442' title='bbox 3673 4071 3839 4145; x_wconf 82' lang='lat' dir='ltr'><strong>ha-</strong></span> 
     </span>
     <span class='ocr_line' id='line_1_78' title="bbox 2271 4189 3844 4281; baseline 0.003 -24"><span class='ocrx_word' id='word_1_443' title='bbox 2271 4193 2458 4264; x_wconf 82' lang='lat' dir='ltr'><strong>bent</strong></span> <span class='ocrx_word' id='word_1_444' title='bbox 2504 4215 2637 4258; x_wconf 80' lang='lat' dir='ltr'><strong>esse</strong></span> <span class='ocrx_word' id='word_1_445' title='bbox 2678 4189 3232 4271; x_wconf 83' lang='lat' dir='ltr'><strong>accidentalia,</strong></span> <span class='ocrx_word' id='word_1_446' title='bbox 3276 4193 3355 4263; x_wconf 92' lang='lat' dir='ltr'><strong>et</strong></span> <span class='ocrx_word' id='word_1_447' title='bbox 3399 4189 3571 4281; x_wconf 86' lang='lat' dir='ltr'><strong>ipsa</strong></span> <span class='ocrx_word' id='word_1_448' title='bbox 3614 4191 3844 4263; x_wconf 87' lang='lat' dir='ltr'><strong>acei-</strong></span> 
     </span>
     <span class='ocr_line' id='line_1_79' title="bbox 2271 4305 3851 4397; baseline 0.002 -21"><span class='ocrx_word' id='word_1_449' title='bbox 2271 4307 2537 4378; x_wconf 85' lang='lat' dir='ltr'><strong>‹lentia</strong></span> <span class='ocrx_word' id='word_1_450' title='bbox 2586 4307 2803 4377; x_wconf 83' lang='lat' dir='ltr'><strong>inter</strong></span> <span class='ocrx_word' id='word_1_451' title='bbox 2865 4329 2971 4385; x_wconf 89' lang='lat' dir='ltr'><strong>se,</strong></span> <span class='ocrx_word' id='word_1_452' title='bbox 3038 4311 3116 4378; x_wconf 91' lang='lat' dir='ltr'><strong>et</strong></span> <span class='ocrx_word' id='word_1_453' title='bbox 3175 4326 3221 4376; x_wconf 88' lang='lat' dir='ltr'><strong>a</strong></span> <span class='ocrx_word' id='word_1_454' title='bbox 3283 4305 3669 4397; x_wconf 86' lang='lat' dir='ltr'><strong>subjecte,</strong></span> <span class='ocrx_word' id='word_1_455' title='bbox 3743 4307 3851 4379; x_wconf 88' lang='grc'><strong>111</strong></span> 
     </span>
     <span class='ocr_line' id='line_1_80' title="bbox 2274 4423 2976 4514; baseline 0.001 -23"><span class='ocrx_word' id='word_1_456' title='bbox 2274 4445 2429 4514; x_wconf 82' lang='lat' dir='ltr'><strong>quo</strong></span> <span class='ocrx_word' id='word_1_457' title='bbox 2476 4423 2715 4494; x_wconf 88' lang='lat' dir='ltr'><strong>simul</strong></span> <span class='ocrx_word' id='word_1_458' title='bbox 2764 4427 2976 4496; x_wconf 88' lang='lat' dir='ltr'><strong>sunt.</strong></span> 
     </span>
    </p>

    <p class='ocr_par' dir='ltr' id='par_1_20' title="bbox 2273 4539 3854 4864">
     <span class='ocr_line' id='line_1_81' title="bbox 2368 4539 3854 4620; baseline 0 -8"><span class='ocrx_word' id='word_1_459' title='bbox 2368 4543 2592 4620; x_wconf 84' lang='lat' dir='ltr'><strong>Item,</strong></span> <span class='ocrx_word' id='word_1_460' title='bbox 2637 4541 2729 4612; x_wconf 87' lang='lat' dir='ltr'><strong>de</strong></span> <span class='ocrx_word' id='word_1_461' title='bbox 2772 4539 3180 4612; x_wconf 83' lang='lat' dir='ltr'><strong>accidente</strong></span> <span class='ocrx_word' id='word_1_462' title='bbox 3228 4539 3307 4610; x_wconf 92' lang='lat' dir='ltr'><strong>in</strong></span> <span class='ocrx_word' id='word_1_463' title='bbox 3351 4542 3854 4612; x_wconf 81' lang='lat' dir='ltr'><strong>Sacramen-</strong></span> 
     </span>
     <span class='ocr_line' id='line_1_82' title="bbox 2273 4654 3848 4746; baseline 0.001 -19"><span class='ocrx_word' id='word_1_464' title='bbox 2273 4660 2355 4727; x_wconf 91' lang='lat' dir='ltr'><strong>te</strong></span> <span class='ocrx_word' id='word_1_465' title='bbox 2399 4654 2719 4736; x_wconf 84' lang='lat' dir='ltr'><strong>altaris,</strong></span> <span class='ocrx_word' id='word_1_466' title='bbox 2786 4655 2992 4746; x_wconf 85' lang='lat' dir='ltr'><strong>quod</strong></span> <span class='ocrx_word' id='word_1_467' title='bbox 3052 4659 3177 4728; x_wconf 93' lang='lat' dir='ltr'><strong>est</strong></span> <span class='ocrx_word' id='word_1_468' title='bbox 3228 4655 3431 4727; x_wconf 88' lang='lat' dir='ltr'><strong>idem</strong></span> <span class='ocrx_word' id='word_1_469' title='bbox 3476 4674 3848 4729; x_wconf 80' lang='lat' dir='ltr'><strong>numero</strong></span> 
     </span>
     <span class='ocr_line' id='line_1_83' title="bbox 2275 4771 3564 4864; baseline -0.003 -21"><span class='ocrx_word' id='word_1_470' title='bbox 2275 4777 2747 4864; x_wconf 86' lang='lat' dir='ltr'><strong>separatum</strong></span> <span class='ocrx_word' id='word_1_471' title='bbox 2796 4775 3137 4863; x_wconf 84' lang='lat' dir='ltr'><strong>propter</strong></span> <span class='ocrx_word' id='word_1_472' title='bbox 3171 4771 3375 4843; x_wconf 90' lang='lat' dir='ltr'><strong>idem</strong></span> <span class='ocrx_word' id='word_1_473' title='bbox 3410 4795 3564 4840; x_wconf 75' lang='lat' dir='ltr'><strong>esse.</strong></span> 
     </span>
    </p>

    <p class='ocr_par' dir='ltr' id='par_1_21' title="bbox 2272 4886 3854 5427">
     <span class='ocr_line' id='line_1_84' title="bbox 2384 4886 3846 4970; baseline 0.001 -9"><span class='ocrx_word' id='word_1_474' title='bbox 2384 4891 2620 4969; x_wconf 84' lang='lat' dir='ltr'><strong>Item,</strong></span> <span class='ocrx_word' id='word_1_475' title='bbox 2710 4888 2800 4959; x_wconf 85' lang='lat' dir='ltr'><strong>‹le</strong></span> <span class='ocrx_word' id='word_1_476' title='bbox 2892 4887 3400 4961; x_wconf 82' lang='lat' dir='ltr'><strong>humanitate</strong></span> <span class='ocrx_word' id='word_1_477' title='bbox 3480 4886 3846 4970; x_wconf 86' lang='lat' dir='ltr'><strong>Christi,</strong></span> 
     </span>
     <span class='ocr_line' id='line_1_85' title="bbox 2275 5003 3842 5097; baseline 0.001 -23"><span class='ocrx_word' id='word_1_478' title='bbox 2275 5028 2447 5095; x_wconf 69' lang='lat' dir='ltr'><strong>quw</strong></span> <span class='ocrx_word' id='word_1_479' title='bbox 2521 5004 2886 5077; x_wconf 89' lang='lat' dir='ltr'><strong>intimius</strong></span> <span class='ocrx_word' id='word_1_480' title='bbox 2956 5003 3300 5077; x_wconf 78' lang='lat' dir='ltr'><strong>inhaeret</strong></span> <span class='ocrx_word' id='word_1_481' title='bbox 3360 5003 3842 5097; x_wconf 85' lang='lat' dir='ltr'><strong>supposito,</strong></span> 
     </span>
     <span class='ocr_line' id='line_1_86' title="bbox 2275 5121 3845 5214; baseline 0.006 -26"><span class='ocrx_word' id='word_1_482' title='bbox 2275 5143 2515 5213; x_wconf 84' lang='lat' dir='ltr'><strong>quam</strong></span> <span class='ocrx_word' id='word_1_483' title='bbox 2550 5122 2914 5194; x_wconf 84' lang='lat' dir='ltr'><strong>accidens</strong></span> <span class='ocrx_word' id='word_1_484' title='bbox 2967 5121 3355 5214; x_wconf 84' lang='lat' dir='ltr'><strong>subjecto,</strong></span> <span class='ocrx_word' id='word_1_485' title='bbox 3422 5126 3500 5195; x_wconf 87' lang='lat' dir='ltr'><strong>et</strong></span> <span class='ocrx_word' id='word_1_486' title='bbox 3543 5126 3845 5198; x_wconf 85' lang='lat' dir='ltr'><strong>tamen</strong></span> 
     </span>
     <span class='ocr_line' id='line_1_87' title="bbox 2272 5238 3854 5332; baseline 0.004 -25"><span class='ocrx_word' id='word_1_487' title='bbox 2272 5264 2403 5307; x_wconf 77' lang='lat' dir='ltr'><strong>esse</strong></span> <span class='ocrx_word' id='word_1_488' title='bbox 2436 5238 2891 5309; x_wconf 66' lang='lat' dir='ltr'><strong>existentiae</strong></span> <span class='ocrx_word' id='word_1_489' title='bbox 2945 5258 3104 5310; x_wconf 89' lang='lat' dir='ltr'><strong>non</strong></span> <span class='ocrx_word' id='word_1_490' title='bbox 3155 5238 3393 5311; x_wconf 87' lang='lat' dir='ltr'><strong>habet</strong></span> <span class='ocrx_word' id='word_1_491' title='bbox 3437 5259 3484 5311; x_wconf 83' lang='lat' dir='ltr'><strong>a</strong></span> <span class='ocrx_word' id='word_1_492' title='bbox 3525 5260 3854 5332; x_wconf 81' lang='lat' dir='ltr'><strong>suppo-</strong></span> 
     </span>
     <span class='ocr_line' id='line_1_88' title="bbox 2276 5355 2461 5427; baseline -0.005 -2"><span class='ocrx_word' id='word_1_493' title='bbox 2276 5355 2461 5427; x_wconf 73' lang='lat' dir='ltr'><strong>sito.</strong></span> 
     </span>
    </p>

    <p class='ocr_par' dir='ltr' id='par_1_22' title="bbox 2279 5472 3851 5682">
     <span class='ocr_line' id='line_1_89' title="bbox 2370 5472 3849 5564; baseline 0.006 -20"><span class='ocrx_word' id='word_1_494' title='bbox 2370 5477 2596 5553; x_wconf 87' lang='lat' dir='ltr'><strong>Item,</strong></span> <span class='ocrx_word' id='word_1_495' title='bbox 2666 5473 2731 5543; x_wconf 77' lang='lat' dir='ltr'><strong>si</strong></span> <span class='ocrx_word' id='word_1_496' title='bbox 2794 5472 3091 5564; x_wconf 84' lang='lat' dir='ltr'><strong>aliquid</strong></span> <span class='ocrx_word' id='word_1_497' title='bbox 3154 5474 3260 5547; x_wconf 90' lang='lat' dir='ltr'><strong>sit</strong></span> <span class='ocrx_word' id='word_1_498' title='bbox 3321 5476 3701 5557; x_wconf 88' lang='lat' dir='ltr'><strong>calidum,</strong></span> <span class='ocrx_word' id='word_1_499' title='bbox 3748 5484 3849 5553; x_wconf 83' lang='lat' dir='ltr'><strong>et</strong></span> 
     </span>
     <span class='ocr_line' id='line_1_90' title="bbox 2279 5588 3851 5682; baseline 0.005 -23"><span class='ocrx_word' id='word_1_500' title='bbox 2279 5594 2557 5682; x_wconf 86' lang='lat' dir='ltr'><strong>postea</strong></span> <span class='ocrx_word' id='word_1_501' title='bbox 2598 5590 2741 5663; x_wconf 84' lang='lat' dir='ltr'><strong>fiat</strong></span> <span class='ocrx_word' id='word_1_502' title='bbox 2792 5588 3202 5678; x_wconf 81' lang='lat' dir='ltr'><strong>frigidum,</strong></span> <span class='ocrx_word' id='word_1_503' title='bbox 3239 5594 3317 5662; x_wconf 89' lang='lat' dir='ltr'><strong>et</strong></span> <span class='ocrx_word' id='word_1_504' title='bbox 3354 5590 3655 5664; x_wconf 88' lang='lat' dir='ltr'><strong>iterum</strong></span> <span class='ocrx_word' id='word_1_505' title='bbox 3694 5613 3851 5667; x_wconf 82' lang='lat' dir='ltr'><strong>ca-</strong></span> 
     </span>
    </p>
   </div>
   <div class='ocr_carea' id='block_1_19' title="bbox 4206 3228 4232 6256">
    <p class='ocr_par' dir='ltr' id='par_1_23' title="bbox 4206 3228 4232 6256">
     <span class='ocr_line' id='line_1_91' title="bbox 4206 3228 4232 6256; baseline 0 0"><span class='ocrx_word' id='word_1_506' title='bbox 4206 3228 4232 6256; x_wconf 95' lang='lat' dir='ltr'><strong> </strong></span> 
     </span>
    </p>
   </div>
  </div>
 </body>
</html>
