4252 6393
154 1421 189 1472 6.

1590 425 1954 502 QUAES'rlo
1990 426 2123 488 xm

730 781 981 838 ARTIC.
1058 782 1099 838 1.
1179 781 1382 837 SECT.
1460 783 1532 839 V.

319 964 759 1049 Coqnitionem
832 963 1218 1030 seruit-ivam
1301 963 1405 1028 rei
1472 962 1829 1040 sensibilis,

385 1080 734 1145 actualiter
763 1080 1132 1156 existenti-e,
1180 1099 1314 1144 esse
1359 1079 1664 1162 infimam
1702 1099 1838 1145 om-

386 1196 564 1260 nium
607 1196 1085 1281 coquitionum.

398 1390 632 1464 Circa
693 1391 1089 1483 quintum,
1157 1391 1363 1483 quod
1425 1391 1639 1463 inter
1699 1414 1841 1485 po-

314 1507 599 1581 tentias
650 1512 731 1583 et
785 1508 1298 1600 cognitiones
1370 1509 1834 1591 sensitivas,

311 1627 434 1698 illa
483 1632 612 1702 est
668 1627 957 1702 ultima
1015 1629 1096 1700 et
1148 1626 1423 1697 infima
1476 1626 1554 1697 in
1609 1626 1840 1700 deor-

311 1764 496 1827 sum,
564 1743 999 1816 secundum
1034 1762 1275 1835 quam
1308 1747 1388 1816 et
1422 1763 1565 1835 per
1597 1763 1839 1835 quam

309 1861 559 1934 solum
627 1861 1161 1951 cognoscitur
1211 1860 1650 1936 existentia
1709 1882 1841 1936 ac-

312 1977 545 2050 tualis
594 1980 710 2050 rei
752 1977 1189 2051 sensibilis.
1235 1979 1640 2070 Arguitur
1683 1981 1841 2073 pri-

312 2116 428 2167 mo
471 2093 589 2167 sie
634 2120 650 2165 :
700 2094 1091 2168 Sensibile
1142 2093 1626 2187 inquantum
1671 2118 1840 2169 sen-

310 2210 555 2292 sibile,
612 2216 797 2284 actu
849 2213 1235 2295 existens,
1289 2217 1415 2287 est
1464 2214 1841 2289 ultimum

314 2327 665 2400 omnium
714 2328 1023 2402 entium
1066 2330 1596 2415 naturalium,
1658 2332 1844 2424 quia

310 2443 520 2517 ultra
588 2444 995 2519 rationem
1063 2446 1470 2521 sensibilis
1537 2448 1845 2520 nulla-m

314 2581 501 2643 rem,
574 2565 717 2635 aut
784 2561 1322 2637 intentionem
1424 2564 1640 2639 addit
1706 2585 1844 2637 seu

311 2677 729 2770 componit
766 2683 1064 2752 natura
1100 2704 1115 2761 ;
1152 2698 1351 2771 ergo
1388 2680 1456 2753 si
1498 2682 1848 2755 actualis

310 2794 746 2868 existentia
787 2795 905 2867 rei
948 2801 1073 2870 est
1123 2795 1452 2879 nullius,
1515 2801 1657 2872 aut
1710 2798 1850 2872 mi-

311 2913 536 2985 noris
624 2913 1208 2988 abstractionis
1284 2913 1504 2988 inter
1582 2914 1854 2990 omnia

312 3028 530 3105 entia
560 3030 1003 3113 naturalia,
1052 3032 1426 3125 sequitur
1469 3033 1674 3126 quod
1723 3055 1854 3126 po-

314 3147 591 3230 tentia,
658 3169 830 3242 quae
891 3149 1053 3224 tale
1106 3172 1239 3219 esse
1297 3149 1852 3244 apprehendit,

312 3269 391 3338 et
429 3266 741 3338 nullum
772 3266 1013 3350 aliud,
1048 3267 1173 3340 vel
1214 3288 1386 3341 rem
1423 3269 1858 3341 secundum

316 3382 565 3455 alium
634 3385 982 3467 modum,
1052 3385 1214 3459 crit
1285 3384 1501 3459 inter
1580 3407 1860 3459 omnes

322 3502 724 3591 potentias
777 3502 1383 3593 cognoscitivas
1432 3502 1733 3584 infima,
1782 3507 1863 3576 et

325 3615 669 3689 minoris
731 3616 1318 3692 abstractionis
1390 3643 1404 3688 :
1480 3618 1670 3693 talis
1740 3621 1865 3690 est

324 3752 606 3805 sensus
652 3733 1182 3826 particularis
1229 3760 1243 3816 ;
1281 3756 1508 3827 ergo,
1545 3739 1697 3809 etc.

417 3850 643 3932 Item,
691 3852 1057 3944 potentia
1105 3856 1409 3943 quanto
1458 3852 1863 3945 superior,

328 3968 553 4041 tanto
617 3968 1137 4061 paucioribus
1199 3969 1525 4061 indiget,
1588 3974 1668 4043 et
1730 3969 1868 4043 mi·

332 4102 478 4154 nus
519 4083 978 4179 composita
1026 4089 1176 4167 est,
1233 4089 1315 4159 et
1375 4086 1638 4177 magis
1697 4086 1869 4158 abs·

333 4203 629 4284 tracta;
702 4224 904 4295 ergo
971 4227 1156 4278 cum
1228 4205 1607 4298 opposita
1674 4205 1874 4280 isto-

338 4336 516 4390 rum
557 4321 718 4394 sint
762 4318 843 4392 in
875 4320 1242 4414 potentia
1291 4343 1572 4395 sensus
1627 4321 1875 4415 parti-

341 4434 665 4519 cularis,
734 4437 1038 4529 indiget
1098 4438 1312 4511 enim
1378 4458 1691 4528 organo
1753 4458 1876 4510 ac-

342 4551 565 4635 tuali,
626 4554 1059 4647 praesentia
1103 4555 1424 4649 objecti,
1471 4559 1697 4628 certa
1729 4554 1878 4625 dis-

348 4666 622 4750 tantia,
668 4674 747 4743 et
790 4674 1018 4744 certa
1059 4670 1570 4753 excellentia,
1612 4674 1691 4744 et
1730 4669 1880 4742 dis-

348 4783 767 4875 positione,
791 4790 871 4860 et
901 4787 1579 4861 determinatione
1614 4785 1877 4866 medii,

350 4898 568 4972 etsie
601 4906 725 4976 est
762 4903 1329 4996 compositior,
1376 4907 1456 4977 et
1497 4902 1727 4996 quasi
1771 4903 1883 4975 ni-

352 5010 465 5084 hil
512 5018 949 5103 abstracta,
995 5020 1157 5093 erit
1198 5021 1665 5093 necessario
1712 5020 1885 5091 infi-

360 5129 560 5202 mior
608 5136 1013 5217 omnibus;
1072 5158 1355 5210 sensus
1406 5138 1620 5210 enim
1673 5158 1886 5208 com-

362 5249 635 5331 munis,
715 5270 862 5323 nec
932 5251 1392 5344 phantasia,
1466 5257 1555 5329 ut
1637 5256 1883 5346 patet,

359 5377 510 5434 non
538 5369 658 5440 tot
700 5366 1085 5460 indigent.

3355 430 3473 491 497

1941 586 2569 669 abstractiones‚
2613 592 2694 661 et
2734 587 2913 681 ipsa
2952 607 3000 660 a
3039 588 3261 662 nullo
3313 591 3484 663 abs-

1947 703 2207 778 trahit
2251 730 2265 774 :
2307 706 2438 778 sed
2483 704 2745 777 omnis
2780 705 3234 781 abstractio
3267 707 3357 782 fit
3392 708 3491 780 ab

1947 820 2252 894 actuali
2323 821 2783 903 existentia,
2857 824 2938 894 et
3007 820 3170 894 tale
3245 847 3380 893 esse
3447 844 3495 895 a

1947 937 2170 1011 nullo
2213 939 2647 1022 abstrahit,
2699 960 2843 1011 nec
2888 960 3000 1024 re,
3055 960 3200 1013 nee
3245 940 3495 1015 inten-

1950 1055 2196 1137 tione,
2243 1077 2427 1128 cum
2467 1056 2558 1129 de
2601 1077 2684 1128 se
2724 1056 2940 1132 dicat
2984 1077 3304 1130 omnem
3347 1057 3499 1149 sig-

1950 1167 2366 1242 nationem
2409 1173 2488 1242 et
2518 1169 3286 1246 determinationem
3322 1168 3500 1245 ulti-

1955 1288 2290 1366 matam,
2337 1289 2505 1358 tam
2540 1287 2974 1359 secundum
3019 1307 3192 1360 rem
3261 1307 3499 1378 quam

1955 1400 2392 1473 secundum
2449 1400 2951 1475 intellectum
2987 1427 3001 1482 ;
3057 1421 3256 1492 ergo
3329 1422 3503 1473 sen-

1955 1516 2202 1592 sitiva
2239 1518 2794 1611 particularis,
2825 1541 3000 1611 quae
3023 1519 3114 1591 de
3149 1540 3232 1591 se
3265 1517 3503 1592 habet

1953 1636 2377 1726 aspectum
2409 1634 2504 1705 ad
2539 1634 2699 1707 tale
2731 1638 2811 1707 et
2843 1653 3003 1707 non
3035 1631 3277 1714 aliud,
3339 1633 3502 1707 erit

1952 1750 2314 1842 cognitio
2353 1751 2651 1825 infima.

2305 2077 2560 2135 ARTIC.
2641 2078 2687 2134 1.
2769 2077 2972 2136 SECT.
3049 2081 3147 2139 vl.

1955 2256 2131 2322 Dari
2171 2259 2246 2324 in
2291 2259 2558 2325 homine
2594 2262 3064 2346 manitionem,
3098 2282 3242 2348 quoe
3272 2265 3504 2329 termi-

2078 2386 2284 2440 natur
2316 2375 2406 2441 ad
2436 2379 2763 2444 actualem
2792 2381 2900 2444 rei
2930 2380 3373 2447 existentiam.

2051 2572 2290 2647 Circa
2331 2576 2678 2650 sextum,
2744 2574 2948 2664 quod
3001 2572 3192 2648 talis
3233 2573 3504 2664 cogni-

1966 2689 2080 2763 tio
2129 2688 2403 2760 infima
2454 2687 2561 2761 sit
2606 2687 2686 2758 in
2739 2687 3089 2771 homine,
3137 2689 3507 2781 quamvis

1967 2805 2172 2879 satis
2243 2803 2349 2877 sit
2419 2803 2851 2896 probatum
2932 2824 3205 2897 supra,
3289 2809 3511 2898 patet

1966 2920 2501 2994 nihilominus
2546 2920 2704 2993 sic:
2753 2920 3056 3003 Primo,
3109 2921 3297 3013 quia
3328 2921 3513 2994 finis

1970 3059 2115 3110 suo
2186 3041 2516 3129 aspectu
2587 3036 2891 3110 claudit
2962 3037 3258 3120 omnia,
3340 3059 3515 3131 quae

1972 3159 2161 3231 sunt
2228 3155 2324 3227 ad
2392 3153 2622 3227 illum
2716 3154 3008 3237 fine1n;
3072 3175 3271 3246 ergo
3330 3177 3516 3230 cum

1972 3272 2214 3345 homo
2251 3273 2361 3345 sit
2393 3271 2575 3343 finis
2625 3271 3011 3352 omnium,
3061 3292 3205 3343 suo
3249 3292 3518 3364 aspec-

1976 3394 2062 3463 tu
2106 3388 2409 3463 claudit
2446 3388 2718 3460 omnia
2753 3412 2768 3469 ;
2804 3406 3004 3479 ergo
3038 3410 3220 3461 cum
3262 3390 3343 3460 in
3383 3389 3519 3461 ho-

1978 3508 2218 3590 mine,
2268 3508 2744 3598 inquantum
2786 3506 3069 3578 unitur
3114 3506 3520 3599 supremis

1979 3622 2506 3704 substantiis,
2591 3622 2698 3697 sit
2776 3640 3158 3714 suprema
3221 3620 3517 3703 virtus,

1977 3742 2104 3814 vel
2166 3740 2530 3834 potentia
2600 3739 2957 3831 supremi
3029 3738 3526 3829 cognoscibi-

1984 3858 2110 3939 lis,
2170 3855 2303 3948 qui
2350 3858 2474 3928 est
2522 3855 2765 3936 Deus,
2824 3854 3301 3946 inquantum
3361 3853 3526 3926 uni-

1984 3975 2122 4045 tur
2157 3970 2480 4049 infimis,
2518 3968 2680 4043 erit
2715 3968 2795 4039 in
2826 3990 2920 4041 eo
2955 3968 3230 4040 infima
3263 3969 3529 4059 cogni·

1986 4089 2101 4162 tio
2177 4089 2549 4180 respectu
2612 4085 2864 4157 infimi
2924 4085 3525 4175 cognoscibiliS,

1989 4206 2229 4299 quale
2263 4210 2386 4279 est
2427 4202 2866 4277 existentia
2907 4202 3258 4276 actualis
3302 4204 3444 4276 rei.

2081 4321 2314 4401 Item,
2385 4319 2820 4391 secundum
2882 4317 3413 4392 Aristotelem
3466 4322 3532 4392 2.

1988 4439 2071 4505 de
2106 4450 2286 4525 part.
2340 4439 2599 4504 animal
2636 4460 2781 4525 cap.
2823 4436 2890 4505 8.
2939 4455 3226 4507 sensus
3268 4438 3537 4509 tactus

1990 4556 2119 4626 est
2152 4553 2759 4625 fundamentum
2795 4551 3153 4623 omnium
3187 4552 3539 4626 aliorum

1994 4691 2402 4750 sensuum,
2439 4673 2518 4741 et
2554 4687 2831 4739 omnes
2877 4666 3141 4759 ipsum
3186 4690 3540 4764 praesup-

2000 4790 2305 4880 ponunt
2354 4786 2530 4856 :sed
2573 4784 2654 4856 in
2707 4783 3033 4855 homine
3080 4789 3202 4856 est
3264 4808 3537 4880 supre—

1998 4923 2178 4975 mus
2213 4922 2523 4985 sensuS,
2606 4899 2851 4973 aliter
2894 4898 2972 4971 in
3014 4899 3337 4973 homine
3380 4923 3540 4974 non

1998 5019 2432 5091 unirentur
2473 5016 2749 5089 infima
2792 5035 3366 5109 supremorum
3421 5042 3543 5091 su-

2004 5135 2307 5230 premis
2377 5134 2881 5215 infimorum;
2937 5154 3134 5224 ergo
3219 5154 3546 5208 necesse

1998 5257 2124 5327 est
2170 5252 2249 5324 in
2291 5273 2384 5323 eo
2430 5270 2714 5322 sensus
2760 5250 3055 5321 taetus.

2098 5372 2328 5450 Item,
2393 5368 2635 5440 homo
2690 5364 3116 5438 ordinatur
3164 5367 3258 5438 ad
3307 5367 3545 5443 finem

454 5482 668 5569 Item,
733 5484 874 5558 illa
915 5486 1279 5579 cognitio
1343 5492 1468 5561 est
1531 5486 1891 5560 omnium
2006 5507 2242 5558 suum
2305 5506 2449 5577 per
2488 5485 2787 5554 bonum
2840 5500 3074 5550 usum
3134 5488 3549 5558 creatura·

374 5588 653 5683 infima,
699 5608 1078 5696 respectu
1113 5604 1344 5697 cujus
1379 5604 1578 5678 fiunt
1617 5624 1895 5676 omnes
2007 5621 2218 5683 rum,
2283 5604 2361 5672 et
2410 5594 2939 5670 deordinatur
3003 5614 3146 5687 per
3213 5598 3551 5674 abusum

541 5739 663 5791 Tom
688 5739 781 5793 1v.

3342 5730 3406 5786 32

3657 2601 3711 2653 Ἰ.
