4252 6393
1658 410 2028 485 QUAES'rlo
2082 412 2218 473 xlx
3562 415 3640 477 93

97 575 221 621 sita-³
308 571 420 619 ‘¹2‘-
466 569 667 643 sitas
728 572 1273 651 cometarum,
1350 569 1643 662 primo,
1736 592 2010 644 secun·

102 637 236 699 pta.

138 2137 376 2187 ,ubertus

163 2202 372 2250 Probae.

242 4582 272 4631 3

156 4620 423 4705 Reseililm·

139 4706 239 4780 eju-3
252 4708 429 4757 modus

455 686 641 758 dum
684 685 1116 759 Albertum
1154 710 1355 776 super
1419 692 1545 755 islo
1586 692 1835 776 primO,
1912 688 2010 761 si-

451 807 760 893 gnatur
820 801 1260 876 diversitas
1307 824 1598 875 eorum
1649 809 2010 898 exparte

451 922 869 999 materiae;
912 940 1106 1024 'nam
1162 921 1512 993 materia
1563 920 1820 995 stellae
1883 943 2009 994 co·

449 1043 687 1111 matae
722 1042 850 1111 est
890 1038 1120 1110 valde
1155 1038 1502 1121 subtiliS,
1540 1043 1621 1113 et
1662 1044 1853 1112 ωηο
1884 1042 2010 1114 est

450 1174 607 1225 una
670 1154 1035 1247 species;
1080 1154 1208 1226 vel
1273 1154 1623 1227 multum
1683 1173 2003 1246 grossa,

447 1276 531 1343 et
571 1275 765 1343 tunc
802 1275 932 1345 est
972 1270 1175 1351 alia;
1211 1270 1340 1342 vel
1379 1271 1723 1343 medium
1794 1272 2010 1344 inter

452 1406 847 1474 grossum
877 1391 959 1460 et
992 1385 1311 1467 subtile,
1347 1389 1431 1459 et
1462 1390 1652 1458 ωηο
1685 1390 1811 1459 est
1851 1392 2007 1460 ter·

454 1503 610 1583 tia;
646 1503 778 1575 vel
814 1503 1162 1576 medium
1216 1503 1434 1577 inter
1494 1522 1877 1593 grossum
1927 1509 2008 1579 et

459 1620 818 1714 primum
932 1619 1307 1703 medium,
1409 1625 1491 1694 et
1582 1625 1773 1694 tunc
1883 1625 2007 1694 est

454 1742 794 1829 quarta;
840 1738 969 1810 vel
1027 1738 1378 1811 medium
1449 1739 1665 1812 inter
1716 1739 2008 1813 subtile

452 1858 536 1926 et
596 1853 961 1945 primum
1023 1850 1395 1938 medium,
1484 1860 1563 1930 et
1625 1860 1816 1930 tunc
1884 1858 2009 1929 est

457 1969 773 2060 quinta.

550 2086 955 2160 Similiter
1021 2087 1388 2178 assignat
1464 2088 1845 2161 Albertus
1902 2088 2007 2161 di-

456 2199 949 2273 versitatem
991 2219 1088 2270 ex
1122 2205 1355 2292 parte
1423 2200 1732 2290 figurae.
1798 2203 2007 2274 Nam

452 2316 585 2386 vel
627 2319 951 2389 cometa
989 2314 1229 2388 habet
1277 2317 1614 2389 caudam
1650 2338 2003 2400 sursum,

448 2431 583 2505 vel
631 2432 1044 2512 deorsum,
1088 2431 1216 2503 vel
1286 2437 1499 2514 ante,
1552 2433 1679 2506 vel
1752 2438 2004 2516 retr0,

449 2553 534 2621 ct
579 2548 697 2620 sic
741 2553 930 2622 sunt
971 2547 1313 2621 diversae
1357 2549 1691 2643 species.

544 2664 770 2747 Quod
812 2669 1090 2738 autem
1150 2666 1585 2738 diversitas
1657 2668 2011 2738 cometa-

460 2801 649 2854 rum
704 2781 811 2854 sit
855 2785 1241 2858 sumenda
1284 2803 1523 2876 penes
1590 2782 2011 2855 diversita-

450 2904 623 2972 tem
660 2899 1031 2971 materiae
1066 2899 1357 2992 probat
1390 2899 1797 2980 Albertus‚
1826 2897 2013 2989 quia

456 3014 527 3086 si
564 3034 756 3096 non,
817 3018 1011 3087 tunc
1066 3014 1206 3087 illa
1274 3015 1709 3089 diversitas
1764 3014 2011 3088 maxi-

456 3151 591 3202 me
646 3130 1129 3223 proveniret
1171 3153 1271 3205 ex
1312 3136 1547 3225 parte
1599 3131 2013 3224 agentium

450 3247 1020 3338 planetarum,
1068 3268 1115 3319 a
1186 3250 1472 3340 quibus
1541 3247 2014 3323 attrahctur

451 3362 601 3433 illa
668 3363 1047 3436 materia.
1107 3368 1628 3456 Consequens
1686 3368 1812 3437 est
1870 3365 2013 3437 fal-

448 3499 666 3559 sum,
706 3478 895 3569 quia
939 3484 1127 3553 ωηο
1186 3481 1529 3573 planetae
1598 3501 2010 3572 nunquam

447 3599 759 3667 exeunt
801 3594 1260 3678 Zodiacum,
1320 3596 1435 3670 ita
1475 3618 1618 3670 nec
1670 3602 2010 3671 cometae

444 3711 750 3783 fierent
791 3714 1033 3783 extra
1087 3711 1555 3793 Zodiacum,
1619 3714 1825 3804 quod
1887 3718 2012 3787 est

443 3828 750 3899 contra
782 3826 1403 3920 experientiam.
1470 3830 1572 3901 Et
1617 3829 2014 3921 probatur

443 3944 1064 4034 consequentia,
1103 3945 1289 4036 quia
1319 3945 1754 4019 diversitas
1786 3947 2011 4019 effec-

446 4065 689 4133 tuum
745 4060 827 4131 in
906 4061 1090 4134 istis
1137 4061 1667 4135 inferioribus
1738 4063 1806 4135 si
1853 4084 2013 4136 non

447 4178 898 4270 proveniat
967 4198 1066 4249 ex
1111 4181 1348 4271 parte
1417 4179 1811 4260 materiae,
1851 4200 2011 4251 ma-

445 4292 677 4366 xime
712 4294 1094 4387 provenit
1135 4316 1236 4367 ex
1305 4296 1787 4371 diversitate
1850 4298 2011 4390 pia-

448 4414 867 4484 netarum.

555 4528 702 4600 Sed
770 4532 1066 4602 contra
1142 4529 1293 4603 hoc
1338 4530 1742 4621 arguitur,
1826 4531 2014 4622 quia

455 4664 622 4715 non
654 4644 980 4718 videtur
1033 4647 1339 4728 moduS,
1415 4668 1559 4739 per
1618 4669 1852 4739 quem
1914 4644 2012 4721 siss

140 4771 430 4832 ωπσκαπᾱί
456 4767 866 4855 gnarctur
909 4764 1253 4836 medium
1298 4765 1512 4838 inter
1553 4765 1745 4838 illud
1787 4786 2014 4858 gros-

458 4901 673 4962 sum,
721 4884 803 4953 et
856 4880 1174 4955 subtile.

552 4997 941 5079 Secundo,
1017 4998 1206 5090 quia
1277 5019 1435 5090 qua
1522 4998 1842 5072 ratione
1923 5002 2008 5071 tu

454 5113 940 5204 assignares
1026 5135 1274 5186 unum
1352 5114 1700 5187 medium
1799 5115 2014 5188 inter

453 5230 616 5301 duo
661 5233 1061 5312 extrema,
1108 5231 1385 5301 eadem
1429 5231 1752 5303 ratione
1797 5232 2013 5304 inter

454 5345 616 5417 duo
671 5344 933 5418 media
974 5347 1573 5438 assignaretur,
1619 5353 1701 5421 et
1753 5348 1869 5419 sic
1931 5348 2010 5420 in

466 5458 910 5532 infinitum.

549 5575 860 5659 Tertio,
918 5597 1080 5650 non
1148 5581 1493 5673 apparet
1558 5579 2008 5651 verisimile

2122 572 2331 662 quod
2373 574 2604 644 tanta
2661 571 3123 652 diversitas,
3194 572 3402 646 sicut
3477 593 3658 665 pro·

2121 686 2341 760 venit
2384 707 2430 757 a
2477 686 2845 767 cometis,
2914 687 3172 780 possit
3231 689 3663 780 provenire

2121 824 2219 874 ex
2276 804 2452 876 sola
2517 803 2995 877 diversitate
3067 805 3459 885 materiae,
3551 828 3666 878 se-

2120 922 2464 993 cundum
2509 921 2967 1003 raritatem,
3013 925 3093 994 et
3150 922 3662 995 densita-tem.

2213 1038 2428 1108 Tunc
2499 1037 2594 1108 ad
2664 1036 3070 1109 rationem
3157 1036 3494 1119 Albcrti,
3598 1038 3665 1110 si

2125 1172 2288 1223 non
2331 1152 2505 1235 hoc,
2564 1152 3042 1245 proveniret
3090 1174 3188 1225 ex
3236 1158 3468 1247 parte
3503 1155 3665 1248 pla·

2119 1270 2526 1349 netarum,
2582 1269 2978 1350 concedo;
3036 1288 3181 1340 nec
3222 1268 3442 1343 valet
3483 1290 3666 1341 con-

2121 1384 2544 1476 sequentia
2657 1385 3039 1465 ulterius,
3136 1385 3326 1476 quia
3424 1391 3667 1460 extra

2121 1500 2553 1574 Zodiacum
2604 1506 2792 1575 sunt
2834 1502 3092 1574 stellae
3123 1502 3329 1583 fixae,
3381 1502 3472 1575 dc
3533 1523 3665 1576 na-

2122 1622 2314 1690 tura
2367 1619 2907 1711 planetarum,
2983 1618 3155 1690 ideo
3227 1621 3663 1692 secundum

2123 1734 2332 1825 quod
2374 1734 2723 1807 materia
2780 1738 3120 1807 cometae
3191 1734 3665 1810 attrahetur

2120 1849 2220 1920 ab
2262 1869 2417 1921 uno
2451 1851 2993 1943 planetarum,
3049 1852 3173 1924 vel
3215 1852 3401 1934 alio,
3438 1852 3565 1924 vel
3617 1874 3664 1925 a

2121 1968 2362 2040 stella
2395 1968 2557 2039 fixa
2594 1969 2686 2041 de
2746 1974 3045 2044 natura
3125 1970 3345 2043 illius
3398 1971 3662 2064 plane-

2120 2087 2249 2164 tae,
2305 2088 2495 2157 tunc
2556 2090 2877 2159 cometa
2917 2086 3491 2159 denominatur
3567 2088 3666 2159 ab

2123 2198 2264 2271 illo
2317 2199 2666 2292 planeta,
2719 2200 2811 2273 de
2852 2202 3085 2294 cujus
3137 2208 3436 2276 natura
3483 2206 3665 2275 erat

2123 2315 2362 2389 stella
2422 2316 2607 2398 fixa,
2682 2336 2729 2388 a
2798 2338 2955 2409 qua
3024 2318 3262 2391 stella
3338 2322 3668 2392 comata

2121 2433 2644 2506 causabatur.
2699 2431 2881 2504 Alio
2954 2434 3186 2505 modo
3242 2434 3668 2525 assignant

2125 2548 2546 2640 Astrologi
2590 2548 2842 2640 aliqui
2910 2548 3472 2623 diversitatem
3541 2572 3667 2622 co-

2125 2671 2558 2748 metarum,
2599 2666 2911 2740 scilicet
2945 2668 3151 2758 quod
3185 2668 3506 2758 quidam
3541 2671 3667 2741 cst

2122 2783 2214 2855 de
2256 2788 2554 2856 natura
2589 2783 2949 2863 Saturni,
2997 2783 3319 2874 quidam
3377 2784 3467 2854 de
3533 2804 3667 2854 na-

2125 2904 2316 2972 tura
2423 2900 2676 2981 Jovis‚
2781 2899 3103 2992 quidam
3188 2900 3279 2971 de
3368 2905 3670 2973 natura

2130 3014 2449 3088 Martis.
2550 3016 2696 3089 Sed
2801 3016 2868 3088 si
2977 3014 3366 3108 objicitur
3463 3016 3669 3108 quod

2129 3132 2262 3206 Sol
2310 3151 2476 3224 prae
2525 3130 2781 3204 nimia
2840 3152 2986 3204 sua
3053 3131 3467 3205 caliditate
3541 3151 3669 3224 po-

2125 3250 2290 3323 tius
2359 3248 2601 3322 habet
2677 3269 3162 3321 consumere
3235 3248 3669 3322 materiam

2123 3367 2490 3443 cometae,

2129 3482 2457 3571 oportet
2502 3477 2938 3550 materiam
2989 3478 3297 3551 elevari
3359 3499 3406 3550 a
3487 3481 3671 3553 Sole

2122 3615 2222 3667 ex
2276 3616 2430 3687 qua
2463 3599 2911 3686 generatur
2951 3599 3277 3667 cometa
3308 3595 3399 3667 de
3440 3601 3669 3669 natu-

2131 3732 2224 3783 ra
2271 3712 2508 3793 Solis,
2550 3713 2684 3784 sed
2719 3712 3021 3785 sufficit
3055 3712 3262 3804 quod
3302 3711 3672 3786 elevetur

2126 3826 2226 3898 ab
2257 3827 2529 3919 aliqua
2571 3827 2810 3901 stella
2840 3826 3026 3909 fixa,
3073 3849 3246 3919 quae
3281 3827 3390 3901 sit
3418 3829 3509 3901 de
3540 3849 3672 3901 na-

2124 3948 2316 4017 tura
2359 3944 2592 4017 Solis.

2216 4063 2360 4135 Sed
2395 4062 2648 4135 adhuc
2693 4062 2834 4135 alii
2869 4062 3294 4155 assignant
3335 4062 3667 4137 diversi·
3697 4086 4019 4199 Αιεᾶιῦειηο-

2125 4181 2381 4250 tatcm
2458 4182 2994 4261 cometarum,
3071 4179 3662 4273 praemittendO,

2129 4292 2337 4382 quod
2375 4292 2647 4363 nullus
2699 4297 3023 4367 cometa
3063 4294 3170 4368 sit
3220 4296 3312 4367 de
3369 4299 3670 4368 natura

2130 4408 2365 4489 Solis,
2421 4429 2670 4482 causa
2735 4414 2884 4491 cst,
2941 4409 3132 4501 quia
3194 4411 3327 4485 Sol
3398 4412 3670 4504 potius

2126 4524 2367 4599 habet
2487 4547 2971 4599 consumere
3078 4527 3666 4614 exhalationeS,

2129 4663 2369 4734 quam
2450 4641 2668 4735 ipsas
2746 4664 3264 4728 conservare,
3330 4649 3417 4719 ut
3496 4645 3673 4719 inde

2129 4764 2571 4850 generetur
2612 4779 2869 4831 coma.

2218 4875 2599 4956 Secundo,
2629 4875 2816 4967 quia
2848 4895 2992 4948 nec
3026 4876 3320 4969 aliquis
3354 4882 3673 4951 cometa

2124 4995 2249 5064 est
2306 4992 2399 5063 de
2453 4996 2755 5065 natura
2828 4992 3099 5076 Lunae,
3176 4997 3423 5085 patet,
3488 4995 3676 5087 quia

2130 5109 2352 5180 Luna
2392 5128 2550 5179 non
2591 5107 2830 5181 habet
2872 5129 3388 5183 commovere
3421 5110 3675 5183 humi-

2122 5223 2418 5297 ‹litatcs
2480 5229 2946 5306 unctuosas,
2984 5246 3082 5296 ex
3117 5226 3401 5318 quibus
3434 5232 3674 5301 natus

2123 5344 2248 5413 est
2288 5340 2466 5412 fieri
2515 5345 2859 5422 cometa,
2918 5341 3053 5413 sed
3101 5343 3373 5435 potius
3418 5342 3673 5415 humi-

2123 5455 2422 5530 ditates
2463 5478 2797 5548 aqueas;
2854 5461 2935 5530 et
2987 5457 3161 5530 ideo
3216 5480 3495 5531 omnes
3547 5482 3672 5532 co-

2125 5579 2360 5647 metae
2447 5577 2633 5647 sunt
2717 5576 2809 5646 de
2902 5575 3222 5648 naturis
3319 5576 3672 5649 aliorum

2586 3363 3124 3455 respondetur
3230 3364 3436 3455 quod
3512 3385 3673 3436 non
3780 3449 3786 3456 ‚
