4252 6393
502 392 622 460 686

490 565 1011 648 tumcumque
1046 556 1400 646 Angelus
1428 555 1688 634 duret,
1718 574 1875 625 non
1907 558 2031 627 est

485 676 591 748 ibi
632 673 983 771 alicujus
1035 672 1403 747 continui
1472 671 1839 764 partitio,
1898 671 2031 742 sed

480 791 840 883 ejusdem
891 788 1407 862 indivisibilis
1470 787 2033 879 permanentia

481 908 780 1000 absque
814 907 1087 999 aliqua
1124 904 1483 998 partium
1538 904 2031 976 successiva-

485 1045 664 1096 rum
724 1023 1368 1117 compositione:
1432 1022 1545 1094 sic
1598 1020 1677 1092 in
1720 1041 2031 1091 mensu·

483 1142 692 1215 ratis
763 1163 969 1213 unus
1043 1139 1504 1214 intellectus
1552 1137 1836 1226 Angcli
1906 1142 2030 1209 est

483 1258 867 1352 ejusdem,
959 1261 1039 1329 et
1119 1252 1634 1326 indivisibilis
1721 1273 2031 1343 perma-

483 1375 801 1455 nentiae,
858 1373 1158 1465 absque
1218 1372 1487 1462 aliqua
1536 1354 2032 1441 ‘successiva-

422 1520 429 1525 ’
487 1510 670 1561 rum
746 1487 1124 1582 partium,
1188 1486 1316 1557 vel
1381 1484 2030 1579 permanentium

489 1606 1100 1681 continuatione
1128 1662 1144 1685 ,
1193 1604 1401 1676 sicut
1437 1604 1685 1677 etiam
1722 1606 2031 1695 ponunt

489 1726 568 1797 in
610 1744 808 1805 aevo,
847 1726 934 1797 ut
964 1721 1369 1794 videbitur
1400 1725 1417 1744 '
1452 1720 1637 1791 dum
1678 1719 1769 1791 de
1799 1720 2031 1789 ‹lura-

486 1841 707 1915 tione
750 1839 925 1932 ejus
966 1835 1539 1931 disputabitur.

137 1741 155 1761 ‘
206 1745 388 1804 quaest.

138 1803 219 1854 22.

1008 2076 1414 2132 SCHoLIUM.

554 2273 967 2329 Diffusissime
1051 2271 1342 2328 recitavit
1402 2270 1761 2342 opinionem
1838 2272 2032 2327 sancti

477 2372 746 2440 Thomae,
778 2376 837 2429 et
871 2371 1120 2427 Henrici
1154 2372 1321 2426 circa
1356 2374 1588 2426 motum
1626 2369 2032 2438 Angelorum,

473 2469 641 2526 circa
676 2483 1033 2526 mensuram
1096 2470 1524 2541 operationum
1566 2465 1950 2533 eorumdem,
1984 2472 2045 2524 et

472 2570 999 2636 constitutionem,
1031 2572 1139 2625 aut
1195 2568 1675 2639 explicationem
1737 2565 2034 2636 temporis

474 2669 753 2727 discreti.
788 2669 981 2725 Multa
1014 2670 1101 2724 ait
1149 2667 1270 2723 sibi
1325 2668 1389 2722 in
1441 2667 1693 2721 illorum
1752 2664 2033 2720 doctrina

474 2767 832 2840 displicere,
857 2771 918 2825 et
946 2771 1190 2838 tempus
1221 2764 1563 2821 discretum
1585 2766 1837 2821 omnino
1868 2763 2035 2818 able-

477 2871 598 2937 gat.
632 2866 849 2921 Omnia
880 2870 1091 2921 exacte
1123 2864 1400 2931 discutit,
1455 2868 1516 2920 et
1565 2862 1806 2918 refellit
1857 2862 1920 2916 in
1978 2865 2031 2915 2.

475 2965 749 3024 distinct.
774 2967 1071 3034 2.quoest.
1107 2964 1160 3019 4.
1195 2966 1254 3019 et
1288 2962 1374 3017 11.
1409 2960 1561 3016 Vide
1596 2961 1851 3015 Suarem
1884 2963 2030 3015 tom.

493 3066 547 3119 2.
575 3061 841 3134 Metaph.
877 3060 1035 3132 disp.
1069 3060 1159 3115 50.
1196 3062 1344 3114 sect.
1377 3061 1432 3113 7.
1468 3072 1639 3113 num.
1674 3059 1727 3112 8.

246 3295 325 3347 34·
570 3243 759 3313 Haec
814 3242 940 3315 est
974 3237 1276 3332 positio
1337 3257 1519 3310 cum
1584 3235 1815 3308 modo
1853 3254 2025 3314 suo,

148 3361 413 3422 R''¹”'⁰⁶‘²‘
479 3379 653 3451 quae
698 3357 923 3451 ponit
1006 3360 1323 3448 tempus
1390 3355 1863 3425 discretum.
1941 3354 2028 3422 In

173 3447 179 3452 ·
198 3425 389 3473 Ductor

131 3486 321 3548 aliqva
350 3502 419 3562 (ηι-
475 3475 623 3547 hac
669 3478 945 3547 autem
980 3471 1386 3564 positione
1425 3469 1685 3541 multa
1732 3485 2031 3559 ponun-

130 3552 434 3660 ⁸²‘¹''e'5·}.d'⁰‘
478 3596 639 3672 tur,
669 3612 843 3682 quae
877 3591 1116 3661 extra
1153 3587 1559 3658 rationem
1592 3585 1972 3657 videntur
2008 3611 2023 3655 z

479 3706 921 3798 sicutquod
956 3704 1311 3794 Angelus
1354 3723 1513 3774 non
1546 3705 1670 3774 est
1709 3700 1781 3770 in
1819 3700 2023 3780 Ioco,

478 3823 636 3896 nisi
714 3842 860 3914 per
930 3818 1516 3912 operationem,
1623 3815 1829 3906 quod
1904 3818 2028 3886 est

171 3947 188 3967 ·
270 3946 426 4016 loquo
481 3938 882 4013 articulus
978 3935 1557 4008 condemnatus
1619 3934 1675 4000 ·.
1805 3930 2027 4002 Sicut

146 4015 456 4120 ἒὲἷῖῧῖηῗὲη-
485 4056 691 4148 quod
734 4055 998 4148 potest
1044 4049 1357 4123 moveri
1399 4047 1496 4120 ab
1529 4051 1895 4121 extremo
1947 4046 2027 4119 in

156 4134 403 4266 ςιὲἶιῖῑῗῖἓ,
481 4177 967 4252 extremum,
1024 4168 1214 4261 quin
1256 4170 1633 4238 transeat
1677 4185 1821 4257 per
1870 4185 2025 4236 me·

129 4257 438 4384 ‘'Zffoffif'niff
476 4289 692 4361 dium
721 4344 737 4370 ,
774 4290 850 4360 et
894 4287 1054 4360 ista
1088 4283 1445 4374 longiori
1495 4302 1640 4375 per
1699 4302 1783 4353 se
1838 4279 2025 4352 indi-

154 4385 431 4496 S‘I1,‘·‡,;,3³,{,‚
481 4410 670 4497 gent
702 4401 1384 4499 perscrutatione,
1464 4403 1541 4471 et
1588 4399 1843 4471 multa
1911 4401 2024 4469 ta-

128 4509 432 4634 gssissecff’.
478 4522 615 4606 lia,
662 4541 836 4613 quae
907 4519 986 4591 in
1049 4516 1208 4591 ista
1268 4515 1716 4607 quaestione
1779 4514 2025 4586 iuclu-

208 4648 258 4681 “·
297 4633 344 4682 3·
476 4641 801 4722 duntur,
864 4636 955 4709 de
989 4634 1277 4726 quibus
1312 4653 1472 4704 non
1506 4635 1630 4704 est
1668 4651 2022 4723 praesens

135 4809 403 4862 Quomodo
476 4754 818 4828 intentio
876 4752 1319 4844 disputare.
1368 4747 1589 4831 Quod
1623 4753 1894 4820 autem
1919 4746 2024 4819 di·

129 4887 423 4986 ‘2’32555212
476 4873 717 4954 citur,
792 4869 996 4962 quod
1060 4866 1503 4962 applicatio
1575 4863 1861 4954 Angeli
1930 4863 2024 4933 ad

134 4996 421 5075 tecnoftn-
476 4991 747 5063 locum
791 4988 878 5059 fit
937 4986 1019 5059 in
1083 5005 1242 5056 uno
1303 4982 1670 5063 instanti,
1751 4985 1829 5054 et
1893 5000 2023 5072 ap-

213 5062 336 5124 ⁹⁶²²'
478 5103 813 5200 plicatio
860 5103 941 5175 in
981 5100 1233 5173 alium
1268 5099 1538 5172 locum
1595 5097 1681 5169 fit
1739 5098 1815 5169 in
1859 5096 2021 5168 alio

475 5221 840 5302 instanti,
886 5240 986 5292 ex
1028 5216 1313 5310 quibus
1348 5219 1669 5307 tempus
1730 5214 2024 5286 discre-

473 5345 647 5415 tum
734 5333 1279 5428 componitur,
1328 5332 1533 5423 quod
1605 5333 2024 5402 mensurat

467 5452 1067 5529 successionem
1188 5447 1477 5523 talium
1554 5445 2026 5539 applicatio-

474 5595 666 5648 num
709 5601 723 5644 :
779 5568 1066 5644 adhoc
1119 5568 1304 5639 sunt
1376 5563 2027 5639 inconvenientia

1684 391 1785 454 DE
1830 391 2094 456 RERUM
2139 388 2526 455 PRINCIPIO

2147 552 2525 645 superius
2628 552 2952 626 inducta
3030 552 3288 628 multa
3368 551 3447 626 in
3538 549 3704 626 ista

2147 671 2616 763 quaestione.
2713 673 2935 755 Quod
3023 676 3298 746 autem
3402 673 3706 746 dicitur

2147 789 2353 879 quod
2389 789 2766 880 quaelibet
2802 789 3251 863 intellectio
3289 810 3702 862 mensura-

2145 905 2286 973 tur
2357 923 2511 975 uno
2577 905 2918 979 instanti
2999 909 3551 998 permanente,
3623 909 3704 978 et

2143 1019 2510 1102 dur·ante,
2560 1021 2861 1112 absque
2928 1021 3288 1093 omnium
3335 1019 3704 1114 partiali-

2144 1137 2314 1208 tate
2380 1138 2735 1228 partium
2820 1137 3500 1230 permanentium,
3573 1138 3701 1209 vel

2147 1255 2821 1337 successivarum,
2857 1256 3707 1348 quoruminstantium

2145 1371 2297 1442 sibi
2359 1372 2704 1444 invicem
2775 1373 3399 1453 succedentium,
3465 1373 3544 1443 in
3618 1394 3704 1442 se

2145 1491 2417 1560 tamen
2500 1489 3187 1581 permanentium,
3291 1488 3696 1561 successio

2145 1607 2269 1676 est
2309 1607 2628 1697 tempus
2661 1606 3132 1679 discretum.
3175 1608 3342 1678 Hoc
3389 1626 3546 1676 non
3581 1605 3698 1676 vi—

2144 1721 2380 1793 detur
2432 1720 2729 1794 habere
2818 1722 3179 1814 aliquam
3260 1722 3691 1796 rationem.

2147 1842 2344 1947 (pum
2379 1838 2617 1922 enim,
2648 1845 2734 1913 ut
2765 1839 3061 1922 dieunt,
3103 1839 3697 1913 intellectiones

2147 1956 2340 2027 totae
2377 1955 2564 2037 sint,
2601 1961 2680 2030 et
2711 1957 3000 2031 durent
3038 1957 3115 2028 in
3153 1978 3235 2029 se
3262 1956 3693 2030 secundum

2153 2072 2414 2161 magis
2521 2077 2601 2146 et
2674 2074 2963 2156 minus,
3025 2074 3264 2165 juxta
3329 2075 3696 2146 volunta-

2147 2191 2310 2261 tem
2373 2191 2683 2281 Angeli,
2737 2213 2880 2264 nec
2940 2212 2985 2263 a
3047 2214 3129 2264 se
3178 2192 3694 2285 dependeant,

2148 2322 2289 2374 nec
2344 2304 2889 2378 variationem
2966 2304 3040 2376 in
3115 2326 3198 2376 se
3269 2305 3693 2397 recipiant,

2149 2439 2308 2490 non
2350 2421 2580 2492 video
2653 2443 2904 2513 quare
2967 2443 3126 2493 non
3194 2422 3472 2495 debeat
3511 2422 3692 2504 dici,

2149 2537 2355 2628 quod
2399 2538 2772 2629 quauibet
2809 2538 3251 2612 intellectio
3280 2559 3451 2610 aevo
3488 2559 3695 2612 men-

2151 2658 2551 2728 suratur:
2628 2657 2815 2747 quia
2910 2657 3122 2737 dato,
3203 2657 3406 2749 quod
3479 2659 3694 2729 Deus

2148 2775 2472 2844 crearet
2543 2793 2787 2843 unum
2862 2773 3453 2863 Angelumuno
3516 2775 3693 2846 solo

2146 2886 2267 2958 die
2307 2888 2762 2966 durantem,
2801 2891 2878 2959 et
2915 2893 3097 2981 post
3143 2889 3370 2960 illum
3415 2890 3689 2965 alium.

2148 3004 2308 3075 alio
2353 3004 2528 3074 solo
2559 3004 2681 3076 die
2721 3004 3174 3088 durantem,
3212 3010 3289 3077 et
3344 3006 3458 3079 sic
3511 3029 3697 3099 quo·

2149 3120 2341 3193 libet
2401 3121 2523 3191 die
2595 3127 2920 3196 crearet
2989 3143 3235 3194 unum
3273 3124 3693 3214 Angelum,

2147 3242 2224 3310 et
2261 3238 2599 3330 quilibet
2657 3241 2993 3314 duraret
3062 3261 3222 3313 uno
3311 3243 3487 3314 solo
3545 3243 3692 3321 die,

2147 3354 2401 3427 adhuc
2447 3355 2565 3429 illi
2603 3362 3188 3429 mensurantur
3235 3377 3408 3429 {evo
3464 3379 3695 3451 prop·

2146 3475 2274 3544 ter
2319 3471 2850 3554 identitatem,
2913 3477 2990 3545 et
3028 3474 3556 3556 simultatem,
3595 3477 3693 3547 si-

2144 3610 2237 3658 ve
2287 3613 2442 3669 esse,
2483 3590 2690 3680 quod
2751 3594 2940 3663 tunc
2985 3596 3202 3664 esset
3237 3591 3478 3663 simul
3520 3592 3689 3664 abs·

2145 3725 2294 3795 que
2340 3706 2875 3786 successione,
2946 3708 3313 3797 quamvis
3384 3709 3686 3781 coexis-

2143 3825 2355 3894 teret
2400 3822 2612 3914 parti
2652 3823 2916 3894 nostri
2961 3825 3383 3916 temporis,
3430 3827 3546 3898 Ita
3578 3826 3686 3898 vi-

2139 3937 2376 4010 detur
2409 3939 2612 4030 quod
2686 3944 2958 4032 posset
3001 3940 3155 4013 dici
3209 3942 3299 4012 (10
3342 3942 3688 4017 intellec·

2141 4054 2524 4137 tionibus,
2591 4077 2764 4147 quaa
2828 4062 3015 4130 sunt
3077 4058 3343 4139 51111111,
3414 4065 3493 4132 et
3550 4061 3685 4132 du-

2144 4176 2354 4252 rant,
2391 4176 2467 4244 et
2518 4173 2733 4266 parti
2779 4173 3046 4247 nostri
3081 4175 3479 4268 temporis
3512 4196 3687 4248 coe-

2141 4287 2483 4361 xistunt.

2229 4403 2491 4476 Aliter
2557 4404 2831 4478 dicunt
2901 4406 3040 4478 alii
3119 4407 3293 4480 dari
3362 4411 3685 4501 tempus
3840 4451 3950 4505 35·

2135 4521 2604 4594 discretum.
2641 4520 2933 4594 Dicunt
2975 4523 3213 4605 enim,
3252 4527 3460 4616 quod
3493 4530 3683 4600 tem-
3714 4512 3855 4560 ‘¹¹⁶⁰‘
3901 4521 4049 4580 ‘'P“

2139 4658 2286 4729 pus
2322 4637 2412 4708 de
2464 4636 2784 4710 ratione
2855 4661 3000 4710 sua
3081 4660 3462 4713 mensura
3529 4578 4034 4722 estfssf'a-e‘ssssff

2141 4752 2438 4825 habens
2467 4758 2661 4844 prius
2720 4759 2799 4828 et
2830 4761 3181 4845 posterius,
3211 4763 3289 4832 et
3316 4758 3464 4830 hoc
3498 4779 3679 4831 cum
3737 4706 4040 4815 13ῗέἷέἶῖ

2140 4870 2678 4952 successione,
2727 4870 2937 4946 sicut
2982 4872 3152 4965 ipsc
3198 4877 3491 4956 motus,
3557 4895 3686 4946 cu-

2130 4986 2264 5078 jus
2297 4990 2418 5058 est
2466 5008 2848 5060 mensura
2890 5015 2902 5059 :
2952 5010 3161 5062 nunc
3211 4996 3484 5066 autem
3556 5013 3686 5064 ra.-

2139 5103 2253 5177 tio
2301 5104 2632 5196 prioris,
2679 5109 2758 5178 et
2822 5107 3338 5198 posterioris,
3378 5115 3465 5182 ut
3500 5115 3687 5183 sunt

2141 5220 2217 5293 in
2266 5221 2806 5305 successione,
2854 5230 3352 5316 componunt
3385 5225 3685 5298 forma·

2141 5335 2331 5407 liter
2388 5340 2775 5408 naturam
2835 5338 3258 5430 temporis.
3302 5343 3504 5408 Prius
3554 5361 3686 5411 au-

2139 5456 2301 5524 tem
2410 5455 2486 5525 et
2607 5458 2934 5542 posterius
3039 5475 3201 5528 non
3318 5458 3504 5527 sunt
3606 5456 3685 5527 in

2141 5571 2362 5639 motu
2440 5569 2830 5644 continuo
2872 5575 3329 5654 numerata,
3377 5572 3539 5646 nisi
3598 5574 3678 5646 in
