4252 6393
668 416 784 480 758

643 582 727 652 tu
766 599 865 649 ex
908 579 1202 669 quarta
1271 579 1350 649 et
1418 574 2055 666 decimaquarta,
2115 577 2196 647 et

644 715 802 768 non
846 692 986 765 alii
1065 695 1143 764 et
1208 693 1348 764 alii
1409 696 1770 773 naturfe3
1843 710 2041 781 ergo
2093 690 2196 761 ei-

643 814 847 886 dem.
913 810 1325 884 Probatur
1401 809 1698 890 minor,
1765 808 1953 900 quia
2007 812 2194 881 tunc

647 929 923 1002 multae
982 932 1300 1001 naturae
1373 931 1645 999 essent
1715 949 1970 994 necesse
2034 949 2192 1006 esse,

571 1091 576 1100 ι
644 1068 741 1118 cx
780 1046 1126 1119 secunda
1162 1043 1720 1138 propositione
1772 1062 2196 1133 argumen-

304 5304 480 5362 Concl.
514 5311 590 5362 16.

418 5626 494 5677 11.

645 1162 906 1256 tiJam
939 1163 1158 1236 facti.
1201 1164 1429 1243 Item,
1479 1162 1875 1254 probatur
1911 1180 2197 1253 propo-

650 1281 897 1356 situm
935 1300 1079 1374 per
1114 1278 1719 1360 incausaibileim
1776 1277 1962 1370 quia
2008 1276 2196 1348 illud

655 1402 778 1470 est
824 1395 1146 1471 unicum
1182 1396 1563 1489 primum,
1613 1394 2017 1486 quodlibet
2043 1392 2198 1465 dic-

649 1518 822 1588 tum
889 1517 1013 1586 est
1087 1512 1616 1593 incausabile,
1692 1530 1968 1602 quare,
2042 1515 2193 1583 etc.

649 1630 920 1722 Major
987 1629 1408 1722 probatur,
1477 1628 1871 1720 quomodo
1930 1627 2196 1701 multi-

648 1748 837 1823 tudo
887 1750 1011 1820 est
1047 1766 1091 1816 a
1151 1768 1235 1818 se
1275 1751 1310 1816 ¹?
1371 1748 1540 1820 Ista
1615 1745 2027 1819 conclusio
2072 1750 2196 1818 est

644 1860 874 1932 valde
910 1878 1386 1953 praegnans;
1423 1880 1610 1931 nam
1655 1880 1792 1929 sex
1835 1859 2195 1932 eontinet

648 1977 728 2050 in
759 1976 1093 2058 virtute,
1133 1981 1303 2049 tres
1353 1975 1444 2048 dc
1496 1977 1807 2050 unitate
1851 1982 2190 2056 naturam

647 2094 775 2168 eui
810 2092 1017 2165 inest
1043 2091 1420 2184 primitas
1447 2113 1970 2184 (punctimque
2000 2113 2195 2185 prte-

644 2209 882 2292 dicta‚
918 2214 996 2283 et
1039 2215 1210 2286 tres
1251 2212 1342 2283 de
1400 2208 1819 2282 identitate
1876 2213 2195 2283 naturae

649 2327 763 2400 sic
801 2327 1110 2420 primae,
1140 2328 1235 2400 ad
1267 2331 1651 2399 naturam
1688 2324 1800 2398 sic
1845 2324 2193 2418 primam

647 2444 1195 2537 comparando
1261 2443 1602 2515 invicem
1703 2442 2191 2534 primitates.

649 2564 749 2635 Et
780 2560 950 2634 haec
1005 2562 1118 2633 ita
1179 2579 1609 2653 praegnans
1667 2580 1810 2652 per
1879 2564 2192 2632 sextam

649 2675 935 2756 solam,
1027 2675 1258 2766 quasi
1335 2676 1760 2768 majorem,
1837 2682 2191 2749 ostensa.

649 2791 989 2883 Expedit
1013 2796 1284 2865 autem
1328 2792 1420 2863 ad
1463 2814 1598 2863 sex
1636 2793 2195 2865 conclusiones

653 2908 1082 2999 praedictas
1119 2908 1501 3002 proprias
1545 2908 1748 2981 alias
1798 2910 2195 3002 exprime.-

651 3044 763 3106 rc‚
811 3023 879 3096 si
928 3046 1101 3117 quae
1148 3029 1534 3117 poterunt
1581 3026 1951 3100 inveniri.

1121 3253 1568 3311 SCHOLIUM
1617 3255 1719 3311 IV.

723 3439 952 3495 Ultima
991 3441 1304 3498 conclusio
1350 3442 1617 3499 ostendit
1665 3443 1828 3500 idem
1871 3459 1989 3499 non
2023 3459 2199 3515 po<se

650 3537 1072 3593 essentialiter
1103 3538 1452 3609 dependere
1476 3539 1553 3595 ad
1574 3539 1696 3596 duo
1727 3541 2015 3607 totaliter,
2051 3544 2199 3612 quia

653 3647 814 3688 unus
844 3635 1099 3690 effectus
1121 3650 1240 3691 non
1266 3641 1464 3705 potest
1495 3652 1627 3692 esse
1657 3653 1690 3694 a
1724 3638 1961 3694 duabus
1993 3640 2197 3694 causis

649 3730 946 3788 totalibus
993 3732 1271 3801 ejusdem
1323 3736 1604 3802 rationis,
1650 3740 1715 3791 ut
1764 3736 1947 3793 habet
1989 3738 2034 3793 1.
2069 3736 2199 3791 dis-

651 3829 825 3885 tinct.
857 3831 910 3886 2.
936 3844 996 3901 q.
1016 3832 1071 3886 2.
1097 3845 1270 3888 num.
1308 3833 1393 3887 19.
1427 3838 1486 3889 et
1516 3838 1548 3886 2
1580 3833 1853 3890 distinct.
1887 3838 1940 3890 3.
1974 3839 2195 3905 quaest.

650 3928 705 3984 4.
739 3932 799 3983 et
829 3929 1083 3999 passim.
1121 3931 1202 3985 Ex
1235 3946 1357 4001 quo
1391 3932 1604 4002 probat
1634 3935 1837 4004 primo
1881 3935 2196 4004 triplicem

652 4024 829 4081 illam
870 4027 1254 4097 primitatem
1303 4030 1403 4099 (de
1443 4045 1563 4101 qua
1613 4032 1886 4088 conclus.
1935 4032 2045 4097 15.)
2088 4035 2195 4088 uni

651 4127 895 4179 tantum
928 4129 1169 4181 naturae
1202 4128 1423 4183 inesse.
1459 4128 1761 4197 Secundo,
1814 4129 1924 4185 has
1975 4130 2200 4199 primi-

651 4225 826 4288 tate8‚
860 4222 1098 4279 scilicet
1128 4223 1496 4292 efficientia),
1538 4226 1700 4294 flniS,
1734 4232 1796 4283 et
1842 4228 2199 4284 eminentiae

657 4319 1105 4391 inseparabiles
1136 4337 1288 4380 esse.
1320 4324 1548 4391 Tertio,
1583 4340 1764 4381 unam
1807 4330 2049 4383 tantum
2084 4342 2202 4382 na-

655 4422 860 4476 turam
893 4421 1161 4477 existere
1193 4425 1488 4493 primam,
1522 4424 1631 4480 illa
1663 4428 1828 4481 trina
1883 4427 2200 4497 primitate

653 4516 729 4573 ad
760 4533 999 4575 omnem
1031 4520 1251 4589 aliam,
1292 4527 1351 4578 et
1380 4524 1469 4578 sie
1497 4538 1710 4579 omnes
1741 4526 1898 4582 alias
1927 4541 2060 4583 esse
2092 4529 2200 4583 illa

653 4617 1046 4687 posteriores,
1069 4619 1426 4689 tripliciter.
1461 4624 1788 4678 Discursus
1813 4627 2083 4681 Doctoris
2106 4640 2204 4681 su·

653 4727 768 4785 pra
799 4712 1143 4771 humanum
1184 4716 1511 4787 ingenium
1559 4720 1895 4779 ascendere
1927 4722 2199 4780 videtur.

739 4900 852 4971 Ad
893 4901 1089 4974 duas
1134 4904 1444 4995 primas
1478 4907 2039 4981 conclusiones
2078 4929 2198 4980 os-

646 5016 1073 5092 tendendas
1135 5023 1549 5114 praemitto
1610 5046 1849 5097 unam
1883 5026 2198 5099 conclu-

648 5136 959 5209 sionem
993 5140 1242 5211 talem
1284 5163 1297 5207 :

735 5259 1144 5344 Impossibile
1182 5272 1274 5325 est
1310 5260 1482 5325 idem
1541 5260 1629 5325 ced
1670 5259 1798 5325 duo
1823 5262 2197 5326 essentiali·

646 5381 746 5439 ter
782 5373 1171 5460 dependere,
1222 5374 1312 5441 ad
1343 5395 1622 5462 quorum
1645 5386 2017 5461 uerumque,
2053 5379 2195 5462 ejus

645 5489 1095 5576 dependentia
1127 5495 1519 5559 terminetur
1550 5493 1868 5559 totaliter.

732 5611 922 5683 naeo
1000 5606 1399 5699 probatur
1459 5607 1623 5683 sic:
1697 5607 1873 5678 Una
1944 5625 2191 5680 causa

1845 415 1947 476 DE
1995 413 2240 477 ΡΙίΙΜΟ
2289 411 2679 474 ruiNcwio

2315 572 2553 647 totali
2621 575 3009 648 causante
3075 572 3377 666 aliquid
3447 572 3523 644 in
3586 573 3857 665 aliquo

2312 711 2607 780 genere
2701 711 3002 771 causae,
3128 689 3628 783 impossibile
3734 695 3856 762 est

2312 806 2556 878 aliam
2621 826 2964 879 causare
3014 807 3220 880 idem
3274 806 3349 879 in
3410 807 3689 879 eodem
3730 827 3855 899 ge·

2309 945 2502 996 nere
2537 944 2829 1007 causae,
2860 924 3047 1015 quia
3072 927 3263 997 tunc
3289 923 3491 996 idem
3523 923 3646 996 bis
3679 943 3855 996 cau-

2312 1062 2395 1112 sa
2412 1045 2665 1124 retur,
2712 1043 2835 1114 vel
2879 1045 3173 1116 neutra
3204 1043 3421 1114 esset
3453 1061 3703 1114 causa
3735 1045 3858 1114 to-

2313 1156 2528 1229 talis.
2576 1156 2973 1231 Similiter
3006 1157 3196 1232 illud
3226 1160 3414 1229 tuno
3445 1161 3853 1237 causaret,
3884 1158 4019 1208 mem
4037 1161 4179 1222 effec-

2312 1292 2467 1363 quo
2495 1293 2649 1343 non
2686 1278 3097 1354 causante,
3144 1271 3676 1345 nihilominus
3735 1295 3859 1345 es-
3899 1229 4163 1345 ιξῗῖειῗοῗε-

3883 1361 3936 1392 se
3961 1360 3995 1393 α
4027 1348 4102 1396 du
4124 1365 4178 1392 o·

2313 1392 2432 1462 set
2467 1393 2918 1470 causatum,
2959 1390 3166 1481 quod
3205 1393 3331 1462 est
3375 1390 3854 1471 absurdum3
3887 1406 3973 1455 bus
4004 1411 4180 1482 camis

2312 1506 2553 1579 etita
2625 1507 3124 1600 impossibile
3186 1512 3310 1581 est
3389 1508 3592 1581 idem
3673 1527 3858 1600 qua·
3908 1471 4155 1581 ‚32¹2ssssssss

2310 1643 2651 1715 cumque
2708 1624 3232 1719 dependentia
3306 1625 3748 1719 dependere
3812 1647 3855 1697 a
3909 1609 4113 1656 ‘'num'‘

2309 1741 2638 1825 duobus,
2679 1765 3025 1834 quorum
3086 1745 3437 1815 alterum
3485 1743 3664 1837 ejus
3731 1745 3854 1816 de-

2312 1858 2818 1950 pendentiam
2899 1861 3387 1934 terminaret
3454 1860 3854 1942 totaliter,

2302 1975 2471 2067 jam
2508 1977 2717 2048 enim
2772 1977 3123 2051 alterum
3158 1998 3315 2050 non
3361 1977 3861 2052 sufficienter

2308 2091 2822 2175 terminaret,
2879 2093 2945 2165 si
2989 2093 3243 2166 adhuc
3286 2094 3381 2166 ad
3452 2094 3856 2187 reliquum

2308 2209 2811 2301 dependeret.
2877 2209 3275 2282 Similiter
3335 2215 3522 2284 tunc
3580 2211 3861 2304 depen-

2308 2326 2534 2399 deret
2586 2327 2677 2397 ad
2730 2325 3056 2418 aliquid,
3095 2348 3253 2419 quo
3287 2347 3446 2399 non
3505 2327 3860 2401 existen-

2311 2445 2411 2522 te,
2488 2441 3015 2515 nihilominus
3110 2447 3327 2516 esset
3423 2446 3857 2519 secundum

2308 2559 2674 2631 eumdem
2718 2560 3082 2632 ordinem
3122 2560 3459 2641 essendi,
3497 2561 3707 2652 quod
3738 2567 3862 2636 est

2311 2678 2599 2749 contra
2658 2677 3059 2749 rationem
3115 2677 3683 2769 dependentiae,
3751 2679 3860 2751 in-

2312 2794 2743 2885 telligendo
2815 2796 3021 2886 quod
3073 2794 3603 2869 nihilominus
3643 2801 3865 2870 esset

2312 2912 2743 2984 secundum
2804 2913 3173 2984 eumdem
3245 2912 3632 2985 ordinem.
3690 2914 3864 2988 Hac

2309 3026 2830 3101 conclusione
2900 3032 3253 3111 ostensa,
3362 3049 3570 3102 nune
3658 3031 3860 3105 duas

2313 3143 2622 3237 primas
2669 3145 2743 3218 in
2793 3145 3106 3219 decima
3165 3144 3409 3219 simul
3473 3144 3859 3231 inclusas,

2309 3261 2400 3331 de
2449 3261 2720 3334 causis
2767 3262 3235 3336 intrinsecis
3273 3282 3641 3356 propono
3686 3265 3803 3338 sic
3840 3294 3855 3337 :

2309 3380 2461 3451 Uni
2508 3380 2659 3452 soli
2705 3384 3023 3453 naturae
3068 3382 3279 3456 inest
3331 3404 3863 3477 quaecumque
3921 3393 4177 3468 Pulsan-

2314 3494 2692 3590 primitas
2754 3517 3020 3569 causae
3078 3497 3561 3573 extrinsecae
3619 3502 3859 3574 unius
3904 3465 4179 3582 ‘1‘3'1312132'2‘

2316 3613 2687 3686 rationis.
2734 3614 3168 3699 Probatur,
3242 3616 3429 3709 quia
3488 3618 3555 3689 si
3613 3597 4199 3709 pluri-5532?

2311 3727 2456 3797 bus
2522 3728 2713 3802 insit
2782 3731 2972 3803 talis
3027 3732 3428 3824 primitas,
3494 3737 3633 3805 aut
3696 3754 3861 3805 res-

2313 3847 2544 3929 pectu
2590 3848 3053 3920 eorumdem
3090 3849 3670 3941 posteriorum,
3716 3855 3863 3923 aut

2312 3962 2667 4035 aliorum
2706 3991 2719 4035 :
2766 3985 2926 4038 non
2971 3966 3236 4058 primo
3273 3966 3533 4048 mod0‚
3580 3988 3675 4037 ex
3729 3967 3865 4038 de-

2313 4080 2520 4153 cima
2561 4086 2793 4155 sexta
2826 4084 2999 4175 ‘iam
3046 4082 3499 4177 praemissa.
3566 4082 3866 4156 simili-

2315 4201 2441 4270 ter
2503 4199 2579 4271 in
2634 4199 2990 4291 quolibet
3064 4200 3509 4292 posteriori
3589 4207 3867 4277 essent

2311 4315 2481 4388 duce
2514 4317 3055 4411 dependentia}
3089 4319 3448 4412 ejusdem
3484 4320 3865 4401 rationis,

2316 4435 2503 4526 quia
2562 4437 2655 4507 ad
2731 4435 2883 4506 duo
2952 4434 3215 4528 prima
3290 4456 3450 4507 non
3518 4441 3643 4509 est
3702 4457 3869 4509 una

2312 4550 2860 4645 dependentia.
2955 4556 3470 4645 Consequens
3535 4556 3658 4625 est
3749 4552 3872 4625 in·
3901 4570 4185 4658 senense--

2313 4670 2823 4742 conveniens.
2861 4673 3025 4743 Nec
3070 4670 3415 4742 secundo
3461 4670 3692 4742 modo
3727 4690 3871 4762 po·
3940 4633 4201 4768 ’,ῧῗιῖᾆῗ

2318 4789 2474 4858 test
2520 4786 2947 4879 p0n1,quia
2993 4787 3056 4858 si
3103 4786 3241 4867 sic,
3297 4787 3393 4859 au
3467 4786 3656 4858 tund
3700 4764 4200 4878 pri-⁸2:¹33?

2317 4924 2532 4974 mum
2579 4907 2658 4977 et
2702 4904 3055 4975 aliorum
3121 4903 3476 4984 illorum,
3523 4906 3604 4976 et
3663 4903 3873 4975 alio·

2316 5042 2495 5094 rum
2531 5025 2654 5093 est
2691 5021 2905 5092 aliud
2943 5020 3436 5101 universum,
3475 5019 3659 5111 quia
3723 5040 3873 5090 en-

2313 5139 2423 5210 tia
2492 5137 2647 5211 ista
2706 5143 2784 5210 et
2829 5137 2992 5219 illa,
3050 5157 3205 5209 non
3269 5135 3876 5209 ordinabuntur

2314 5254 2526 5325 inter
2594 5276 2700 5333 se,
2745 5274 2889 5325 nec
2950 5254 3041 5324 ad
3090 5252 3289 5324 idem
3337 5277 3352 5334 ;
3413 5252 3585 5324 sine
3643 5249 3869 5323 enim

2312 5371 2622 5444 unitate
2658 5368 2963 5441 ordinis
3006 5389 3164 5441 non
3221 5371 3345 5441 est
3382 5367 3650 5438 unitas
3690 5367 3874 5440 uni-

2305 5488 2552 5559 versi.
2615 5487 2833 5558 Unde
2899 5485 2976 5557 in
3014 5486 3189 5578 ipso
3239 5485 3393 5556 fine
3436 5503 3595 5555 uno
3632 5484 3875 5575 ponit

2308 5605 2794 5679 Aristoteles
2828 5608 2933 5676 12.
2982 5606 3279 5694 Metaph.
3338 5614 3499 5671 text.
3536 5624 3701 5669 com.
3746 5603 3869 5674 52.
