4252 6393
91 579 364 639 quamper

73 637 379 679 maternam.

109 4452 345 4505 Conclun.

87 4515 157 4566 10.

115 4686 351 4814 Ιηῗῖξὶίτα

112 4814 376 4887 perfectio

100 4888 172 4921 an
268 4892 376 4924 ³⁸2-

137 4936 187 4985 en·
213 4940 261 4986 is
289 4939 351 4986 in

108 5001 383 5125 3¹3²ssssss

186 5133 244 5172 ta
271 5126 297 5171 Ρ

1807 407 2065 475 CAPUT
2104 409 2208 472 IV.

408 585 568 639 non
602 567 696 639 ad
740 565 994 643 illam.
1033 590 1193 642 non
1239 569 1571 642 finitur:
1623 569 1950 644 fallacia

406 690 532 758 est
604 688 1217 778 consequentis.
1300 691 1616 781 Corpus
1667 689 1951 764 finitur

407 802 504 874 ad
534 822 869 896 corpus;
923 824 1122 894 ergo
1178 806 1245 877 si
1292 826 1451 878 non
1486 806 1582 877 ad
1623 826 1948 900 corpuS,

407 923 530 992 est
583 920 1014 995 infinitum.
1073 922 1503 1015 Sophisma
1546 927 1672 996 est
1720 923 1950 998 tertii

408 1034 948 1127 physicorum
986 1064 1000 1107 :
1041 1039 1228 1130 quia
1273 1060 1571 1131 corpus
1609 1041 1836 1133 prius
1874 1041 1953 1112 in

409 1177 493 1226 56
525 1155 833 1238 finitur,
873 1156 988 1231 ita
1020 1157 1289 1230 forma
1323 1158 1553 1232 finita
1600 1159 1829 1251 prius
1874 1158 1954 1229 in

411 1291 520 1352 se,
550 1272 779 1345 finita
804 1278 930 1348 est
968 1330 983 1354 ‚
1022 1274 1209 1365 quia
1236 1275 1551 1348 scilicet
1578 1275 1806 1368 prius
1831 1278 1955 1348 cst

408 1387 601 1460 talis
633 1395 931 1463 natura
966 1390 1043 1461 in
1076 1390 1422 1476 entibus,
1460 1412 1699 1484 quam
1732 1392 1955 1464 finia-

412 1505 552 1575 tur
599 1526 743 1597 per
789 1507 1227 1580 materiam
1285 1535 1301 1577 z
1367 1528 1554 1579 nam
1610 1510 1957 1582 secunda

411 1622 684 1694 finitas
710 1626 1270 1717 praesupponit
1293 1626 1668 1717 primam,
1694 1631 1775 1699 et
1796 1646 1957 1698 non

404 1742 688 1812 causat
756 1761 976 1820 eam;
1043 1742 1272 1835 prius
1305 1763 1505 1833 ergo
1542 1743 1621 1815 in
1682 1742 1956 1833 aliquo

411 1856 644 1946 signo
705 1862 1024 1931 naturae
1082 1863 1204 1930 est
1268 1860 1624 1933 essentia
1685 1859 1952 1932 finita:

413 1992 611 2065 ergo
644 1993 807 2046 non
836 1978 963 2047 est
994 1973 1325 2046 finibilis
1361 1996 1506 2068 per
1537 2000 1671 2044 esse
1691 2004 1711 2056 ,·
1752 1993 1956 2066 ergo

421 2091 502 2162 in
557 2093 904 2165 secundo
957 2093 1193 2184 signo
1263 2113 1419 2165 non
1469 2093 1758 2165 finitur
1817 2113 1962 2185 per

413 2231 570 2278 esse.
627 2209 1007 2284 Breviter
1054 2210 1232 2282 dico
1291 2230 1534 2282 unam
1590 2208 1960 2302 proposi-

412 2325 746 2408 tionem,
785 2328 990 2419 quod
1037 2348 1561 2420 quaecumque
1605 2325 1961 2399 essentia

417 2442 787 2518 absolute
829 2443 1054 2517 finita
1107 2445 1184 2516 in
1231 2465 1314 2515 se
1377 2447 1502 2518 est
1553 2443 1808 2525 finita,
1873 2445 1959 2514 ut

414 2559 1082 2653 praeintelligitur
1112 2561 1328 2634 omni
1359 2558 1963 2653 comparationi

417 2677 541 2749 sui
583 2678 678 2751 ad
710 2678 959 2751 aliam
1010 2680 1477 2754 essentiam.

884 2888 1335 2947 SCHOLIUM
1413 2891 1487 2945 X.

489 3068 731 3124 Decima
763 3067 1080 3123 conclusio
1103 3082 1178 3122 ex
1210 3066 1519 3123 infinitate
1540 3067 1795 3138 probata
1816 3081 1965 3122 con-

417 3163 697 3222 clusione
730 3179 911 3233 nona,
941 3163 1213 3222 ostendit
1270 3165 1545 3236 primum
1606 3179 1717 3221 ens
1774 3166 1965 3222 omni-

419 3265 661 3323 modam
721 3263 950 3321 habere
1024 3264 1513 3335 simplicitatem,
1591 3278 1966 3337 omnemque

418 3362 754 3421 excludere
784 3364 1312 3435 compositionem.
1349 3362 1572 3418 Probat
1620 3363 1845 3433 prim0,
1888 3362 1964 3419 de

417 3462 861 3533 compositione
889 3459 1231 3516 essentiali.
1274 3458 1575 3527 Secundo,
1607 3458 1682 3514 ‹le
1712 3460 1968 3531 quanti-

418 3560 637 3628 tativa‚
666 3559 768 3615 ubi
808 3559 1127 3613 examinat
1175 3556 1478 3613 rationem
1532 3555 1881 3614 Aristotelis
1910 3560 1964 3613 8.

422 3659 739 3729 Physicor.
772 3658 1010 3713 scilicet
1037 3670 1127 3713 an
1165 3658 1447 3725 potentia
1479 3657 1739 3728 infinita
1775 3658 1970 3726 possit

418 3770 539 3811 esse
591 3758 659 3811 in
707 3755 1166 3825 maqnitudine,
1199 3757 1258 3809 et
1287 3768 1477 3824 quam
1517 3755 1646 3810 vim
1680 3754 1862 3810 habet
1891 3753 1968 3810 ad

421 3856 833 3925 propositum,
876 3851 952 3909 de
973 3867 1097 3923 quo
1119 3852 1322 3907 fusius
1344 3854 1475 3922 agit
1499 3853 1549 3908 l.
1581 3852 1640 3908 d.
1664 3854 1719 3909 8.
1745 3856 1968 3924 quaest.

422 3952 474 4006 1.
509 3952 610 4008 ubi
642 3966 817 4007 num.
851 3952 905 4007 3.
941 3950 1119 4005 illam
1151 3950 1345 4005 etiam
1371 3951 1676 4006 rationem
1722 3953 1968 4007 tractat.

420 4051 647 4115 Tertio,
679 4049 899 4121 probat
927 4046 1003 4102 de
1050 4045 1444 4113 accidentali,
1496 4050 1644 4119 quia
1692 4048 1970 4118 primum

422 4161 533 4202 ens
565 4147 808 4202 nullius
840 4143 1184 4201 accidentis
1214 4159 1409 4216 capax
1440 4150 1554 4213 est,
1585 4144 1661 4200 de
1701 4161 1822 4217 quo
1861 4145 1970 4212 ibi,

424 4258 596 4301 num.
628 4246 681 4301 4.

517 4427 624 4491 Ex
660 4427 1011 4509 >insi-nitate
1053 4428 1351 4513 sequitur
1388 4424 1771 4491 omnimoda
1817 4426 1972 4490 sim-

426 4539 720 4624 plicium,
763 4542 1005 4625 prime,
1043 4541 1435 4616 intrinseca,
1473 4538 1868 4603 essentialia

521 4653 722 4736 Quia
780 4657 920 4726 aut
972 4654 1613 4745 componeretur
1658 4672 1754 4721 ex
1808 4651 1976 4722 lini-

431 4771 539 4845 tis
592 4771 671 4843 in
731 4792 840 4855 sc,
893 4774 1033 4842 aut
1094 4789 1191 4840 ex
1245 4767 1609 4841 infinitis.
1672 4767 1755 4840 Si
1821 4768 1975 4860 pri-

436 4908 656 4961 mum
684 4912 698 4968 ;
727 4906 929 4977 ergo
970 4886 1293 4959 finitum
1335 4913 1349 4955 z
1389 4885 1455 4957 si
1500 4887 1970 4967 secundum;

433 5023 634 5095 ergo
736 5024 927 5095 pars
999 5021 1164 5073 non
1250 5001 1520 5074 minor
1596 5004 1797 5075 toto.
1855 5004 1979 5074 Se-

433 5120 716 5199 cundo,
781 5118 985 5209 quod
1071 5138 1230 5190 non
1298 5117 1822 5209 componitur
1879 5138 1978 5189 ex

431 5235 795 5328 partibus
823 5231 1420 5324 quantitativis,
1465 5234 1978 5325 probaturex

430 5352 581 5425 hoc
655 5353 861 5444 quod
941 5351 1257 5423 infinita
1344 5350 1737 5442 perfectio
1818 5371 1978 5424 non

430 5475 554 5545 est
608 5471 685 5542 in
743 5470 1295 5560 magnitudine
1345 5470 1600 5551 finita,
1659 5471 1847 5561 quia
1898 5470 1978 5541 in

433 5589 745 5682 majore
776 5592 992 5661 esset
1029 5586 1296 5680 major
1326 5588 1616 5661 virtus.
1653 5587 1977 5662 Infinito

3479 414 3596 476 783

2064 581 2337 648 autem
2378 574 2579 647 nihil
2632 575 2922 668 maJus.
2960 576 3123 648 Nec
3169 577 3247 648 in
3309 575 3612 667 magni-

2062 692 2336 763 tudine
2369 690 2708 771 infinita,
2740 692 2927 782 quia
2958 690 3275 763 infinita
3310 692 3611 783 magni-

2063 808 2254 878 tudo
2308 829 2486 879 esse
2543 827 2702 879 non
2752 812 3044 899 potest.
3097 810 3281 881 Haec
3323 811 3447 880 est
3492 827 3614 878 ra-

2064 923 2182 995 tio
2211 923 2686 1017 Philosophi
2714 927 2776 996 8.
2809 928 3160 1012 Pleysicor.
3192 937 3347 995 ερατ.
3378 947 3607 990 comm.

2064 1043 2175 1112 78.
2222 1046 2300 1113 ot
2362 1043 2467 1113 12.
2522 1043 3035 1130 Melaphysicor.
3087 1054 3245 1108 teme.
3292 1064 3454 1109 com.
3502 1043 3610 1111 41.

2070 1158 2217 1230 Sed
2271 1157 2630 1231 instatur
2681 1182 2694 1225 :
2751 1157 2940 1248 quia.
2995 1157 3388 1250 perfectio
3442 1157 3615 1228 inli-

2067 1275 2240 1347 nita
2280 1279 2498 1348 esset
2531 1274 2888 1368 ejusdem
2925 1273 3273 1347 rationis
3318 1273 3397 1345 in
3440 1277 3614 1347 toto

2065 1397 2146 1465 et
2209 1392 2287 1491 in
2349 1396 2607 1484 parte,
2643 1394 2723 1463 et
2765 1390 2940 1462 ideo
2982 1411 3141 1462 non
3185 1390 3262 1462 in
3318 1391 3616 1481 majori

2071 1510 2343 1600 major
2386 1534 2400 1577 :
2441 1509 2652 1582 sicut
2689 1510 2919 1580 modo
2956 1508 3226 1579 anima
3265 1507 3617 1579 intellec-

2069 1625 2239 1697 tiva
2268 1627 2391 1696 est
2426 1625 3029 1718 perfectissima
3064 1624 3354 1703 forma,
3386 1628 3466 1697 et
3503 1622 3615 1695 ita

2074 1741 2436 1834 perfecta
2518 1745 2641 1814 est
2725 1740 2800 1813 in
2886 1740 3197 1812 modico
3264 1759 3617 1832 corpore

2073 1858 2285 1932 sicut
2312 1857 2391 1929 in
2417 1877 2736 1948 magno,
2764 1857 2947 1931 etin
2972 1861 3204 1949 parte
3230 1857 3609 1949 corporis

2074 1973 2285 2046 sicut
2319 1974 2394 2046 in
2428 1978 2602 2047 toto
2630 2000 2645 2043 ι
2674 1976 2750 2045 et
2788 1974 2855 2045 si
2890 1974 3149 2066 ipsam
3180 1973 3615 2045 secundum

2076 2112 2307 2162 suam
2349 2090 2789 2163 essentiam
2832 2093 3476 2181 consequeretur
3507 2089 3619 2159 in-

2073 2207 2305 2282 finita
2339 2207 2731 2301 potentia,
2771 2206 3080 2279 scilicet
3117 2204 3619 2296 intelligendi

2075 2325 2391 2398 infinita
2450 2323 3022 2415 intelligibilia,
3070 2324 3187 2399 ita
3241 2343 3619 2416 sequere-

2071 2447 2214 2514 tur
2266 2440 2571 2513 camin
2654 2438 3206 2531 magnitudine
3278 2438 3614 2520 modica,

2076 2557 2282 2650 quod
2310 2557 2377 2628 si
2428 2557 2694 2649 major
2724 2561 3192 2650 poneretur,
3220 2577 3379 2628 non
3402 2560 3619 2629 esset

2078 2675 2349 2767 major
2416 2672 2817 2767 potentia;
2873 2672 3041 2746 haec
3085 2673 3343 2764 igitur
3382 2691 3619 2763 nega-

2076 2794 2238 2872 tur,
2318 2794 2549 2859 Omnis
2610 2794 2909 2880 potentia
2976 2793 3048 2856 in
3132 2791 3616 2878 mayniludine,
3659 2799 3944 2891 Exponat-n·

2077 2914 2296 2997 major
2332 2922 2424 2976 ese
2472 2912 2548 2976 in
2600 2911 2868 2996 majori.
2920 2907 3166 2980 Ratio
3226 2896 3622 2978 Aristoto-
3655 2865 3969 2977 ramex.-

2077 3024 2179 3096 lis
2226 3024 2654 3097 coloratur
2687 3044 2832 3115 per
2872 3022 3048 3104 hoc,
3087 3023 3293 3114 quod
3333 3022 3625 3114 probat

2082 3141 2663 3234 perfectionem
2704 3140 2828 3212 vel
2868 3139 3313 3232 potentiam
3359 3139 3623 3211 infini-

2079 3263 2249 3331 tam
2300 3276 2459 3328 non
2515 3278 2692 3328 6556
2748 3256 2827 3327 in
2874 3255 3450 3347 magnitudine,
3508 3256 3624 3327 sic

2081 3373 2284 3463 quod
2389 3373 2878 3445 extendatur
2986 3391 3129 3462 per
3225 3371 3623 3450 accidens,

2081 3489 2288 3580 quod
2323 3488 2639 3563 scilicet
2668 3508 2860 3581 pars
2887 3487 2994 3561 sit
3029 3488 3110 3559 in
3135 3492 3410 3581 parte:
3442 3487 3630 3579 quia

2080 3610 2272 3679 tunc
2325 3605 2593 3696 major
2632 3608 2851 3678 esset
2897 3604 2976 3675 in
3036 3606 3213 3676 tota
3257 3624 3496 3695 quam
3550 3603 3631 3674 in

2085 3728 2342 3815 parte,
2399 3726 2787 3814 quantum
2842 3722 2936 3793 ad
2993 3720 3511 3793 efficientiam
3555 3720 3635 3790 in

2085 3840 2520 3931 opera-nde,
2566 3838 2753 3911 licet
2810 3858 2975 3910 non
3030 3838 3461 3909 secundum
3523 3837 3635 3907 in-

2084 3956 2539 4029 tensionem
2573 3955 2656 4026 in
2691 3977 2798 4037 se,
2831 3955 3041 4027 sicut
3068 3958 3290 4047 patet
3322 3955 3413 4025 dc
3448 3954 3633 4045 igne

2088 4093 2381 4165 magno
2438 4076 2516 4145 et
2571 4078 2805 4165 parte
2846 4072 3051 4165 ejus,
3097 4075 3177 4146 et
3220 4072 3336 4145 ita
3377 4073 3634 4163 scqui-

2087 4197 2227 4265 tur
2306 4191 2514 4281 quod
2594 4189 2673 4261 in
2753 4188 3308 4279 magnitudine
3373 4188 3630 4268 finita,

2086 4328 2247 4379 non
2279 4310 2402 4380 est
2437 4305 2802 4400 potentia
2837 4305 3153 4378 infinita
3200 4307 3634 4378 secundum

2086 4423 2634 4505 efficientiam,
2672 4426 2753 4496 et
2793 4422 2945 4526 hoc
3014 4425 3389 4502 extensa;
3436 4443 3637 4511 ergo

2088 4562 2233 4614 nec
2306 4543 2740 4614 secundum
2805 4541 3347 4613 intensionem
3409 4541 3491 4612 in
3554 4562 3639 4611 se

2092 4656 2429 4728 infinita.
2464 4659 2646 4729 llaec
2678 4657 3260 4748 consequentia
3294 4658 3641 4729 secunda

2093 4778 2317 4866 patet
2353 4800 2366 4842 :
2408 4774 2594 4866 quia
2630 4794 2787 4844 non
2824 4774 3338 4849 concluditur
3379 4773 3642 4846 infini-

2093 4895 2220 4964 tas
2261 4892 2342 4963 in
2386 4912 2494 4971 se,
2542 4889 2699 4961 nisi
2751 4912 2849 4961 ex
2905 4890 3308 4963 infinitate
3353 4892 3426 4962 in
3473 4892 3641 4962 elli-

2091 5008 2413 5090 cientia,
2453 5008 2584 5079 sed
2618 5009 2823 5099 quod
2858 5008 3207 5101 primum
3244 5008 3640 5099 sequitur,

2095 5125 2553 5198 ostenditur
2584 5125 3041 5217 dupliciter.

2183 5241 2486 5321 Primo,
2563 5241 2749 5332 quia.
2821 5241 2900 5313 in
2970 5242 3323 5333 qualibet
3407 5249 3638 5335 parte
3670 5250 3967 5360 ‘Composi-

2094 5358 2456 5449 aliquota
2519 5358 3095 5447 magnitudinis
3159 5359 3428 5439 linitae,
3514 5365 3636 5434 est
3693 5314 3966 5487 {Effiff

2095 5473 2461 5565 potentia
2524 5473 2756 5547 finita
2798 5475 3234 5546 secundum
3284 5476 3637 5549 efficien-
3720 5502 3961 5565 finitum.

2093 5591 2293 5663 tiam
2340 5618 2353 5660 ε
2402 5592 2606 5663 alias
2660 5612 2850 5683 pars
2892 5612 3053 5664 non
3103 5597 3321 5666 essct
3371 5594 3639 5666 minor
