4252 6393
1747 435 2119 513 QUAESTIO
2172 440 2191 500 1

325 619 443 665 cam
505 618 725 685 pauco
790 599 1014 665 calore
1078 598 1270 665 habet
1343 603 1845 687 proportionem

327 715 583 781 minoris
657 715 1179 801 iatequalitatis,
1269 716 1373 782 vel
1439 717 1847 803 <equalitatis

324 830 503 896 calidi
533 829 628 896 ad
659 830 1040 909 Ιιιιιηὶάιιηις
1074 827 1321 902 dicitu
1336 849 1377 899 r
1408 830 1614 921 quod
1655 849 1839 911 non,

325 946 433 1018 sed
477 966 806 1038 semper
854 950 977 1018 est
1023 946 1456 1039 proportio
1501 947 1843 1039 majoris

327 1061 908 1153 inaequalitatis,
958 1065 1045 1134 ut
1084 1060 1389 1134 dictum
1421 1066 1548 1135 est
1596 1063 1674 1134 in
1718 1083 1843 1134 ar-

323 1179 631 1268 guendo,
679 1178 866 1271 quia
906 1178 1139 1251 calor
1194 1178 1496 1252 dicitur
1536 1198 1843 1271 paucus

320 1298 387 1369 in
418 1297 1032 1388 comparatione
1074 1300 1168 1369 ad
1208 1298 1486 1380 alium,
1544 1319 1704 1371 non
1763 1300 1841 1372 in

325 1411 919 1504 comparatione
964 1413 1058 1484 ad
1104 1413 1663 1487 resistentiam
1707 1415 1842 1486 hu-

328 1529 723 1603 miditatis.
782 1532 882 1602 Et
914 1530 1228 1621 quando
1288 1531 1590 1605 dicitur
1636 1534 1842 1623 quod

327 1663 457 1717 tanc
516 1672 655 1717 non
717 1660 880 1716 esset
928 1650 1150 1716 simile
1201 1651 1282 1717 cle
1343 1655 1620 1736 stamma
1679 1652 1842 1719 lam-

323 1767 499 1853 padis
557 1767 846 1847 modica,
914 1778 976 1832 et
1041 1769 1183 1834 oleo
1250 1770 1492 1850 multo;
1562 1787 1842 1840 conce-

323 1881 520 1954 ditur
560 1881 767 1972 quod
808 1901 970 1952 non
1001 1886 1126 1954 est
1175 1882 1502 1954 omnino
1546 1882 1837 1966 simile,

327 1998 488 2089 quia
548 1997 986 2071 diversitas
1059 2002 1184 2072 est
1262 1999 1340 2070 in
1426 2019 1548 2081 e0,
1633 2000 1841 2092 qnod

321 2115 530 2187 calor
571 2116 917 2189 flammae
987 2137 1147 2188 non
1215 2116 1386 2206 agit
1467 2118 1547 2189 in
1601 2138 1844 2209 quan-

321 2237 818 2327 tamcumque
859 2239 1178 2328 partem
1214 2234 1394 2315 olei,
1440 2256 1584 2307 nec
1637 2256 1845 2327 quae-

323 2350 494 2426 libet
574 2373 764 2444 pars
846 2351 1000 2424 olei
1081 2351 1400 2425 resistit
1468 2352 1644 2432 sibi,
1711 2353 1844 2424 sed

322 2469 566 2541 solum
631 2468 712 2540 in
788 2468 1147 2560 aliquam
1190 2471 1535 2560 partem,
1599 2488 1846 2560 super

325 2605 543 2677 quam
591 2584 1087 2667 dominatur,
1145 2590 1226 2658 et
1267 2605 1442 2677 quae
1496 2584 1840 2667 resistit,

319 2707 453 2775 etc.

402 2824 498 2895 Et
563 2818 879 2913 quando
945 2819 1247 2892 dicitur
1302 2821 1652 2889 humidam
1714 2823 1847 2888 olei

322 2943 717 3027 msficimter
758 2940 1147 3006 dominatur
1174 2959 1373 3024 super
1401 2937 1837 3017 caliditatem,

317 3058 597 3131 dicitur
663 3055 872 3149 quod
931 3074 1217 3126 verum
1275 3058 1517 3134 esset,
1593 3054 1661 3124 si
1725 3056 1845 3127 to·

323 3181 477 3249 tum
511 3172 1194 3269 proportionetur
1225 3170 1319 3242 ad
1352 3171 1642 3250 totum,
1685 3189 1847 3240 mo·

321 3294 404 3365 do
449 3292 560 3365 sic
605 3313 766 3363 non
805 3295 957 3364 est.
1002 3293 1102 3362 Et
1152 3290 1467 3381 quando
1516 3288 1839 3369 dicitur,

325 3413 514 3480 Calor
559 3410 951 3501 quandoque
1011 3411 1109 3476 sic
1159 3419 1515 3495 superatur
1581 3408 1662 3474 ab
1718 3410 1845 3475 lm-

324 3531 512 3611 mido,
548 3531 698 3601 etc.
742 3524 1244 3605 conceditur,
1290 3528 1371 3596 et
1445 3526 1638 3595 tunc
1683 3542 1845 3593 am-

323 3643 519 3734 plius
573 3663 735 3715 non
805 3642 894 3715 fit
955 3641 1175 3713 actio
1237 3639 1571 3720 caloris,
1655 3638 1845 3711 licet

325 3760 642 3834 resistat
675 3761 771 3833 ad
813 3762 1132 3849 tempus
1177 3762 1265 3830 ut
1295 3757 1461 3829 cito
1502 3756 1841 3828 desinat.

404 3880 513 3952 Ad
576 3880 824 3953 aliam
897 3875 1634 3957 confirmationem,
1717 3878 1849 3943 Aer

326 3999 553 4067 habens
601 4020 914 4087 maynam
977 3996 1413 4075 caliditatem,
1466 4006 1528 4061 ct
1579 3996 1851 4060 siccita-

328 4127 444 4181 tem
491 4128 578 4183 est
633 4116 971 4195 duratior,
1036 4116 1190 4184 etc.
1261 4110 1562 4183 dicitur
1638 4112 1842 4202 quod

325 4249 499 4311 non,
566 4231 696 4302 ubi
777 4227 1220 4301 humiditas
1293 4230 1630 4318 superat
1709 4227 1851 4300 ali-

327 4362 552 4432 quam
616 4342 1143 4424 caliditatem,
1225 4344 1305 4414 et
1377 4344 1850 4432 putrescere

326 4457 533 4544 facit,
600 4465 683 4534 et
748 4463 940 4534 tunc
1018 4479 1179 4530 non
1255 4462 1378 4530 est
1446 4457 1846 4538 duratior,

327 4578 451 4648 sed
526 4579 866 4650 durante
929 4576 1207 4648 calore
1265 4577 1344 4647 ct
1403 4594 1564 4645 non
1626 4593 1851 4664 supe-

329 4699 522 4776 rato,
581 4699 799 4768 esset
860 4715 1004 4766 aer
1041 4690 1418 4764 duratior
1464 4711 1647 4763 cum
1717 4689 1854 4760 hu-

327 4811 699 4895 miditate,
772 4832 1014 4904 quam
1086 4809 1259 4881 sine
1329 4808 1493 4889 illa,
1561 4812 1640 4881 et
1695 4828 1853 4879 ma-

327 4924 529 5000 xime
619 4949 803 5001 cum
905 4925 1384 4998 humiditate
1482 4924 1850 4998 virtuali.

331 5041 551 5124 Item,
648 5044 962 5136 quando
1048 5041 1374 5122 (licitur,
1461 5044 1640 5130 iynis
1713 5044 1856 5108 sinc

328 5159 508 5224 omni
578 5159 982 5228 humiditate
1035 5157 1238 5224 durat
1305 5177 1584 5243 semper,
1671 5152 1857 5225 dioi-

331 5275 464 5342 tur
506 5276 694 5364 quod
740 5273 1011 5345 nullus
1071 5275 1195 5344 est
1238 5271 1427 5345 talis
1488 5270 1723 5360 ignis,
1779 5274 1859 5344 et

3366 434 3479 505 231

1958 601 2246 682 cita-te,
2340 604 2421 673 et
2501 600 2675 671 sine
2764 599 3269 674 humiditate.
3355 604 3501 675 Sed

1957 715 2169 786 alius
2205 718 2329 788 est
2384 714 2616 788 calor
2679 715 3024 787 mixtior
3088 715 3497 799 virtualiS,

1959 836 2046 906 ut
2111 831 2342 925 prius
2403 832 2706 905 dictum
2784 836 2934 904 est.
3018 835 3119 906 Et
3189 833 3502 923 quando

1955 949 2257 1023 dieitur
2314 950 2520 1041 quod
2570 972 2707 1017 non
2737 953 3329 1039 sitauqmentatiO,
3388 972 3506 1018 nec

1953 1069 2339 1147 diminutiO,
2401 1089 2521 1134 nec
2576 1067 2911 1146 alteratio,
2994 1064 3497 1147 conceditur,

1956 1183 2146 1256 licet
2215 1182 2584 1274 requirat
2644 1183 2739 1253 ad
2788 1205 2923 1250 esse
2984 1204 3220 1255 suum
3309 1184 3503 1256 alte·

1957 1301 2320 1373 rationes
2356 1299 2656 1393 plureS,
2694 1303 2845 1372 etc.
2884 1302 3210 1381 Quando
3246 1300 3503 1390 igitur

1953 1417 2256 1492 (licitur
2311 1418 2517 1509 quod
2563 1440 2697 1486 non
2760 1430 2853 1485 est
2910 1420 3141 1507 aliqua
3223 1422 3492 1506 species,

1954 1539 2106 1606 etc.
2162 1531 2636 1605 conceditur
2687 1532 3121 1603 secundum
3169 1533 3492 1604 modum

1956 1650 2184 1742 prius
2224 1650 2526 1722 dictum
2577 1649 2656 1721 in
2706 1648 3109 1743 principio
3163 1648 3496 1722 solutio-

1955 1767 2080 1839 nis
2132 1766 2400 1859 hujus.
2474 1768 2574 1838 Et
2627 1766 2941 1857 quando
2993 1764 3318 1848 dicitur,
3382 1789 3499 1833 nec

1953 1897 2046 1951 cst
2081 1907 2217 1951 non
2255 1887 2559 1963 mutatiO,
2617 1881 2884 1974 prima
2914 1881 3498 1973 consequentia

1954 2019 2115 2070 non
2152 1998 2498 2080 videtur,
2553 1997 2741 2089 quia
2813 1997 3223 2069 sufficeret
3291 1998 3498 2088 quod

1955 2119 2228 2188 essent
2284 2115 2559 2208 plures
2623 2113 3145 2196 mutationes,
3208 2116 3287 2185 ct
3338 2132 3497 2184 non

1954 2236 2174 2304 esset
2250 2231 2597 2305 mutatio
2671 2253 2857 2304 cum
2928 2252 3026 2301 ex
3088 2230 3261 2310 hoc,
3342 2232 3493 2301 etc.

1958 2349 2317 2422 Secunda
2376 2369 2533 2420 non
2583 2348 2903 2421 videtur
2937 2374 2951 2416 ε
2991 2346 3058 2418 si
3121 2347 3282 2419 ista
3336 2367 3498 2419 non

1955 2470 2081 2537 est
2148 2466 2522 2546 mutatio,
2602 2469 2958 2557 ponatur
3006 2462 3497 2555 aequivalere

1956 2584 2142 2659 huic
2241 2581 2816 2662 affirmationi,
2908 2583 3033 2652 est
3117 2577 3491 2658 mutatio,

1958 2702 2148 2794 quia
2206 2704 2429 2774 certe
2488 2698 2648 2772 ista
2698 2701 2820 2770 cst
2884 2695 3092 2768 falsa
3165 2693 3497 2787 proprie

1955 2817 2380 2911 loquend0,
2421 2819 2507 2887 ut
2543 2818 2958 2887 ostensum
2990 2815 3139 2885 est.

2045 2935 2159 3009 Ad
2213 2934 2549 3008 tertiam
2623 2931 3026 3003 rationem
3100 2926 3498 3021 principa-

1956 3054 2141 3135 lem,
2176 3057 2240 3121 si
2282 3054 2395 3133 sit,
2447 3053 2603 3121 etc.
2663 3050 2779 3116 sub
2839 3051 3091 3136 atiquo,
3144 3048 3356 3134 iqitur
3409 3057 3502 3111 cst

1951 3170 2313 3261 possibilie,
2370 3164 2845 3239 conceditur
2896 3158 3498 3252 consequentia,

1957 3290 2038 3359 et
2086 3304 2613 3375 consequens.
2662 3285 2760 3355 Et
2812 3279 3124 3372 quando
3175 3276 3498 3357 dicitur,

1958 3405 2187 3470 eadem
2269 3404 2535 3469 ratione
2603 3401 2720 3466 sub
2808 3418 2961 3476 uno,
3038 3398 3270 3482 iqitur,
3344 3396 3495 3465 etc.

1955 3516 2454 3592 conceditur.
2577 3517 2676 3586 Et
2775 3511 3088 3603 quando
3200 3509 3500 3581 dicitur

1960 3636 2169 3728 quod
2236 3639 2358 3702 hoc
2402 3647 2495 3701 est
2553 3635 2829 3720 salsum,
2888 3633 3047 3719 quia
3099 3632 3310 3717 possit
3379 3630 3504 3695 ali·

1958 3754 2135 3842 quod
2188 3753 2304 3818 sab
2357 3749 2575 3838 yraclet
2637 3769 2890 3816 summo
2953 3747 3339 3834 putreficri;
3402 3744 3507 3815 di-

1959 3868 2180 3942 citur
2223 3867 2427 3958 quod
2475 3865 2666 3946 im0‚
2725 3861 3191 3955 exponendo
3238 3881 3513 3952 super-

1957 3985 2326 4066 lativum,
2374 3982 2582 4074 quod
2611 3980 2881 4052 nullus
2921 3999 3015 4049 eo
3066 3977 3174 4050 sit
3218 3977 3508 4068 major,

1958 4101 2154 4175 licet
2198 4098 2434 4172 multi
2488 4096 2868 4188 aequa-les,
2920 4095 3055 4166 sed
3106 4093 3507 4184 negative,

1960 4237 2120 4289 non
2191 4214 2712 4287 affirmativo.
2770 4214 2872 4283 Et
2947 4209 3259 4302 quando
3326 4206 3512 4280 dici-

1961 4339 2123 4415 tur,
2170 4345 2766 4422 quantumcumque
2814 4331 2902 4395 sit
2958 4326 3235 4417 aliquod
3277 4337 3511 4414 putre-

1960 4455 2218 4538 factum
2275 4450 2392 4515 sub
2462 4448 2711 4536 majori
2780 4456 3015 4534 potest,
3089 4447 3242 4515 etc.
3310 4443 3508 4514 Esto

1966 4563 2172 4658 quod
2237 4563 2387 4634 hoc
2450 4562 2556 4635 sit
2621 4580 2934 4641 verum,
3001 4578 3099 4629 ex
3157 4556 3308 4628 hoc
3350 4575 3512 4628 non

1966 4680 2339 4772 sequitur
2389 4677 2593 4770 quod
2638 4676 2909 4747 nullus
2953 4674 3062 4748 sit
3112 4668 3507 4755 summuS,

1965 4820 2109 4871 nec
2193 4796 2451 4889 possit
2522 4816 2702 4867 esse
2783 4814 3151 4865 summus
3213 4794 3513 4883 gradus

1970 4914 2625 5009 putrefactionis.
2694 4916 2793 4987 Et
2856 4913 3169 5005 quando
3232 4911 3514 5004 proha·

1971 5039 2108 5107 tur
2160 5036 2367 5126 quod
2441 5031 2657 5105 actio
2702 5030 3007 5104 caloris
3068 5033 3149 5103 et
3209 5028 3516 5118 frigidi-

1969 5150 2167 5224 tatis
2201 5172 2361 5222 non
2408 5149 2908 5224 terminatur
2940 5146 3037 5218 ad
3070 5144 3516 5217 maximum

1972 5268 2175 5360 quod
2255 5272 2550 5359 potest,
2651 5264 2953 5337 dicitur
3030 5263 3234 5354 quod
3315 5260 3512 5341 im0‚

3655 2946 3734 2996 5¹.

3615 3010 3702 3060 Ad
3730 3011 3778 3059 3.

334 5388 399 5459 si
466 5390 747 5483 aliquis
807 5392 1049 5463 durat
1096 5390 1253 5469 diu,
1299 5387 1600 5460 dicitur
1653 5385 1858 5477 quod
1972 5404 2156 5454 cum
2224 5383 2479 5456 certis
2522 5378 3170 5455 circumstantiis
3221 5376 3520 5448 limita-

335 5508 455 5577 est
487 5507 877 5581 naturalis
910 5505 1339 5597 dispositio
1375 5525 1521 5574 sua
1553 5502 1862 5574 coloris
1975 5499 2118 5580 tis,
2170 5501 2303 5572 sod
2355 5501 2524 5572 sinc
2568 5495 3060 5570 limitatione
3101 5497 3520 5566 certarum

338 5622 688 5710 actualis,
752 5628 835 5704 et
894 5619 1421 5700 elementaris
1481 5639 1665 5696 cum
1719 5617 1864 5693 sic·
1976 5617 2795 5696 circumstantiarum
2830 5635 2990 5686 non
3024 5609 3523 5696 terminatur
