4252 6393
1797 437 2050 507 CAPUT
2094 444 2166 504 Π.

378 603 648 679 minus
749 607 1068 688 nobilis,
1134 609 1329 699 puta
1407 606 1920 679 contrarium

380 727 750 814 respectu
793 722 1220 803 contrarii,
1265 742 1410 794 nec
1452 726 1726 794 tamen
1760 743 1921 794 res-

75 901 330 959 Emdm’
381 842 612 931 pectu
656 839 832 931 ejus
902 841 1025 910 est
1058 839 1332 931 aliqua
1376 859 1647 911 causa.
1686 840 1921 911 Patet

73 954 782 1029 ‹zwndoqeceinductive
828 979 842 1024 :
913 976 1056 1028 nec
1113 960 1540 1029 causatum
1592 954 1922 1048 propin-

75 1041 146 1074 nec
162 1041 332 1086 causa,

93 1103 310 1137 maau-
380 1071 642 1164 quius‚
690 1073 879 1164 quia
918 1073 1364 1145 causalitas
1398 1092 1663 1145 causae
1711 1092 1922 1143 com-

71 1159 348 1275 ρνῗῗιῗῖἰῗὲε-
379 1189 647 1261 munis
713 1210 873 1263 non
919 1190 1254 1283 respicit
1299 1190 1737 1262 secundum
1791 1209 1922 1261 or-

87 1283 327 1388 μὲἓῗὲκ
370 1305 636 1378 dinem
694 1307 1212 1380 essentialem
1285 1305 1450 1385 illa,
1508 1309 1595 1377 ut
1638 1324 1922 1377 causa-

373 1428 459 1496 ta
493 1448 508 1492 :
545 1428 738 1499 tunc
777 1424 992 1496 enim
1033 1445 1194 1497 non
1262 1427 1538 1516 posset
1580 1441 1921 1494 causare

372 1540 696 1632 aliquod
729 1561 1179 1619 excessum,
1230 1540 1385 1611 nisi
1460 1538 1688 1631 prius
1739 1559 1921 1610 cau-

369 1661 593 1730 saret
615 1656 1002 1739 eminenS,
1042 1658 1246 1748 quod
1287 1661 1412 1729 est
1456 1661 1739 1750 patens
1781 1655 1922 1727 fal-

371 1793 548 1845 sum
618 1774 711 1846 de
784 1793 1289 1864 quacumque
1359 1793 1630 1850 causa,
1732 1772 1920 1863 quia

367 1893 434 1965 si
476 1891 991 1966 contrarium
1030 1891 1277 1963 vilius
1309 1891 1792 1984 producitur
1823 1891 1922 1962 ab

365 2006 514 2079 hac
589 2026 863 2087 causa,
931 2003 1357 2079 contrario
1428 2004 1813 2077 nobiliori
1873 2024 1920 2076 a

364 2123 592 2196 nulla
658 2142 908 2197 causa
981 2122 1421 2216 product03
1485 2139 1683 2212 ergo
1755 2140 1918 2192 res-

364 2245 602 2332 pectu
624 2239 927 2312 nullius
960 2256 1228 2311 causae
1255 2237 1370 2309 sic
1409 2235 1915 2309 ordinantur.

367 2356 760 2440 Ulterius,
827 2356 895 2429 si
962 2354 1325 2429 eminens
1385 2353 1712 2444 aliquod
1755 2373 1917 2425 non

366 2480 492 2550 est
580 2496 828 2550 causa
897 2477 1271 2568 respectu
1361 2471 1701 2553 excessi,
1772 2492 1918 2543 nec

364 2594 791 2668 causatum
817 2590 1353 2686 propinquius
1374 2608 1640 2661 causae
1660 2589 1921 2660 ambo-

366 2729 589 2790 rum;
635 2727 835 2800 ergo
867 2726 1292 2780 excessum
1335 2725 1496 2777 non
1537 2704 1921 2797 dependet

363 2826 463 2897 ab
540 2826 717 2918 ipso
776 2823 1357 2898 essentialiter.
1414 2827 1919 2913 Consequen-

363 2941 482 3014 tia
522 2945 747 3035 patet
778 2964 876 3015 ex
913 2941 1340 3034 praemissa
1406 2943 1761 3011 ostensa.
1804 2942 1918 3009 Ex

364 3059 803 3133 abundanti
874 3058 1279 3151 conjungo
1346 3056 1521 3150 ejus
1591 3075 1918 3128 conver-

366 3196 568 3250 sam.

458 3297 606 3363 Non
639 3317 830 3380 omne
860 3294 1239 3381 dependens
1277 3305 1370 3359 est
1435 3313 1767 3358 coeccssum
1835 3292 1915 3358 ab

367 3417 512 3495 illo,
575 3438 616 3481 a
656 3436 782 3502 quo
803 3412 1148 3500 dependet.

471 3531 730 3611 Patet,
796 3525 1343 3619 compositum
1420 3524 1804 3618 dependet
1872 3543 1919 3596 a

370 3646 746 3729 materia,
793 3667 976 3718 cum
1057 3644 1320 3737 ipsum
1393 3643 1499 3716 sit
1572 3643 1916 3716 multum

61 3764 337 3877 [ζζζῗῶζᾶ-
372 3760 841 3855 perfectius.
899 3758 1299 3832 Similiter
1351 3757 1705 3829 fortasse
1757 3754 1918 3827 sor-

102 3890 236 3948 tem‘a,
263 3907 299 3939 a
367 3900 500 3952 ma
539 3878 923 3971 dependet
976 3896 1023 3947 a
1066 3872 1439 3952 materia,
1478 3877 1565 3945 ut
1607 3875 1917 3947 tactum

64 3958 339 4073 ῗῑῖἶιῖιαιῧῗῗ
367 4001 490 4071 est
554 3996 908 4070 conclus.
978 3998 1044 4063 9.
1119 3998 1392 4067 tamen
1460 3989 1729 4062 forma
1795 3993 1918 4062 est

368 4112 817 4209 perfectior
848 4116 912 4185 7.
951 4113 1244 4199 Metapa.
1292 4123 1451 4178 texe.
1498 4132 1662 4177 com.
1707 4112 1772 4180 7.
1831 4109 1922 4179 In

372 4230 731 4304 motibus
774 4228 1022 4301 etiam
1059 4225 1482 4306 ordinatis,
1522 4225 1730 4315 quod
1798 4228 1921 4296 est

370 4347 785 4441 posterius
849 4343 1375 4435 generatione
1442 4341 1826 4433 dependet
1878 4360 1922 4410 a

365 4466 669 4560 priore,
709 4464 899 4556 quia
939 4464 1168 4557 prius
1202 4465 1325 4533 est
1358 4459 1693 4531 effectus
1739 4479 1922 4550 pro-

370 4580 750 4673 pinquior
807 4598 1073 4650 causae
1117 4576 1570 4655 amborum,
1650 4578 1920 4646 tamen

370 4696 786 4791 posterius
820 4699 946 4768 est
1015 4691 1456 4787 perfectius
1495 4694 1560 4761 9.
1629 4693 1915 4778 ΜοιαρΙι.

366 4828 524 4883 text.
561 4837 726 4882 eom.
767 4816 873 4885 15.
938 4826 998 4881 et
1037 4815 1325 4879 circiter.
1408 4806 1710 4887 TePtiO,
1768 4827 1919 4898 pro

366 4928 853 5002 sufficientia
907 4927 1143 5018 liujus
1212 4921 1634 4996 divisionis
1717 4920 1920 4993 hanc

365 5045 829 5138 generalem
925 5061 1296 5136 propono
1394 5038 1602 5131 apud
1701 5037 1923 5109 Aris-

370 5162 702 5235 totelem
737 5161 940 5234 satis
982 5164 1267 5231 nota-m
1305 5182 1318 5224 ε

132 5328 249 5379 Con·
452 5283 808 5369 Nunquam
861 5279 1228 5367 pluralitas
1271 5273 1586 5362 ponenda
1628 5283 1720 5339 cst
1779 5274 1924 5338 sine

88 5389 190 5441 0³⁰³·
220 5393 296 5443 15.
365 5400 762 5467 necessitate.

453 5517 653 5587 Cum
704 5513 966 5604 igitur
1007 5509 1227 5580 nulla
1290 5504 1737 5579 necessitas
1792 5523 1922 5595 ap-

365 5634 649 5726 pareat
694 5626 1034 5723 ponendi
1097 5624 1373 5718 plures
1427 5622 1747 5695 ordines
1805 5641 1924 5692 es-

111 3562 219 3614 Con·-

91 3632 219 3687 clusio
249 3634 317 3694 14.

79 3694 310 3764 Composi-

3449 438 3568 501 735

2034 603 2416 675 sentialcs
2452 621 2690 694 quam
2717 600 2914 674 duos
2961 600 3415 693 praedictos,
3461 600 3582 672 illi

2036 719 2189 791 soli
2225 723 2412 791 sunt
2456 719 2818 811 ponendi.
2868 720 3053 791 Haec
3096 722 3370 793 autem
3402 739 3585 811 pro-

2035 836 2336 930 positio
2381 837 2786 926 generalis
2856 836 3203 910 ostendit
3263 840 3583 910 tantum

2034 974 2211 1022 esse
2283 975 2421 1024 sex
2522 955 2842 1026 ordines
2926 953 3430 1034 essentiales,
3506 953 3583 1024 in

2036 1090 2237 1161 quos
2308 1073 2700 1144 secundus
2791 1071 3328 1144 subdividitur
3384 1097 3397 1138 :
3460 1075 3585 1145 tot

2033 1207 2211 1258 esse
2246 1189 2550 1260 ostensi
2597 1192 2807 1268 sunt,
2871 1191 2949 1260 et
2993 1189 3086 1258 ad
3133 1188 3585 1281 ponendum

2035 1301 2241 1374 alios
2274 1302 2720 1375 necessitas
2754 1323 2915 1374 non
2950 1308 3318 1397 apparet.
3357 1308 3586 1378 Com-

2035 1418 2349 1509 paratis
2397 1420 2786 1492 membris
2831 1420 3116 1513 primae
3158 1419 3583 1492 divisionis

2033 1535 2126 1606 ad
2164 1535 2508 1608 invicem
2564 1537 2643 1608 in
2688 1538 3125 1618 communi,
3192 1557 3583 1629 comparo

2034 1651 2114 1723 in
2166 1652 2499 1744 speciali
2546 1655 2954 1745 posterius
2990 1654 3237 1747 primi
3276 1655 3584 1726 ordinis

2035 1770 2321 1860 primae
2361 1770 2808 1853 divisionis,
2845 1773 2940 1843 ad
2977 1771 3390 1864 posterius
3425 1773 3586 1866 pri-

2034 1885 2144 1956 mi
2179 1887 2482 1959 ordInis
2508 1889 2867 1960 secundae
2899 1889 3346 1971 divisionis,
3374 1911 3584 1964 com-

2033 2023 2234 2095 paro
2314 2004 2627 2077 scilicet
2687 2025 3109 2077 excessum
3202 2006 3295 2078 ad
3354 2006 3584 2080 effec-

2030 2122 2206 2191 tum
2247 2123 2325 2193 et
2376 2121 2721 2200 finitum,
2768 2121 2898 2193 hic
2969 2122 3580 2194 conclusionem

2033 2256 2275 2309 unam
2310 2257 2704 2330 propono,
2754 2258 2928 2330 quae
2960 2236 3154 2310 talis
3187 2240 3357 2310 est:

2525 2461 2907 2520 SCHOLIUM
2958 2464 3055 2519 VI.

2103 2649 2433 2721 Comparat
2472 2650 2649 2707 modo
2697 2653 2759 2707 in
2810 2654 3205 2723 particulari,
3239 2655 3581 2713 secundum

2029 2747 2380 2803 membrum
2427 2750 2618 2819 primi
2680 2750 2919 2807 ordinis
2978 2754 3199 2824 primae
3257 2755 3587 2813 divisionis

2031 2847 2270 2917 positae,
2310 2863 2443 2919 cap.
2484 2862 2526 2905 1.
2562 2864 2731 2905 num.
2755 2855 2808 2906 2.
2852 2853 3091 2909 scilicet
3130 2869 3475 2924 excessum,
3508 2855 3584 2912 ad

2029 2944 2373 3000 secundum
2414 2948 2757 3004 membrum
2796 2951 2985 3022 primi
3021 2951 3261 3007 ordinis
3299 2953 3586 3010 secunda>

2030 3042 2362 3099 divisionis
2408 3045 2635 3102 ibidem
2657 3049 2891 3119 positae,
2915 3051 3154 3105 scilicet
3175 3051 3252 3106 ad
3275 3053 3583 3118 effectum,

2029 3139 2131 3193 vel
2166 3135 2432 3213 finitum,
2471 3145 2768 3216 ponitque
2816 3145 3095 3203 ultimam
3125 3147 3582 3204 conclusionem

2029 3238 2269 3297 scilicet
2296 3255 2427 3295 esse
2458 3244 2895 3312 perfectiorem
2946 3260 3057 3301 suo
3095 3247 3337 3312 effectu,
3374 3262 3481 3302 seu
3514 3261 3585 3302 oo

2030 3336 2193 3407 quod
2225 3342 2317 3394 est
2348 3339 2425 3394 ad
2456 3339 2668 3396 finem:

2125 3519 2332 3585 Omne
2359 3520 2627 3602 finitum
2648 3533 2739 3589 ese
2779 3545 3132 3591 emessam.
3670 3585 3797 3636 Con·

2120 3634 2556 3723 Probatur,
2603 3638 2790 3728 quia
2846 3638 3029 3710 finis
3098 3646 3224 3713 est
3287 3645 3582 3717 melior
3672 3649 3882 3759 εἰῇ-16

2031 3769 2152 3830 eo,
2200 3751 2406 3840 quod
2447 3757 2572 3825 est
2622 3755 2717 3825 ad
2751 3753 3040 3846 ipsum.
3087 3756 3259 3829 Hoc
3294 3761 3583 3850 proba·
3793 3750 3805 3762 ⁹

2033 3866 2172 3935 tur
2206 3864 2322 3936 sic
2362 3890 2375 3933 :
2416 3868 2601 3957 quia
2634 3869 2815 3940 finis
2850 3874 2936 3942 ut
2970 3878 3360 3956 amatum,
3412 3895 3579 3948 mo-

2031 3984 2165 4052 vet
2198 3980 2555 4055 efficiens
2588 3986 2684 4057 ad
2716 3990 3204 4061 causandum
3235 4018 3249 4073 ;
3298 3993 3402 4064 sit
3439 3993 3580 4084 igi-

2032 4099 2177 4168 tur
2242 4100 2425 4172 finis
2511 4108 2590 4185 A,
2654 4102 3009 4177 efficiens
3055 4111 3130 4189 B,
3203 4109 3579 4184 effectum

2037 4218 2440 4292 infinitum
2487 4225 2540 4289 C
2581 4251 2600 4288 :
2635 4225 2824 4295 tunc
2870 4223 2935 4295 si
2980 4230 3026 4292 A
3080 4247 3233 4298 non
3268 4229 3581 4302 estimi-

2033 4357 2186 4407 nus
2229 4338 2552 4420 bonum,
2607 4340 2783 4432 ipso
2856 4346 2930 4424 B,
3013 4363 3155 4417 nec
3226 4347 3576 4437 aequale;

2035 4471 2234 4542 ergo
2281 4454 2570 4547 majus.
2613 4459 2968 4530 Secunda
3026 4480 3219 4553 pars
3263 4466 3580 4538 antece-

2033 4569 2295 4643 dentis
2328 4573 2751 4663 probatur.
2791 4578 3011 4657 Quod
3053 4598 3211 4650 non
3243 4581 3575 4673 ecquale,
3606 4609 3801 4660 Prima
3821 4620 3919 4675 est,

2035 4688 2223 4777 quia
2269 4710 2423 4779 qua
2457 4691 2777 4763 ratione
2836 4697 3144 4787 {equale
3176 4702 3574 4783 moveret,
3604 4673 3903 4786 qssss‘c'dcssae‘gle

2031 4805 2308 4876 eadem
2345 4807 2665 4879 ratione
2687 4810 2988 4883 ctidem
3008 4819 3283 4905 posset
3318 4836 3578 4889 move·
3666 4799 3777 4851 Μ’·

2038 4940 2123 4989 rc
2157 4923 2230 5002 C,
2271 4923 2458 5012 quia
2498 4943 2721 5014 seque
2753 4925 3099 4998 amabile
3139 4933 3217 5002 et
3282 4929 3582 5002 desido-

2036 5036 2315 5117 rabilc,
2362 5043 2440 5111 et
2484 5038 2598 5112 ita
2654 5046 2932 5132 posset
2970 5063 3148 5116 esse
3194 5065 3442 5118 causa
3496 5046 3576 5118 fi-

2033 5152 2243 5223 nalis
2277 5154 2426 5234 sui,
2485 5161 2777 5229 contra
2818 5158 3169 5250 primam
3212 5163 3578 5253 proposi-

2032 5270 2339 5342 tionem
2382 5270 2621 5364 hujus
2664 5274 3008 5347 secundi.
3056 5278 3175 5347 Ex
3218 5276 3365 5351 hoc
3398 5300 3575 5351 con-

2033 5384 2413 5467 cluditur,
2472 5388 2677 5477 quod
2757 5408 2900 5461 nec
2982 5389 3272 5463 minus.
3341 5393 3569 5474 Item,

2032 5505 2333 5573 natura
2392 5503 2564 5593 agit
2625 5508 2963 5595 propter
3026 5505 3290 5591 finem,
3366 5510 3573 5585 sicut

2034 5639 2173 5691 ars
2206 5621 2487 5709 ageret
2541 5618 2608 5691 si
2682 5624 2961 5710 ageret
3021 5626 3570 5701 naturaliter:
