4252 6393
807 439 949 523 2484

818 602 1094 694 abstrahi
1150 601 1231 658 ad
1278 595 1729 672 ssublimiorem
1806 593 1868 648 et
1922 587 2365 659 perfectiorem

823 704 928 759 Dei
960 701 1403 771 cognitionem,
1426 698 1491 753 in
1513 711 1634 768 qua
1656 689 2031 750 alienatione
2053 687 2203 743 licet
2230 698 2367 741 ces-

820 804 955 857 sent
983 798 1380 869 operationes
1425 790 1742 851 naturales
1773 791 1832 843 et
1852 784 2178 851 animales,
2210 785 2367 839 atta-

821 915 965 958 men
997 910 1223 968 corpus
1254 893 1437 960 vivit,
1471 896 1530 949 et
1561 904 1681 947 non
1729 891 1822 945 est
1850 886 2100 958 penitus
2147 881 2368 938 exani-

825 1013 945 1056 me.
981 998 1038 1052 S.
1094 993 1326 1052 Paulus
1376 989 1651 1047 similem
1704 999 1924 1059 passus
1973 979 2234 1039 extasim
2284 980 2369 1035 ita

819 1099 1142 1168 absorptus
1171 1092 1358 1149 estin
1407 1082 1901 1157 contemplandis
1949 1078 2197 1138 arcanis
2243 1091 2370 1131 coe-

825 1195 1103 1268 lestibuS,
1138 1195 1207 1249 ut
1235 1192 1371 1247 sive
1403 1189 1468 1244 in
1498 1197 1779 1257 corpore,
1831 1182 1967 1237 sive
2012 1181 2190 1235 extra
2228 1189 2370 1231 cor-

822 1311 941 1371 pus
968 1292 1182 1359 fuerit,
1214 1290 1348 1360 ipse
1379 1283 1695 1343 nescierit.
1730 1283 1812 1336 De
1834 1277 2142 1336 Restituto
2189 1276 2371 1330 Pres-

824 1394 1041 1466 bytero
1071 1389 1265 1447 refert
1304 1388 1362 1444 S.
1414 1379 1807 1453 Augustinus
1842 1377 1926 1432 14.
1978 1373 2055 1431 de
2103 1372 2371 1429 Civitate

825 1492 956 1560 Dei,
987 1501 1123 1561 cap.
1154 1487 1244 1543 24.
1278 1481 1622 1555 saepissime
1653 1478 1737 1536 ita
1766 1471 2110 1533 asensibus
2132 1470 2372 1527 aliena-

819 1597 952 1650 tum
985 1591 1047 1646 et
1075 1578 1570 1658 profundissima
1598 1575 1796 1631 extasi
1847 1575 2079 1638 actum,
2122 1566 2369 1624 nullum

822 1689 1295 1750 tormentorum,
1328 1693 1469 1752 quae
1497 1670 1977 1737 adhibebantur,
2004 1680 2201 1738 genus
2231 1675 2376 1720 sen-

822 1791 1000 1856 sisse,
1034 1797 1236 1857 neque
1277 1780 1543 1837 halitum
1595 1772 1900 1832 emisisse.
1964 1771 2046 1824 De
2099 1765 2371 1830 Platone,

824 1885 1136 1944 Mercurio
1182 1876 1610 1946 Trismegisto,
1658 1876 1720 1929 et
1768 1870 2015 1926 Socrate
2074 1863 2372 1927 refertur,

824 1986 1043 2058 sopitis
1100 1979 1388 2039 sensibus
1428 1976 1493 2032 in
1555 1966 2075 2040 contemplatione
2135 1964 2375 2018 naturae

823 2085 960 2144 dies
990 2083 1265 2152 integros
1286 2075 1541 2132 haesisse
1563 2063 2029 2139 cogitabundos.
2059 2054 2376 2131 Quidquid

826 2197 981 2240 vero
1011 2182 1111 2248 sit,
1143 2192 1223 2236 an
1262 2169 1618 2245 huiusmodi
1671 2171 1913 2225 extases
1960 2161 2200 2234 possint
2235 2156 2374 2213 dari

766 2274 772 2281 ’
828 2279 1122 2339 facultate
1152 2269 1427 2331 naturae?
1456 2267 1564 2324 vel
1596 2280 1674 2324 an
1707 2263 1835 2320 sola
1884 2260 2102 2317 divina
2132 2255 2376 2313 contin-

617 3430 670 3486 3.

489 3499 636 3550 Pars
649 3509 809 3561 neya-
834 3531 879 3602 d

524 3561 639 3637 tiva
665 3575 760 3609 ve-

580 3636 715 3673 ²⁶10?-

825 2382 978 2466 gant
1006 2369 1279 2431 virtute?
1314 2366 1531 2438 Aliqui
1575 2362 1862 2434 judicant
1907 2356 2216 2431 perfectas
2266 2367 2379 2407 ex·-

827 2484 1010 2543 taseS,
1042 2475 1108 2529 in
1162 2467 1388 2542 quibus
1434 2468 1559 2520 tam
1612 2458 1845 2519 interni
1894 2468 2081 2528 quam
2130 2449 2375 2507 externi

833 2586 1052 2633 sensus
1081 2568 1335 2627 omnino
1366 2561 1694 2635 sopiuntur
1723 2556 2006 2613 alienare
2037 2551 2310 2607 animam
2343 2561 2378 2602 a

830 2685 1109 2746 corpore.
1144 2667 1268 2726 Alii
1302 2664 1521 2738 putant
1549 2655 1934 2731 probabilius
1983 2649 2184 2724 quoad
2232 2648 2380 2706 sub-

831 2773 1121 2833 stantiam
1188 2767 1253 2823 in
1312 2774 1568 2832 corpore
1633 2764 2032 2829 permanere,
2092 2746 2380 2819 illudque

833 2868 1191 2937 vivificare3
1225 2858 1427 2935 quoad
1457 2855 1846 2930 operationes
1883 2863 2054 2916 ver0,
2079 2857 2377 2902 sensuum

835 2966 1210 3028 commercia
1229 2961 1589 3022 destituere,
1612 2957 1672 3011 et
1692 2968 1727 3009 a
1749 2946 2023 3007 naturali
2045 2945 2157 3002 illa
2179 2943 2381 3017 phan-

835 3070 1166 3130 tasmatum
1243 3054 1657 3131 dependentia
1714 3047 1995 3106 liberari.
2057 3047 2139 3100 De
2199 3045 2380 3114 raptu

838 3149 1037 3233 Pauli,
1070 3162 1219 3223 vide
1271 3142 1516 3216 Scotum
1566 3153 1631 3209 in
1679 3153 1733 3207 2.
1785 3146 1926 3204 dist.
1976 3145 2030 3201 3.
2073 3144 2291 3216 quaest.
2323 3141 2380 3195 9.

838 3281 1011 3324 num.
1060 3266 1115 3320 8.
1148 3265 1210 3319 et
1239 3260 1305 3316 in
1334 3257 1388 3312 4.
1421 3252 1562 3309 dist.
1614 3250 1704 3305 49.
1737 3247 1953 3318 quaest.
2000 3243 2084 3298 12.
2118 3253 2292 3295 num.
2327 3238 2378 3292 1.

830 3382 837 3490 ζ
928 3412 1074 3482 Est
1115 3421 1314 3494 ergo
1358 3394 1790 3473 sciendum,
1858 3385 2064 3479 quod
2106 3380 2381 3455 anima

888 3548 1050 3614 um,
1108 3524 1232 3595 est
1313 3519 1393 3592 in
1469 3528 1841 3603 corpore,
1916 3503 2031 3575 sic
2096 3502 2222 3571 est
2301 3495 2381 3567 in

832 3647 1013 3723 toto
1055 3655 1426 3731 corpore,
1473 3626 1678 3721 quod
1720 3621 1940 3695 nullo
1986 3615 2218 3688 modo
2257 3613 2382 3683 est

828 3765 1098 3859 exn-a,
1182 3756 1281 3826 Et
1352 3749 1621 3843 potest
1708 3740 1857 3811 1100
1944 3726 2376 3808 declarari,

497 4831 513 4848 '
542 4830 720 4890 quaest.
750 4826 803 4876 9.

830 3875 1132 3971 primo,
1185 3888 1284 3941 ex
1343 3856 1877 3958 proportione
1946 3850 2232 3921 formae
2287 3841 2382 3914 ad

842 3986 1303 4064 materiam.
1390 3978 1613 4053 Sicut
1693 3969 1907 4043 enim
1980 3982 2231 4056 agens
2301 3962 2382 4031 et

838 4106 1154 4201 patiens
1243 4100 1431 4169 sunt
1498 4084 2175 4185 proportionata,
2267 4074 2384 4148 ita

839 4222 1045 4316 quod
1121 4216 1496 4307 aspectus
1566 4204 1801 4277 unius
1853 4219 2013 4271 non
2071 4189 2383 4268 excedit

839 4339 1259 4429 aspectum
1311 4323 1682 4402 alterius,
1740 4321 1828 4390 ut
1863 4316 2081 4409 patet
2118 4311 2210 4383 de
2245 4327 2384 4400 po-

842 4453 1100 4530 tentia
1185 4451 1261 4520 et
1340 4445 1516 4537 ejus
1607 4437 1950 4529 objecto,
2070 4427 2186 4500 sie
2293 4427 2373 4496 et

842 4570 1098 4643 multo
1170 4563 1436 4656 maJ'or
1487 4549 1916 4650 proportio
1983 4548 2106 4618 est
2171 4541 2384 4614 inter

834 4667 1282 4760 'materiam
1360 4679 1439 4747 et
1509 4671 1887 4743 formam.
1946 4663 2382 4735 Ostensum

844 4808 969 4877 est
1000 4804 1272 4873 autem
1327 4808 1575 4884 supra
1632 4790 1682 4866 ·,
1729 4779 1935 4873 quod
1987 4771 2384 4849 sensitiva

838 4927 918 4997 et
979 4911 1482 4992 intellectiva
1530 4922 1722 4976 vere
1765 4895 2059 4969 habent
2123 4887 2378 4962 ratio-

841 5058 1025 5111 nem
1067 5033 1353 5105 formae
1411 5021 1785 5113 respectu
1822 5008 2202 5102 corporis
2236 5005 2379 5075 1111-

840 5153 1092 5232 mani;
1129 5165 1329 5237 ergo
1374 5141 1779 5232 aspectus,
1828 5129 1956 5201 vel
2023 5122 2380 5197 ambitus

806 5273 1074 5346 ,unius
1145 5283 1308 5337 non
1356 5252 1666 5331 excedit
1728 5244 2123 5320 ambitum
2188 5239 2381 5312 alte·

840 5391 1039 5469 rius,
1106 5382 1238 5456 sed
1310 5372 1763 5450 excederet,
1804 5364 1872 5436 si
1905 5363 2088 5434 dum
2132 5361 2256 5430 est
2303 5356 2381 5427 in

837 5521 1213 5597 corpore,
1285 5493 1498 5567 essct
1549 5488 1812 5565 extra,
1888 5479 2100 5551 sicut
2169 5477 2384 5546 Deus

807 5623 810 5626 ’
839 5619 1149 5699 excedit
1209 5609 1603 5685 ambitum
1664 5595 2097 5692 cujuslibet
2158 5610 2386 5664 croa-

1983 421 2087 489 DE
2131 419 2398 487 RERUM
2418 415 2855 482 PRINCIPIO.

2478 583 2685 653 turae
2768 603 2780 646 :
2870 576 3059 669 quia
3148 569 3516 665 quamvis
3605 565 3712 641 sit
3793 563 3966 640 intra

2480 693 2946 789 quamlibet,
3010 689 3262 765 etiam
3320 690 3445 762 est
3501 689 3770 766 extra;
3809 702 3968 773 ergo

2477 813 2701 886 nullo
2773 813 3004 886 modo
3064 810 3250 882 dum
3319 813 3444 882 est
3514 808 3594 879 in
3671 824 3971 896 corpore

2480 934 2752 1024 potest
2790 950 2970 1002 esse
3019 931 3279 1001 extra.

2569 1046 2975 1125 Secundo,
3056 1063 3154 1114 ex
3240 1038 3734 1112 limitatione
3832 1036 3977 1108 sub-

2482 1163 2849 1242 stantiae3
2930 1159 3204 1232 anima
3289 1155 3507 1228 enim
3592 1158 3672 1228 et
3757 1153 3975 1226 omnis

2482 1282 2893 1359 creatura,
2971 1274 3212 1347 habet
3278 1271 3680 1345 limitatos
3743 1272 3817 1343 et
3878 1269 3980 1340 de·

2482 1394 2999 1474 terminatos,
3044 1394 3124 1464 et
3164 1393 3440 1462 certos
3487 1387 3788 1462 limites
3841 1385 3984 1457 sub-

2484 1511 2836 1600 stantiae,
2887 1509 3106 1582 intra
3142 1526 3346 1598 quos
3381 1505 3621 1578 habet
3659 1522 3852 1583 esse,
3885 1521 3988 1572 ex·

2482 1634 2618 1703 tra
2689 1647 2889 1721 quos
2966 1645 3127 1697 non
3205 1624 3476 1715 potest
3554 1641 3770 1700 esse;
3848 1617 3992 1710 jam

2484 1743 2700 1817 enim
2762 1742 2830 1814 si
2869 1744 3112 1813 extra
3154 1735 3457 1811 limites
3500 1740 3816 1809 naturae
3856 1750 3991 1802 suae

2484 1863 2726 1962 esset,
2782 1857 2888 1930 ibi
2939 1853 3342 1929 terminus
3395 1871 3557 1924 non
3615 1852 3850 1922 esset.
3895 1847 3997 1918 Ita

2484 1976 2680 2050 dicit
2740 1970 3244 2065 Augustinus
3284 1957 3348 2042 4.
3417 1987 3665 2061 super
3731 1966 3997 2036 Genesim

2485 2097 2707 2163 adlit.
2752 2097 2773 2117 ·
2815 2094 3059 2159 Creaca
3096 2100 3340 2156 natura
3372 2087 3570 2155 certis
3606 2087 3749 2152 suis
3783 2083 3994 2159 initiis,
4040 2109 4053 2128 ·

2486 2222 2547 2278 et
2629 2210 2877 2294 finibus
2955 2207 3354 2274 continetur.
3440 2202 3671 2273 Nunc
3761 2198 4000 2269 autem

2488 2345 2670 2399 cum
2732 2322 3004 2396 anima
3073 2320 3180 2394 sit
3250 2318 3597 2410 simplex
3666 2316 3849 2389 dum
3901 2311 4001 2381 est

2489 2444 2569 2516 in
2665 2459 3045 2533 corpore,
3138 2434 3611 2509 necessario
3712 2435 3835 2504 est
3921 2425 4009 2498 ibi

2488 2565 2666 2636 tota
2730 2587 2744 2631 ε
2812 2559 2940 2631 ubi
3019 2562 3292 2631 autem
3371 2554 3644 2647 aliqua
3719 2572 3847 2623 res
3907 2550 4011 2619 est

2489 2682 2692 2760 tota,
2753 2675 3218 2750 necessario
3255 2674 3441 2745 sunt
3486 2670 3611 2743 sui
3652 2663 4006 2743 termini;

2491 2816 2686 2888 ergo
2776 2793 3050 2867 anima
3126 2814 3310 2866 cum
3393 2791 3564 2865 suis
3661 2782 4013 2864 terminis

2492 2912 2958 2986 necessario
3036 2911 3259 2984 intra
3316 2929 3618 3002 corpus
3691 2904 4018 2980 contine·

2490 3033 2664 3110 tur;
2702 3046 2928 3118 ergo,
2965 3030 3118 3100 etc.

2579 3144 2856 3219 Tertia
2899 3144 3112 3217 ratio
3143 3141 3501 3215 sumitur
3539 3160 3639 3214 ex
3679 3131 4020 3211 universi
4129 3137 4166 3186 ἃ·

2494 3260 2992 3355 perfectione
3063 3261 3141 3331 et
3219 3257 3497 3329 ordine
3573 3280 3588 3323 ε
3665 3259 3760 3328 ut
3830 3249 4020 3324 enim
4047 3202 4167 3313 (iffi

2493 3379 2932 3471 appareret
2973 3374 3118 3448 Dei
3170 3371 3572 3467 sapientia
3637 3318 4167 3443 multifor-W‘

2497 3494 2677 3578 miS,
2774 3491 3261 3564 varietatem
3351 3492 3430 3561 et
3503 3483 4030 3559 numerosita-

2492 3615 2657 3685 tem
2702 3613 3277 3684 creaturarum
3343 3604 3603 3678 voluit
3667 3601 4030 3698 produce-

2496 3749 2608 3801 re.
2657 3725 2984 3801 Crcavit
3032 3722 3291 3814 igitur
3331 3721 3414 3794 in
3455 3718 3757 3814 primis
3797 3710 4033 3810 operi-

2491 3844 2638 3916 bus
2676 3845 3021 3916 duarum
3061 3840 3634 3913 creaturarum
3688 3833 4036 3909 differen-

2492 3960 2680 4040 tias,
2744 3960 2839 4031 ad
2895 3974 3093 4049 quas
3149 3953 3381 4026 modo
3440 3950 3723 4042 aliquo
3790 3944 4034 4021 omnis

2498 4074 2927 4147 multitudo
3021 4071 3302 4142 creata
3407 4067 3651 4139 habet
3754 4058 4035 4138 reduci,

2498 4190 2727 4284 quasi
2799 4191 2891 4262 ad
2960 4189 3112 4260 duo
3178 4189 3549 4259 extrema
3629 4183 4040 4257 creatura-

4163 1515 4166 1610 ἑ

4072 2122 4145 2169 cap.
4163 2105 4166 2154 1

2489 4330 2708 4413 rum,
2784 4307 3096 4380 scilicet
3167 4302 3695 4397 spiritualem
3752 4303 3835 4373 et
3887 4313 4044 4371 cor-

2498 4424 2889 4520 poralem.
2963 4421 3242 4497 Omnis
3306 4423 3579 4492 autem
3630 4418 4041 4491 creatura.

2495 4543 2619 4614 vcl
2674 4542 2768 4613 ad
2830 4540 3060 4620 1111110,
3105 4537 3234 4610 vel
3297 4537 3390 4609 ad
3453 4536 3713 4617 illam,
3771 4533 3902 4605 vel
3966 4525 4050 4600 ad

2497 4658 3044 4750 compositum
3086 4676 3185 4727 ex
3217 4657 3566 4744 utraque
3601 4648 4047 4724 reducitur.

2486 4776 2596 4871 ⁴Et
2660 4772 2805 4845 sub
2857 4771 3039 4843 istis
3090 4767 3497 4861 gradibus,
3574 4765 3869 4839 ordine
3929 4761 4051 4834 ad·
4097 4772 4100 4775 “

2500 4889 2856 4963 mirabili
2907 4909 3051 4981 per
3104 4885 3616 4958 immediatos
3664 4882 3975 4976 gradus
4013 4895 4054 4948 a

2496 5008 2884 5078 creatura
2979 5023 3154 5095 quae
3233 5003 3358 5073 est
3429 5019 3692 5093 prope
3775 5018 3887 5078 se,
3966 4990 4053 5063 ad

2499 5123 2722 5195 illam
2795 5141 2969 5212 quae
3029 5122 3152 5191 est
3225 5103 3478 5210 prope
3548 5113 3793 5197 nihil,
3877 5130 4058 5185 con-

2490 5236 2899 5331 jungendo
2972 5234 3251 5306 infima
3329 5231 3877 5324 superiorum
3947 5243 4059 5298 su·

2499 5354 2803 5447 premis
2841 5351 3354 5430 inferiorum,
3396 5345 3843 5440 processit,
3883 5360 4058 5435 qua-

2500 5465 2566 5539 si
2602 5469 2914 5538 reetam
2959 5462 3259 5536 lineam
3294 5457 3888 5553 pertrahendo,
3927 5448 4064 5528 Sed

2501 5585 2689 5676 quia
2756 5582 2970 5654 linea
3044 5583 3268 5652 recta
3333 5579 3460 5649 est
3537 5573 4052 5668 imperfecta.
