4252 6393
675 347 794 411 714
1838 345 1939 406 DE
1982 344 2248 409 RERUM
2295 344 2683 411 PRlNClPlO

662 527 820 579 non
878 527 1088 579 nova
1168 507 1411 579 realis
1496 506 1786 579 relatio
1867 504 2201 599 proprie
2315 505 2472 578 nisi
2517 508 2895 582 varietur
2926 531 3084 592 esse,
3128 513 3206 582 et
3276 513 3598 582 natura.
3671 510 3864 583 Uni·

664 624 813 697 fuit
855 624 1001 697 filii
1043 625 1137 697 ad
1196 626 1511 718 patrem
1548 628 1886 718 propter
1946 622 2202 695 unita·
2313 626 2441 696 tas
2484 625 2699 698 enim
2736 628 3164 720 suppositi,
3213 631 3292 701 et
3324 627 3868 701 accidentium

665 745 829 814 tem
866 740 1296 835 suppositi.
2316 762 2499 814 eum
2571 742 2960 837 subjee‘O,
3035 747 3157 816 est
3236 764 3428 816 vere
3498 745 3867 836 quaedam

449 904 494 957 6·
754 857 1118 934 Ulterius
1186 861 1308 930 est
1350 857 1791 940 dicendum,
1855 859 2058 950 quod
2124 857 2205 930 in
2319 858 2588 930 unitas
2643 863 2774 939 ;et
2862 860 3034 932 ideo
3114 859 3414 952 aliquid
3472 864 3869 934 causatur

325 972 394 1022 1²²
429 971 639 1019 ‘'mm‘'
672 974 1002 1051 Christo
1063 979 1186 1049 est
1246 995 1493 1049 unum
1564 1000 1698 1045 esse
1773 976 2203 1068 suppositi,
2319 993 2503 1045 eum
2581 974 2666 1046 fit
2737 974 2927 1049 talis
3006 974 3304 1058 unitas,
3382 974 3567 1067 quia
3627 976 3870 1069 plura

324 1041 640 1170 eesf'fessffi·
672 1094 878 1184 quod
918 1096 1043 1166 est
1074 1116 1207 1162 esse
1246 1093 1456 1166 entis
1494 1091 1833 1185 perfecti
1867 1093 2005 1165 alii
2049 1113 2208 1164 non
2319 1090 2522 1164 fiunt
2558 1112 2829 1175 unum,
2906 1097 2986 1166 et
3026 1092 3328 1186 aliquid
3365 1092 3867 1167 discernitur

430 1164 544 1208 'm'
674 1207 1136 1283 innitentis:
1176 1208 1291 1282 sie
1323 1208 1535 1280 enim
1583 1209 1660 1281 in
1706 1229 1859 1281 uno
1894 1230 2050 1281 non
2084 1212 2211 1282 est

668 1325 826 1398 nisi
896 1345 1141 1400 unum
1218 1350 1373 1409 esse,
1449 1346 1592 1418 per
1670 1327 1873 1419 quod
1937 1326 2210 1398 omnia

670 1465 844 1537 quae
869 1447 1052 1516 sunt
1088 1445 1167 1518 in
1195 1444 1360 1527 illo,
1397 1443 1850 1518 subsistunt
1887 1470 1900 1513 :
1944 1444 2209 1539 ipsum

666 1566 939 1635 autem
984 1560 1493 1654 suppositum
1561 1580 1704 1653 per
1773 1582 1855 1632 se
1897 1561 2205 1642 existit,

666 1681 743 1751 et
788 1678 1202 1753 subsistit:
1252 1678 1452 1749 unde
1493 1701 1628 1745 esse
1660 1677 2209 1752 subsistentife

668 1816 912 1867 unum
955 1799 1105 1867 est.
1153 1798 1309 1863 Esse
1368 1799 1644 1867 tamen
1688 1794 2203 1887 simpliciter,

665 1912 1149 1987 etabsolute
1210 1914 1662 2004 acceptum,
1747 1916 2025 1986 aetum
2094 1934 2210 1983 es-

672 2029 980 2112 sentiae,
1025 2030 1148 2101 vel
1210 2028 1665 2102 existentiae
1725 2029 2208 2122 importans,

673 2148 770 2219 ab
800 2147 1155 2219 essentia
1208 2147 1547 2220 realiter
1604 2168 1763 2220 non
1803 2146 2208 2230 differem,

677 2264 1191 2357 plurificatur
1258 2265 1692 2336 seeundum
1765 2264 2214 2339 multitudi-

671 2401 854 2453 nem
895 2383 1409 2453 naturarum.

765 2500 909 2571 Sed
952 2496 1175 2570 eirea
1225 2496 1375 2569 hoe
1437 2501 1561 2570 est
1600 2496 1920 2569 dubium
1964 2522 1977 2565 ε
2025 2516 2213 2589 quo-

676 2617 905 2688 modo
942 2614 1020 2687 in
1055 2614 1383 2689 Christo
1419 2615 1526 2688 sit
1552 2614 1756 2686 idem
1779 2638 1911 2681 csse
1942 2635 2214 2687 essen-

677 2732 836 2813 tiae,
874 2735 951 2805 et
973 2731 1427 2804 existentiae
1463 2734 1777 2803 naturae
1813 2730 2209 2814 humanae,

675 2870 850 2943 quae
926 2850 1262 2923 realiter
1336 2849 1606 2924 differt
1674 2850 1771 2922 ab
1829 2851 2211 2933 essentia,

675 2971 756 3041 et
777 2991 910 3036 esse
930 2967 1219 3039 divinae
1241 2971 1556 3039 naturae
1580 2972 1614 3037 ⁴?
1646 2988 1829 3039 eum
1851 2992 1983 3035 esse
2011 2968 2214 3039 exis-

674 3085 950 3159 tentiae
992 3083 1278 3177 ipsius,
1333 3104 1491 3155 non
1563 3083 1670 3157 sit
1741 3083 1942 3156 idem
2007 3086 2214 3176 quod

670 3200 1272 3274 esseexistentiae
1295 3202 1696 3295 suppositi
1719 3201 1990 3274 divini.
2019 3207 2215 3276 Cum

671 3322 941 3391 tamen
1005 3319 1442 3398 videamus,
1528 3320 1734 3411 quod
1795 3320 1862 3391 si
1916 3323 2216 3392 natura-

678 3436 1033 3508 humana
1115 3435 1445 3508 liaberet
1517 3460 1650 3505 esse
1710 3456 1855 3528 per
1916 3457 2024 3518 se,
2102 3437 2212 3508 ita

680 3553 837 3625 tria
874 3577 1008 3622 esse
1048 3557 1318 3627 essent
1390 3554 1471 3625 in
1530 3574 1675 3636 ea;
1722 3553 1846 3624 vel
1918 3554 2217 3648 aliquid

676 3672 996 3746 videtur
1036 3672 1106 3744 ei
1144 3671 1449 3745 auferri
1501 3694 1643 3766 per
1686 3674 2092 3757 unionem,
2139 3678 2219 3748 et

682 3792 759 3862 in
800 3809 893 3860 ea
927 3789 1103 3862 fieri
1152 3812 1292 3883 per
1324 3791 1954 3883 separationem,
1994 3793 2060 3862 si
2106 3814 2219 3863 se-

682 3928 771 3998 pa
790 3909 1102 3978 rantur.
1142 3909 1321 3978 Non
1355 3907 1675 3979 videtur
1704 3912 1974 3981 autem
2007 3907 2216 3991 tolli,

681 4025 805 4096 vel
849 4025 1174 4096 eausari
1208 4025 1758 4110 subsistentia,
1798 4028 1953 4100 nisi
1990 4028 2220 4102 tolla-

685 4151 819 4219 tur
886 4146 1265 4227 essentia,
1339 4149 1417 4218 et
1489 4147 1951 4230 existentia,
2034 4169 2218 4219 eum

685 4266 845 4338 sint
883 4262 1109 4336 idem.
1152 4268 1249 4339 Et
1280 4263 1497 4348 dicit,
1537 4265 1740 4356 quod
1786 4264 2221 4338 subsisten-

686 4383 796 4455 tia
829 4383 1042 4457 addit
1085 4383 1384 4475 aliquid
1409 4383 1960 4457 extrinsecum
1990 4409 2002 4463 ;
2034 4404 2222 4456 nam

686 4499 1132 4573 subsistere
1192 4504 1508 4572 estnon
1553 4500 1786 4573 inniti
1822 4500 2088 4580 alteri,
2146 4503 2222 4572 et

688 4619 803 4690 sie
842 4620 1232 4710 importat
1271 4617 1755 4691 relationem
1797 4617 1889 4688 ad
1925 4617 2227 4710 aliquid

686 4734 1261 4816 extrinsecum,
1330 4735 1535 4827 quod
1602 4734 1978 4806 exe-ludit.
2048 4735 2226 4805 Ideo

688 4856 956 4945 potest
1000 4852 1174 4925 fieri
1208 4853 1563 4926 variatio
1608 4852 1820 4924 inter
1878 4850 2028 4922 hoe
2098 4875 2230 4918 esse

689 4993 833 5065 per
867 4971 1273 5053 unionem,
1320 4971 1444 5043 vel
1488 4967 2088 5062 separationem
2135 4967 2232 5038 ab

689 5089 979 5171 altero,
1025 5108 1183 5159 non
1248 5087 1459 5161 saeta
1502 5083 1958 5157 variatione
2010 5084 2232 5156 eirea

690 5205 1242 5288 existentiam,
1325 5203 1448 5276 vel
1524 5200 1963 5274 essentiam
2001 5227 2014 5270 ε
2100 5201 2232 5271 sed

690 5323 1255 5403 esseessentiae,
1330 5321 1455 5393 vel
1515 5319 1970 5392 existentiae
2039 5318 2233 5392 ‹lieit

696 5439 1208 5532 simpliciter,
1246 5442 1323 5511 et
1358 5439 1725 5512 absolute
1760 5441 2031 5511 aetum
2109 5459 2233 5509 es-

700 5558 1001 5642 sentiae,
1106 5557 1275 5636 ideo
1346 5578 1503 5630 non
1565 5560 1831 5652 potest
1888 5553 2228 5637 variari,

2323 1229 2505 1281 eum
2537 1209 3039 1295 dissolvitur,
3077 1216 3154 1285 et
3188 1212 3565 1285 convenit
3597 1212 3866 1284 varia-

2321 1326 2437 1397 tio
2477 1352 2489 1395 :
2528 1329 2619 1401 ad
2664 1349 2901 1421 quam
2947 1329 3259 1403 seilicet
3317 1329 3864 1404 variationem

2325 1444 2758 1516 seeundum
2800 1469 2935 1515 esse
2976 1446 3522 1520 subsistentiae
3555 1468 3715 1519 non
3753 1468 3866 1519 se·

2325 1563 2606 1653 quitur
2643 1587 2775 1633 esse
2806 1564 3204 1649 essentiae,
3250 1564 3375 1637 vel
3409 1564 3867 1639 existentia}

2326 1679 2747 1772 simplicis,
2821 1681 2978 1753 nisi
3041 1682 3233 1757 talis
3295 1682 3652 1755 variatio
3723 1682 3868 1757 fiat

2324 1797 2546 1869 eirea.
2588 1818 2707 1880 ea,
2757 1819 2931 1889 quae
2975 1803 3161 1873 sunt
3200 1819 3442 1871 unum
3488 1798 3569 1871 in
3599 1820 3867 1872 essen·

2325 1915 2467 1995 tia,
2505 1918 2657 1987 ete.

2414 2034 2528 2104 Ex
2565 2031 2972 2125 praedietis
3021 2036 3288 2126 potest
3320 2032 3623 2125 colligi,
3662 2034 3868 2125 quod

2326 2147 2404 2219 in
2476 2147 2806 2221 Christo
2881 2148 3201 2221 ratione
3262 2148 3665 2242 suppositi
3734 2172 3869 2217 esse

2326 2265 2871 2339 subsistentiae
2912 2269 3034 2337 est
3079 2285 3323 2337 unum
3349 2264 3863 2359 simpliciter,

2327 2400 2483 2453 non
2520 2383 2952 2455 seeundum
3012 2382 3223 2474 quid,
3268 2386 3344 2455 et
3413 2407 3549 2451 esse
3597 2403 3869 2455 essen-

2329 2496 2490 2580 tiae,
2536 2503 2617 2572 et
2657 2499 3114 2574 existentiae
3183 2505 3305 2574 est
3369 2500 3634 2594 plura,
3678 2498 3871 2571 lieet

2327 2636 2484 2688 non
2539 2616 3051 2708 simpliciter,
3097 2620 3176 2689 et
3221 2617 3392 2689 sine
3423 2616 3873 2689 distinetio-

2327 2753 2450 2815 ne,
2496 2738 2575 2807 et
2627 2735 2751 2805 est
2800 2734 3290 2828 simpliciter
3333 2736 3570 2828 plura
3626 2734 3870 2808 ratio—

2329 2870 2426 2923 ne
2461 2856 2975 2925 naturarum.

2419 2968 2528 3039 Ad
2572 2972 3148 3059 argumentum
3236 2968 3443 3061 quod
3521 2968 3870 3043 ostendit

2329 3106 2507 3158 esse
2568 3085 2804 3178 plura
2862 3087 3296 3158 seeundum
3331 3085 3868 3179 suppositum,

2332 3205 2518 3296 quia
2594 3209 2718 3277 est
2788 3202 3477 3297 praedestinatum,
3545 3205 3870 3296 inquan-

2328 3324 2500 3393 tum
2547 3321 2715 3392 liaee
2750 3321 3362 3413 prfedestinatio
3394 3325 3521 3394 est
3555 3341 3868 3414 respec-

2332 3441 2412 3512 tu
2450 3439 2660 3510 entis
2704 3436 3072 3530 perfecti,
3110 3458 3294 3510 eum
3358 3437 3467 3510 sit
3523 3436 3866 3512 directio

2333 3557 2681 3648 alicujus
2728 3555 2801 3628 in
2840 3556 3214 3638 salutem,
3253 3557 3457 3648 quod
3526 3576 3688 3629 non
3747 3560 3872 3629 est

2333 3671 3617 3767 nisisuppositi,0¹¹jusestagere
3641 3691 3874 3764 prop·

2335 3794 2463 3864 ter
2519 3791 2780 3861 finem.
2838 3790 3233 3869 Coneedo,
3312 3790 3518 3881 quod
3579 3809 3870 3881 suppo-

2336 3906 2583 3979 situm
2625 3910 2748 3979 est
2783 3906 3475 3998 praedestinatum,
3515 3907 3723 3997 quod
3753 3908 3874 3978 est

2337 4024 2540 4096 idem
2588 4024 2663 4095 in
2695 4023 2964 4096 divina
2999 4029 3321 4104 natura,
3387 4024 3519 4095 sed
3557 4024 3873 4096 ratione

2336 4140 2734 4221 humanm,
2780 4160 2936 4211 non
2971 4140 3260 4212 ‹livinae
3302 4145 3648 4222 naturae,
3696 4160 3870 4212 eon-

2334 4257 2557 4330 venit
2590 4256 2663 4329 ei
2700 4256 3337 4349 praedestinatio.
3375 4257 3594 4328 Unde
3629 4259 3871 4349 Apos-

2339 4374 2555 4449 tolus
2600 4393 2784 4445 eum
2825 4374 3163 4448 dixisset
3206 4375 3299 4446 ad
3351 4375 3767 4446 Romanos
3807 4376 3864 4444 1.

2343 4495 2475 4571 Qui
2504 4496 2725 4579 sactus
2747 4505 2838 4558 esc
2880 4495 2943 4558 ei
2972 4516 3055 4559 ex
3084 4496 3333 4559 semine
3373 4494 3595 4560 Dav-id
3658 4515 3869 4560 secun·

2319 4609 2494 4698 §dnm
2528 4631 2820 4691 carnem,
2859 4611 2982 4696 qui
3015 4610 3543 4698 prtedeslinatus
3571 4621 3666 4676 cst
3695 4611 3871 4694 filius

2342 4729 2465 4792 Dei
2491 4729 2554 4792 in
2586 4729 2834 4792 virtute
2854 4754 2872 4792 .·
2902 4724 3276 4806 ostendit,
3307 4725 3512 4816 quod
3538 4722 3691 4797 hoe
3733 4721 3874 4796 sibi

2342 4843 2797 4924 conveniat,
2837 4843 3315 4933 inquantum
3351 4845 3473 4914 est
3517 4863 3616 4913 ex
3649 4840 3875 4914 semi·

2345 4980 2439 5030 ne
2472 4958 2748 5030 David.
2788 4958 3172 5040 Quamvis
3206 4960 3421 5030 enim
3456 4958 3575 5030 illi
3621 4960 3726 5031 sit
3756 4979 3875 5029 na·

2347 5081 2424 5150 tu
2447 5075 2615 5148 rale
2677 5075 3110 5146 seeundum
3181 5077 3565 5146 naturam
3608 5073 3876 5146 liuma-

2345 5213 2562 5272 nam,
2627 5192 2758 5263 sed
2849 5192 2999 5263 sibi
3069 5191 3220 5263 hoe
3281 5193 3672 5284 competit
3742 5210 3873 5284 per

2348 5308 2668 5380 unionis
2704 5308 3090 5399 gratiam,
3136 5309 3290 5381 ete.
3346 5312 3588 5398 Aliqua
3629 5312 3872 5376 desunt.
