4252 6393
372 4456 606 4550 objeci...
630 4485 677 4537 1.

722 373 830 434 110

729 534 951 613 tatis,
998 538 1079 608 et
1122 536 1413 628 pruina
1444 541 1569 611 est
1612 537 1934 628 signum
1969 538 2266 612 futurae

731 651 1044 745 pluviae.

816 774 1079 843 Causa
1120 773 1625 863 potestesse,
1673 770 1861 861 quia
1903 771 1997 842 ad
2038 792 2267 862 gene-

732 887 1134 962 rationem
1194 888 1485 982 pluviae
1535 894 2043 962 concurrunt
2081 889 2262 972 duo,

730 1009 819 1084 ut
883 1004 1187 1078 dictum
1246 1010 1394 1087 est,
1462 1006 1779 1080 scilicet
1835 1005 2267 1080 multitudo

724 1122 1058 1215 vaporis
1101 1142 1350 1216 supra
1389 1128 1727 1205 terram,
1784 1127 1865 1196 et
1915 1122 2266 1198 intensio

726 1239 1033 1336 caloris
1077 1241 1172 1311 ad
1226 1239 1452 1312 illum
1487 1240 1994 1319 elevandum
2036 1239 2267 1310 modo

728 1377 913 1429 cum
975 1378 1113 1429 ros
1182 1358 1325 1431 fiat
1388 1363 1755 1449 tempore
1814 1356 2102 1436 calido,
2168 1356 2266 1427 εἰ·

728 1493 975 1563 gnum
1037 1477 1167 1546 est
1232 1473 1434 1565 quod
1506 1492 1665 1544 non
1724 1473 1848 1544 est
1907 1470 2266 1544 defectus

728 1591 1032 1665 caloris
1096 1588 1582 1672 sufficientis
1642 1592 1967 1663 elevare
2026 1611 2264 1682 vapo-

729 1727 885 1786 res,
938 1712 1018 1780 et
1076 1727 1258 1779 cum
1310 1712 1499 1780 tunc
1551 1727 1709 1777 non
1766 1709 1911 1781 ssat
1966 1704 2261 1799 pluvia,

727 1829 1052 1916 oportet
1085 1821 1291 1916 quod
1342 1824 1449 1912 sit
1496 1822 1859 1896 defectus
1902 1823 2259 1916 vaporis,

722 1962 819 2012 ex
881 1963 1037 2033 quo
1113 1942 1375 2034 pluvia
1449 1942 1774 2014 deberet
1838 1941 2258 2029 generari;

721 2058 957 2129 -modo
1015 2057 1373 2131 defectus
1432 2057 1769 2150 vaporis
1822 2057 2118 2147 grossi,
2166 2080 2262 2130 ex

724 2194 881 2266 quo
928 2174 1198 2266 pluvia
1240 2180 1436 2249 nata
1476 2178 1601 2246 est
1662 2174 2073 2264 generari,
2140 2181 2264 2250 est

725 2291 1045 2380 signum
1090 2291 1603 2372 se1·enitatis;
1640 2290 1777 2363 sed
1815 2290 2003 2383 quia
2049 2291 2263 2384 prui-

724 2427 825 2478 na
873 2408 962 2481 fit
1013 2412 1385 2500 tempore
1442 2407 1766 2497 frigido,
1818 2407 1895 2478 in
1940 2429 2097 2499 quo
2140 2412 2265 2481 est

724 2522 1213 2597 abundantia
1280 2523 1615 2616 vaporis
1690 2523 1993 2614 grossi,
2088 2523 2262 2595 ideo

722 2659 906 2713 cum
958 2642 1148 2712 tunc
1190 2659 1349 2711 non
1394 2639 1537 2713 fiat
1581 2639 1876 2732 pluvia,
1940 2638 2263 2730 signum

674 2837 677 2838 ⁷
722 2759 849 2828 est
882 2754 1095 2845 -quod
1135 2759 1261 2827 est
1301 2754 1659 2829 desectus
1703 2754 2007 2829 caloris
2052 2757 2262 2828 suffl-

721 2871 1014 2945 cientis
1047 2872 1371 2944 elevare
1407 2872 1610 2949 istos
1654 2897 2002 2971 vapores
2036 2898 2261 2968 gros-

723 3009 884 3070 sos,
932 2993 1012 3063 et
1055 2989 1241 3081 quia
1292 2991 1526 3064 calor
1570 2998 1759 3068 tunc
1810 2996 2074 3068 elevat
2131 3015 2263 3066 va-

722 3127 965 3200 pores
1000 3105 1364 3189 subtiles,
1404 3129 1450 3180 a
1494 3131 1591 3203 qu
1608 3110 1783 3182 ibus
1817 3117 2265 3204 generatur

725 3224 1041 3317 pruina,
1090 3225 1412 3315 signum
1453 3231 1578 3300 est
1630 3229 1838 3320 quod
1883 3231 2115 3303 calor
2153 3230 2262 3303 in-

720 3339 921 3432 cipit
955 3339 1416 3424 fortiflcari,
1453 3349 1533 3417 et
1569 3343 1904 3428 intendi;
1951 3350 2032 3419 et
2073 3367 2259 3418 cum

721 3477 877 3530 non
922 3457 1183 3550 possit
1236 3463 1553 3532 tantum
1599 3460 1925 3545 intendi,
1973 3468 2062 3536 ut
2105 3463 2262 3535 suf-

717 3575 941 3652 ficiat
1026 3592 1377 3667 vapores
1454 3598 1939 3651 consumere
2022 3599 2262 3672 prop-

721 3702 849 3772 ter
880 3696 1418 3789 frigiditatem
1460 3696 1883 3789 temporis,
1931 3695 2105 3773 ideo
2153 3696 2261 3788 ip·

719 3834 855 3888 sos
898 3820 1090 3889 tunc
1136 3811 1441 3884 sufficit
1481 3833 2033 3894 commovere;
2094 3834 2254 3884 mo-

717 3932 814 4004 do
900 3929 1347 4004 commotio
1415 3927 1748 4021 vaporis
1823 3927 1994 4003 sine
2070 3949 2254 4000 con-

721 4046 1182 4139 sumptione
1264 4049 1389 4118 est
1464 4064 1714 4117 causa
1787 4044 2106 4136 pluviae,
2181 4050 2262 4120 et

724 4165 895 4236 ideo
930 4163 1220 4257 pruina
1257 4166 1382 4235 est
1426 4161 1747 4251 signum
1804 4161 2095 4254 pluviae
2147 4161 2259 4234 fu-

702 4287 953 4357 turae.

810 4397 957 4472 Sed
1026 4400 1316 4470 contra
1376 4394 1533 4469 ista
1587 4393 1998 4486 objicitur,
2072 4396 2262 4488 quia

720 4513 1139 4588 dicebatur
1171 4511 1376 4604 quod
1410 4532 1573 4593 ros,
1619 4516 1698 4584 et
1752 4510 2045 4607 pruina
2077 4535 2275 4586 con-·

718 4628 1052 4703 veniunt
1103 4627 1183 4700 in
1230 4628 1406 4700 loco
1462 4648 1627 4699 suae
1671 4627 2254 4719 generationiS,

718 4767 811 4818 eo
870 4745 1077 4838 quod
1128 4748 1566 4836 utrumque
1606 4742 1697 4817 fit
1745 4742 1824 4816 in
1879 4744 2258 4818 inferiori

696 4862 1053 4954 ⁴regione
1121 4861 1370 4942 aeris;
1445 4861 1577 4934 sed
1635 4866 1929 4935 contra
1987 4861 2257 4954 argui-

719 4984 881 5061 tur,
933 4980 1139 5071 quod
1200 5000 1336 5051 ros
1381 4998 1541 5050 non
1589 4979 1680 5053 fit
1739 4977 1817 5050 in
1876 4977 2258 5052 inferiori

718 5096 1053 5187 regione
1088 5096 1304 5168 aeris
1349 5095 1536 5187 quia
1586 5096 1653 5167 si
1706 5096 1847 5177 sic,
1888 5117 2256 5188 sequere-

717 5220 856 5288 tur
898 5212 1103 5305 quod
1158 5212 1580 5303 generatio
1634 5211 1854 5285 roris
1913 5233 2073 5284 non
2118 5211 2257 5284 im-

716 5330 1133 5424 pediretur
1196 5348 1340 5420 per
1397 5327 1645 5398 nubes
1690 5353 1705 5397 :
1752 5348 2254 5422 consequens

714 5451 838 5521 est
890 5449 1181 5519 contra
1243 5443 1864 5535 experientiam.
1924 5448 2023 5519 Et
2075 5465 2256 5537 pro·

712 5551 955 5634 batur
1030 5559 1645 5652 consequentia,
1740 5561 1921 5652 quia
2003 5561 2251 5633 nutries

1878 380 2018 440 Lm.
2073 381 2114 439 1.
2165 380 2707 445 METEORORUM

2381 547 2569 615 sunt
2606 542 2683 614 in
2721 543 2978 615 media
3014 541 3347 632 regione
3378 541 3622 622 aeris,
3666 545 3746 615 et
3791 561 3924 612 ros

2381 691 2529 762 per
2604 676 2684 744 te
2772 676 3221 764 generatur
3296 671 3508 745 citra
3582 669 3923 742 mediam

2383 791 2841 880 regionem3
2909 793 3164 886 igitur
3224 793 3646 884 generatio
3709 794 3925 866 roris

2379 937 2538 989 non
2586 923 2854 1010 pote-st
2898 920 3272 1014 impediri
3323 942 3369 992 a
3408 921 3640 992 nube.

2468 1046 2850 1126 Secundo,
2881 1046 2948 1117 si
2989 1066 3122 1118 ros
3146 1065 3437 1137 genera
3455 1050 3686 1120 retur
3711 1044 3788 1116 in
3818 1043 3921 1115 in·
3970 1052 4190 1102 Secunda·

2380 1169 2666 1244 1'criori
2706 1173 3036 1262 regione
3078 1172 3323 1252 aeris,
3358 1172 3484 1244 vel
3528 1171 3678 1244 hoc
3711 1174 3926 1242 esset

2382 1300 2462 1372 in
2479 1296 2790 1389 hyeme,
2813 1299 3240 1375 velaestate
3269 1324 3284 1380 ;
3308 1320 3468 1371 non
3503 1298 3580 1371 in
3600 1298 3753 1389 bye
3768 1318 3917 1378 me,

2382 1426 2571 1520 quia
2631 1431 2855 1500 totus
2915 1446 3061 1498 aer
3109 1446 3156 1497 a
3226 1432 3460 1499 terra
3511 1447 3763 1517 usque
3832 1425 3926 1496 ad
4002 1429 4009 1436 ’

2382 1554 2724 1626 mediam
2772 1553 3189 1644 regionem
3216 1556 3341 1626 est
3372 1551 3756 1624 continue
3792 1549 3924 1621 fri-

2380 1679 2612 1768 gidus
2657 1700 2801 1773 per
2841 1679 3242 1770 hyemem,
3308 1682 3388 1751 et
3451 1699 3596 1770 per
3652 1697 3926 1749 conse-

2382 1827 2633 1897 quens
2679 1826 2942 1898 vapor
2984 1805 3142 1879 iste
3183 1805 3416 1898 prius
3458 1804 3928 1894 congelare-

2376 1935 2539 2012 tur,
2569 1952 2809 2023 quam
2845 1936 3475 2012 converteretur
3502 1931 3922 2022 inaquam.

2377 2058 2540 2128 Nec
2586 2057 2666 2128 in
2708 2061 3021 2138 mune,
3088 2057 3280 2149 quia
3324 2061 3520 2131 tunc
3586 2060 3926 2148 propter

2376 2185 2739 2256 calorem
2780 2184 3372 2257 dissolveretur
3406 2181 3777 2262 materia,
3845 2184 3927 2254 et

2376 2300 2552 2372 ideo
2594 2300 2788 2374 dicit
2814 2301 3300 2374 Aristoteles
3334 2301 3541 2391 quod
3593 2320 3730 2371 ros
3764 2319 3924 2370 non

2376 2419 2466 2489 fit
2532 2423 2901 2510 tempore
2969 2416 3214 2489 nimis
3284 2416 3544 2488 calido
3604 2441 3618 2485 ε
3688 2415 3919 2486 modo

2375 2536 2597 2607 inter
2664 2518 2966 2608 metera
3047 2537 3418 2625 tempora
3482 2535 3726 2605 aestas
3797 2535 3924 2604 est

2377 2658 2697 2746 tempus
2730 2649 3348 2723 calidissimum.

2459 2769 2762 2848 Tertio,
2797 2766 2984 2860 quia
3012 2786 3151 2837 ros
3184 2769 3630 2856 generatur
3671 2764 3920 2838 altius

2377 2906 2618 2979 quam
2666 2883 2960 2977 pluvia,
2999 2882 3172 2954 ideo
3218 2902 3355 2953 ros
3389 2901 3547 2952 non
3589 2900 3919 2970 genera-

2376 3009 2516 3077 tur
2549 3002 2632 3073 in
2659 2998 3039 3073 inferiori
3075 2998 3408 3088 regione
3431 2997 3675 3069 aeris,
3719 3003 3916 3072 Con·

2377 3117 2798 3211 sequentia
2841 3121 3086 3196 tenet,
3146 3116 3334 3208 quia
3370 3113 3649 3207 pluvia
3690 3134 3917 3207 gene-

2377 3241 2616 3310 ratur
2684 3235 2762 3307 in
2825 3232 3084 3306 media
3145 3231 3480 3321 regione
3527 3231 3770 3311 aeris,
3834 3235 3920 3303 ut

2378 3353 2605 3447 prius
2634 3352 3078 3425 dicebatur.
3107 3352 3206 3423 Et
3229 3350 3706 3422 antecedens
3741 3368 3921 3440 pro-

3998 2722 4150 2771 Terte'a
4159 2759 4170 2774 ,

2332 3469 2640 3551 .batur,
2714 3468 2902 3561 quia
2967 3465 3158 3538 illud
3208 3466 3459 3540 altius
3529 3464 3915 3545 ascendit,

2376 3607 2512 3660 seu
2559 3589 3027 3677 generatur,
3094 3583 3327 3675 cujus
3389 3580 3737 3655 materia
3794 3586 3921 3654 est

2377 3700 2759 3776 subtilior
2793 3703 2874 3771 et
2913 3697 3212 3779 levior3
3277 3698 3511 3770 modo
3574 3696 3921 3770 materia

2377 3818 2596 3891 roris
2651 3816 3031 3889 subtilior
3061 3818 3210 3895 est,
3248 3819 3329 3887 et
3360 3814 3621 3886 levior
3676 3818 3920 3886 mate·
3971 3878 3974 3881 ,

2380 3935 2505 4008 ria
2541 3932 2875 4027 pluvit&
2935 3932 3216 4024 igitur,
3273 3936 3428 4003 etc.
3476 3930 3747 4022 Major
3789 3950 3920 4023 pa-

2374 4057 2516 4133 tet,
2556 4052 2745 4144 qui-a
2769 4050 3059 4123 levitas
3091 4069 3275 4121 cum
3310 4047 3763 4121 subtilitate
3794 4049 3921 4119 est

2374 4190 2623 4243 causa.
2661 4171 2927 4241 motus
2971 4185 3343 4246 sursun1;
3381 4168 3460 4238 et
3497 4165 3765 4235 minor
3788 4184 3921 4257 pa-

2374 4290 2515 4367 tet,
2589 4284 2775 4377 quia
2846 4303 2989 4376 per
3032 4282 3185 4354 hoc
3224 4280 3608 4355 differunt
3659 4301 3796 4353 ros
3837 4284 3918 4355 et

2373 4401 2671 4496 pluvia.

2460 4520 2796 4601 Quarto,
2844 4515 3036 4607 quia
3079 4513 3289 4587 sicut
3350 4535 3434 4585 se
3492 4513 3733 4589 habet
3771 4535 3916 4587 aer
3988 4502 4204 4558 QM’W

2371 4635 2467 4707 ad
2509 4628 2825 4726 aquam,
2866 4632 2980 4706 ita
3015 4653 3153 4705 ros
3187 4633 3283 4705 ad
3330 4631 3727 4725 pluviam3
3779 4631 3914 4703 sed
4203 4612 4204 4643 ³

2371 4771 2515 4824 aer
2601 4756 2841 4825 natus
2932 4754 3058 4823 est
3143 4749 3579 4823 ascendere
3669 4769 3916 4841 super

2372 4883 2709 4955 aquam;
2776 4860 3035 4953 igitur
3110 4866 3190 4937 et
3251 4883 3388 4934 ros
3433 4882 3679 4954 super
3747 4860 3914 4953 plu-

2371 4979 2616 5051 viam.
2657 4977 2925 5071 Major
2959 4982 3209 5072 patet,
3257 4978 3444 5070 quia
3488 4999 3625 5050 ros
3665 4981 3789 5051 est
3819 4976 3912 5049 de

2371 5100 2670 5167 natura
2738 5093 2984 5175 aeris,
3057 5115 3242 5166 cum
3287 5094 3395 5168 sit
3462 5093 3768 5166 calidus
3835 5096 3919 5166 et

2371 5210 2772 5293 humiduS,
2846 5211 3283 5283 secundum
3337 5210 3783 5289 Albertum‚
3836 5212 3924 5282 et

2373 5328 2640 5421 pluvia
2675 5329 3088 5403 denatura
3132 5348 3385 5421 aquae,
3423 5348 3609 5400 cum
3642 5327 3748 5400 sit
3781 5324 3920 5397 fri-

2373 5445 2579 5535 gida,
2636 5451 2716 5520 ct
2767 5445 3117 5518 humida.

2458 5562 2776 5644 Quinte,
2831 5562 3025 5636 dicit
3098 5556 3474 5637 Alb'ertus
3530 5585 3729 5653 super
3785 5564 3910 5629 isto
3982 5554 4178 5612 0“⁸'”‘⁰·
