4252 6393
1773 407 2137 482 QUAES'l'lO
2186 407 2373 469 xxiv

413 567 656 652 primo,
712 564 927 654 quod
972 584 1109 636 ros
1144 570 1593 656 generatur
1628 565 1705 637 in
1741 585 1963 658 supe·

422 679 624 752 riori
673 681 1009 772 regione
1050 683 1294 755 aeris,

205 810 253 859 ⁵-
506 796 620 869 Ad
695 798 911 871 istud
986 800 1337 880 dubium,
1408 800 1583 873 (lico
1672 800 1960 893 primo,

79 873 625 1010 poeffaff‘ssu'ssquod
687 935 826 986 ros
894 935 1054 988 non
1116 921 1386 1010 potest
1442 916 1824 1006 generari
1889 917 1966 989 in

80 1014 273 1122 5...ss
295 1015 832 1136 iffsssuperiori
869 1033 1203 1126 regione
1246 1034 1488 1107 aeris.
1530 1036 1961 1116 Probatur,

78 1137 608 1240 '‘⁰⁹²⁰‘'''quia
652 1147 786 1221 ubi
824 1149 1173 1224 materia
1236 1151 1454 1223 roris
1488 1172 1647 1224 non
1702 1155 1967 1244 potest

416 1265 918 1357 pertingere,
961 1265 1072 1338 ibi
1105 1287 1265 1340 non
1316 1273 1589 1360 potest
1634 1288 1965 1358 genera·

415 1380 490 1452 ri
548 1407 564 1449 :
615 1382 752 1454 sed
798 1382 1149 1457 materia
1213 1385 1432 1487 roris
1483 1406 1641 1457 non
1702 1390 1966 1478 potest

412 1496 898 1591 pertingere
956 1500 1053 1572 ad
1110 1501 1625 1595 superiorem
1708 1502 1965 1593 regio-

404 1634 590 1687 nem
644 1615 896 1688 aeris.
968 1617 1240 1711 Major
1309 1619 1553 1711 patet,
1626 1618 1814 1710 quia
1853 1618 1968 1691 nil

406 1738 865 1822 generatur
898 1756 1144 1828 super
1184 1757 1331 1806 suo
1365 1735 1767 1829 principio
1807 1757 1965 1809 ma-

406 1847 715 1923 teriali.
813 1852 912 1923 Et
980 1851 1248 1925 minor
1323 1858 1691 1945 apparet,
1775 1854 1967 1946 quia

405 1965 762 2038 materia
804 1967 961 2041 ista
992 1990 1175 2042 cum
1212 1969 1319 2043 sit
1349 1970 1698 2052 subtilis,
1738 1972 1964 2063 prius

404 2085 1040 2177 ingrossaretur
1070 2108 1117 2158 a
1166 2087 1618 2178 frigiditate
1690 2091 1965 2163 mediae

406 2202 810 2292 regionis,
899 2224 1141 2296 quam
1221 2205 1795 2297 pertransiret,
1886 2214 1967 2283 et

403 2317 716 2391 iterato
782 2319 1325 2412 repelleretur
1382 2321 1787 2395 deorsum.

498 2436 894 2515 Secundo,
943 2436 1131 2528 quia
1174 2439 1555 2530 superior
1590 2438 1817 2530 regio
1841 2460 1965 2512 ae-

406 2550 529 2652 ris
580 2555 709 2625 est
771 2558 1163 2645 perpetuo
1213 2555 1473 2628 calida
1510 2582 1525 2638 ;
1569 2555 1825 2646 igitur
1886 2557 1964 2631 in

402 2669 829 2761 superiori
877 2670 1208 2762 regione
1275 2693 1435 2745 non
1497 2678 1765 2766 potest
1831 2696 1966 2766 ge-

404 2784 701 2856 nerari
776 2806 939 2857 ros.
1037 2788 1284 2861 Tenet
1350 2791 1958 2881 consequentia,

405 2900 607 2992 quia
681 2901 1238 2978 immediatum
1293 2905 1787 2999 principium
1841 2930 1963 2980 ro-

407 3018 533 3091 ris
590 3019 1059 3095 effectivum
1118 3027 1243 3096 est
1312 3023 1725 3114 frigiditas
1780 3048 1962 3099 con-

399 3136 759 3209 ‹lensans
804 3160 1195 3232 vaporem
1234 3140 1635 3216 subtilem.
1687 3145 1788 3217 Et
1832 3164 1963 3216 an·

406 3253 793 3325 tecedens
831 3260 1175 3348 apparet
1223 3278 1320 3328 ex
1375 3257 1532 3332 isto
1581 3258 1870 3351 primo.

505 3371 896 3451 Secundo,
957 3371 1137 3445 dico
1179 3374 1388 3465 quod
1451 3395 1588 3447 ros
1631 3395 1787 3447 non
1836 3396 1962 3465 ge-

403 3492 766 3563 neratur
809 3489 888 3561 in
934 3490 1193 3564 media
1244 3492 1602 3583 regione.
1670 3493 1963 3567 Proba-

405 3609 581 3685 tur,
621 3606 807 3698 quia
854 3608 1203 3683 materia
1246 3608 1466 3682 roris
1499 3630 1659 3682 non
1694 3615 1965 3703 potest

408 3720 527 3795 ibi
574 3722 1077 3815 pertingere:
1151 3723 1432 3815 igitur,
1478 3730 1630 3801 etc.
1677 3730 1965 3801 Conse·

410 3840 751 3933 quentia
795 3845 1017 3915 tenet
1066 3843 1279 3915 sicut
1335 3842 1588 3935 prius.
1636 3845 1968 3917 Antece-

406 3957 610 4029 dens
638 3960 1003 4049 apparet,
1045 3962 1385 4051 propter
1430 3958 1968 4033 subtilitatem

414 4071 793 4146 materiae
829 4072 1075 4154 roris,
1112 4078 1193 4149 et
1242 4074 1784 4149 intensionem
1829 4075 1968 4149 sri-

411 4187 789 4280 giditatis
835 4190 1109 4263 mediae
1145 4190 1531 4281 regionis,
1577 4212 1839 4285 vapor
1874 4193 1971 4265 is-

410 4310 497 4379 te
538 4304 817 4379 statim
858 4310 1489 4381 converteretur
1534 4307 1615 4381 in
1648 4308 1973 4400 aliquod

410 4419 736 4500 durum,
809 4421 978 4493 sive
1030 4422 1464 4495 materiam
1522 4424 1835 4506 duram,
1886 4429 1973 4498 ut

414 4536 775 4629 glaciem
807 4543 1162 4621 tenuem,
1218 4544 1361 4615 aut
1414 4541 1800 4633 pruinam
1840 4542 1973 4614 du·

415 4674 630 4728 ram.
686 4656 1107 4739 Secundo„
1151 4656 1221 4730 si
1279 4663 1826 4748 generaretur
1893 4658 1973 4731 in

414 4770 683 4853 media
752 4772 1111 4864 regione,
1203 4780 1690 4866 sequeretur
1769 4776 1976 4867 quod

404 4890 740 4964 caderet
769 4891 1203 4964 secundum
1227 4895 1504 4984 guttas
1527 4892 1972 4966 sensibiles

410 5007 522 5079 Et
606 5006 1005 5097 probatur
1090 5007 1699 5099 consequentia,
1786 5008 1975 5100 quia

405 5121 955 5197 descendendo
987 5124 1080 5196 de
1123 5124 1301 5198 loco
1347 5130 1515 5198 tarn
1559 5124 1756 5205 alto,
1795 5130 1971 5216 gut-

406 5244 519 5313 tae
564 5260 709 5331 per
758 5244 1070 5314 motum
1114 5240 1267 5313 sibi
1321 5241 1667 5315 invicem
1708 5242 1970 5317 conti-

404 5359 898 5438 nuarentur,
939 5356 1152 5431 sicut
1198 5358 1621 5434 dicebatur
1651 5359 1742 5431 (10
1804 5361 1971 5452 plu-

400 5470 576 5542 via.

503 5588 627 5658 Ex
683 5585 866 5662 istis
901 5588 1278 5681 sequitur
1312 5590 1517 5682 quod
1555 5612 1692 5662 ros
1740 5611 1970 5679 gene·

3535 411 3638 474 111

2081 570 2320 640 ratur
2396 567 2476 639 in
2547 566 2919 640 inferiori
2982 567 3316 656 regione
3375 568 3617 649 aeris,

2076 682 2310 776 cujus
2374 685 2718 776 signum,
2767 685 2954 777 quia
3001 707 3247 778 super
3306 691 3622 761 montes

2077 800 2291 873 altos
2324 821 2483 874 non
2514 800 2728 876 cadit
2779 823 2941 874 ros.

2167 918 2383 989 Tunc
2416 917 2513 989 ad
2565 916 3024 992 instantias.
3092 918 3205 991 Ad
3237 917 3616 1012 primam,
3673 917 3839 1031 Mt}-
3877 983 3971 1033 ὠ.

2076 1037 2377 1122 sequitur
2414 1035 2589 1122 quod
2625 1037 2825 1104 nubes
2876 1038 3208 1124 superior,
3263 1038 3416 1107 etc.
3471 1036 3769 1106 Ne-‚2·ect.

2078 1154 2327 1237 gatur
2408 1151 3014 1243 consequentia,
3107 1150 3298 1243 quia
3374 1150 3623 1222 nubes

2082 1264 2413 1358 impedit
2445 1265 2980 1340 elevationem
3020 1266 3354 1360 vaporis
3388 1286 3623 1359 prop·

2081 1384 2212 1453 ter
2291 1381 3003 1474 interpositionem
3086 1382 3339 1476 ipsius
3411 1382 3627 1458 inter

2079 1499 2444 1572 calorem
2489 1500 2727 1584 Solis,
2773 1505 2852 1575 et
2893 1504 3233 1574 terram.

2169 1617 2284 1689 Ad
2354 1618 2813 1700 secundam,
2866 1622 2968 1688 vel
3017 1623 3090 1687 in
3154 1632 3401 1699 aestate,
3464 1623 3617 1691 etc.

2080 1733 2280 1807 Dico
2324 1735 2531 1826 quod
2564 1736 2643 1807 in
2681 1739 3005 1817 aesta-te;
3041 1741 3122 1810 et
3173 1735 3486 1827 quando
3518 1734 3625 1807 di-

2079 1852 2301 1925 citur
2336 1853 2528 1925 illud
2571 1858 2696 1928 est
2738 1858 3061 1947 tempus
3102 1853 3481 1934 calidum,
3518 1851 3625 1924 di·

2077 1990 2173 2041 co
2209 1970 2416 2061 quod
2469 1991 2604 2042 ros
2656 1991 2814 2043 non
2859 1976 3306 2061 generatur
3348 1970 3428 2042 in
3473 1989 3627 2041 me-

2081 2086 2307 2167 ridie,
2338 2087 2649 2179 quando
2693 2092 2819 2162 est
2851 2087 3166 2163 intensa
3210 2086 3623 2166 caliditas;

2081 2203 2212 2274 sed
2248 2208 2695 2292 generatur
2715 2203 2940 2277 circa
2977 2224 3357 2276 occasum
3385 2202 3622 2282 Solis,

2078 2340 2263 2392 cum
2299 2319 2533 2392 calor
2581 2318 2835 2393 fuerit
2881 2320 3298 2398 remissus,
3335 2323 3625 2411 etquo-

2077 2436 2504 2508 dammodo
2564 2441 3096 2530 temperatus,
3162 2441 3241 2509 et
3284 2435 3402 2508 sic
3463 2457 3621 2508 non

2082 2557 2527 2642 generatur
2559 2552 2639 2625 in
2664 2557 3033 2646 tempore
3065 2551 3308 2624 nimis
3331 2553 3618 2626 calido.

2167 2669 2282 2741 Ad
2307 2669 2666 2751 tertiam,
2701 2674 2861 2760 quia
2892 2694 3000 2739 ros
3028 2673 3256 2752 aleius,
3292 2674 3443 2745 etc.
3473 2670 3621 2741 Ne·

2078 2789 2327 2874 gatur
2370 2786 2876 2865 antecedens,
2939 2790 3019 2859 et
3070 2786 3165 2857 ad
3217 2784 3622 2879 probatio-

2078 2920 2285 2981 nem,
2321 2905 2482 2992 quia
2503 2908 2646 2992 ejus
2667 2905 2977 2986 maceria,
3006 2907 3158 2976 etc.
3197 2902 3395 2975 Dico
3421 2901 3626 2994 quod

3721 1619 3806 1670 Aa
3830 1618 3890 1673 2.

3727 2651 3814 2702 ,411
3840 2647 3893 2704 3.

2028 3005 2031 3012 ⁴
2082 3018 2434 3092 materia
2495 3019 2737 3102 roris,
2804 3026 3196 3112 quantum
3237 3023 3364 3092 est
3409 3021 3501 3092 de
3544 3042 3627 3090 se

2076 3138 2274 3209 nata
2302 3139 2519 3211 esset
2543 3136 2792 3211 altius
2827 3138 3287 3220 ascendere,
3319 3136 3450 3210 sed
3490 3136 3627 3209 im-

2077 3253 2401 3345 peditur
2429 3274 2475 3325 a
2515 3253 2970 3345 frigiditate
3007 3255 3341 3336 modica,
3390 3276 3628 3348 quam

2079 3367 2386 3443 invenit
2420 3368 2497 3440 in
2535 3369 2910 3443 inferiori
2973 3376 3205 3463 parte
3268 3370 3631 3462 regionis

2075 3486 2320 3569 aeris,
2413 3509 2587 3581 quae
2673 3488 3082 3563 convertit
3164 3488 3429 3582 ipsum
3554 3488 3633 3561 in

2076 3625 2396 3696 aquam,
2443 3611 2522 3681 et
2573 3607 2960 3700 propellit
2998 3606 3404 3678 deorsum.

2168 3721 2281 3793 Ad
2324 3725 2735 3812 quartum,
2779 3728 2973 3808 sicut,
3045 3714 3225 3798 etc.⁵
3258 3726 3630 3815 Negatur
3731 3719 3820 3776 Ad
3844 3719 3896 3773 ⁴·

2083 3836 2375 3931 major,
2413 3838 2602 3929 quia
2635 3841 3005 3932 quamvis
3039 3862 3172 3913 res
3215 3841 3322 3916 sit
3361 3841 3453 3913 de
3495 3860 3628 3912 na·

2082 3957 2271 4027 tura
2312 3954 2556 4036 acris,
2597 3955 2677 4028 in
2721 3956 2869 4031 hoc
2904 3959 3112 4050 quod
3152 3962 3279 4032 est
3317 3958 3629 4032 calidus

2080 4073 2162 4143 et
2229 4068 2644 4177 humidus,¹
2689 4077 2962 4147 tamen
3031 4076 3444 4150 veraciter
3502 4080 3653 4168 est,

2084 4206 2319 4277 aqua,
2359 4187 2571 4266 sicut
2605 4193 2682 4264 et
2727 4190 3025 4283 pluvia.

2566 4519 3000 4577 ARTICULUS
3094 4520 3166 4576 11.

2605 4695 2701 4762 De
2756 4696 3117 4783 prandinc.

2180 4893 2585 4971 Quantum
2632 4889 2728 4961 ad
2782 4892 3224 4964 secundum
3267 4894 3357 4966 de
3401 4914 3636 4987 gran·
3803 4893 3856 4948 '¹-

2086 5002 2292 5085 dine,
2337 5004 2759 5078 videndum
2791 5011 2918 5081 est
2956 5008 3048 5080 de
3091 5008 3269 5082 loco
3304 5030 3635 5103 genera-

2088 5118 2338 5194 tionis
2409 5121 2852 5211 grandiniS,
2924 5123 3015 5196 de
3092 5127 3464 5210 materia,
3546 5129 3637 5200 de

2090 5238 2323 5310 modo
2366 5239 2948 5330 generationis,
2985 5248 3066 5317 et
3106 5244 3197 5316 de
3228 5244 3492 5336 figura
3528 5243 3635 5338 ip-

2088 5355 2284 5428 sius.

2175 5475 2288 5546 Dc
2331 5473 2536 5556 loco,
2582 5475 2759 5548 dico
2796 5477 3004 5568 quod
3033 5478 3324 5571 duplex
3357 5484 3482 5554 est
3525 5480 3633 5553 lo·
3747 5498 3989 5571 ‚arando

2082 5612 2255 5673 cus,
2299 5590 2376 5662 in
2405 5612 2559 5683 quo
2596 5597 2866 5685 potest
2890 5594 3270 5685 generari
3294 5596 3625 5687 grando.
3660 5559 3991 5673 33Μὼ
