4252 6393
1763 416 2124 496 QUAEswo
2165 420 2246 484 IX

416 580 616 672 quod
656 578 978 653 ,unitur
1054 578 1454 652 mediante
1526 577 1945 661 sensitivo,

412 702 547 771 aut
625 696 787 770 ista
855 697 1236 770 mediatio
1297 701 1423 770 est
1489 695 1950 789 dispositio-

411 818 556 898 nis,
592 821 673 891 et
717 822 907 890 tunc
943 817 1444 891 intellectiva
1476 822 1600 891 cst
1633 817 1945 898 forma:

409 935 983 1027 dispositiones
1044 934 1291 1009 etiam
1349 956 1510 1009 non
1568 935 1952 1009 dicuntur

414 1052 685 1123 mediae
757 1023 865 1123 ir?
899 1051 1272 1130 materia,
1353 1051 1512 1124 nisi
1573 1056 1948 1144 respectu

412 1167 695 1240 formae
739 1168 1364 1242 introducendae.
1411 1169 1571 1240 Aut
1626 1174 1750 1241 est
1796 1189 1952 1240 me·-

405 1280 651 1355 diatio
705 1283 1258 1364 accidentalis,
1334 1287 1422 1356 ut
1464 1282 1572 1355 sit
1631 1303 1942 1363 sensus,

410 1397 591 1488 quia
649 1399 1044 1474 sensitiva
1094 1400 1402 1481 unitur,
1448 1419 1780 1472 necesse
1823 1402 1949 1472 est

410 1516 609 1611 quod
670 1536 929 1598 omne,
997 1517 1205 1608 quod
1260 1520 1384 1588 est
1469 1516 1543 1589 ei
1610 1515 1948 1588 consub-

408 1634 810 1715 stantiale,
845 1633 1101 1706 eidem
1161 1634 1518 1715 uniatur,
1574 1633 1947 1726 quamvis

405 1752 491 1824 de
523 1773 607 1825 se
635 1772 794 1824 non
826 1751 1162 1825 haberet
1194 1755 1615 1844 aspectum
1638 1751 1735 1823 ad
1766 1751 1941 1833 hoc,

407 1867 609 1942 sicut
639 1867 1005 1940 videmus
1028 1867 1106 1939 in
1127 1871 1358 1941 astro
1390 1867 1940 1947 descendente,

406 1984 524 2056 vel
559 1984 638 2057 in
685 1983 1054 2065 candela:
1121 1983 1309 2076 quia
1349 1983 1565 2056 enim
1616 1984 1945 2055 flamma

404 2104 522 2173 est
587 2100 983 2191 colligata
1046 2099 1381 2193 corpori
1441 2099 1702 2192 gravi,
1769 2099 1942 2173 ideo

405 2217 826 2299 descendit,
866 2218 1004 2290 illo
1045 2218 1594 2299 descendente,
1641 2236 1817 2308 quae
1850 2217 1943 2288 de

408 2354 485 2404 sc
515 2333 611 2407 ad
633 2334 1148 2408 contrarium
1185 2338 1687 2407 moveretur.
1717 2333 1799 2406 Si
1834 2333 1942 2407 sit

406 2451 561 2524 tale
622 2452 995 2535 medium,
1081 2452 1289 2543 quod
1388 2450 1942 2524 indubitanter

404 2567 716 2641 videtur
748 2588 1044 2641 sonare
1078 2568 1409 2661 positio,
1456 2570 1647 2640 tunc
1682 2567 1942 2660 sequi-

401 2675 534 2759 tur
573 2686 782 2778 quod
812 2705 996 2757 cum
1040 2683 1283 2756 homo
1347 2683 1454 2756 sit
1488 2683 1732 2757 homo
1795 2703 1942 2778 per

405 2801 781 2874 unionem
832 2800 1322 2881 intellectus,
1388 2800 1593 2891 quod
1651 2803 1939 2873 Socra·

407 2922 522 2991 tes
557 2918 665 2991 sit
705 2917 978 2999 homo,
1024 2920 1105 2990 et
1165 2916 1573 3007 intelligat
1618 2936 1761 3008 per
1813 2937 1937 2989 ac-

401 3035 692 3108 cidens.
770 3035 853 3109 Si
891 3054 1092 3107 vero
1156 3034 1317 3108 ista
1375 3032 1765 3106 mediatio
1833 3034 1941 3108 sit

400 3151 799 3226 naturalis
882 3150 1213 3233 ordinis,
1289 3154 1375 3224 ut
1447 3148 1554 3224 sit
1623 3169 1935 3233 sensuS,

401 3271 602 3362 quod
680 3269 1146 3343 intellectus
1228 3269 1353 3340 est
1442 3266 1940 3341 naturaliter

399 3387 694 3467 unitus,
726 3386 858 3460 sed
893 3384 1170 3460 ordine
1201 3387 1522 3457 naturae
1557 3383 1932 3475 requirit,

398 3504 600 3594 quod
625 3522 909 3575 sensus
960 3502 1317 3582 uniatur,
1366 3500 1738 3592 quamvis
1783 3500 1934 3573 hoc

354 3708 359 3715 ο
397 3639 550 3692 non
590 3619 966 3693 videatur
1025 3619 1197 3692 haec
1257 3617 1563 3710 positio
1607 3637 1929 3699 sonare,

394 3756 483 3808 eo
526 3738 734 3829 quod
780 3735 1184 3810 rationem
1212 3734 1540 3807 unionis
1575 3733 1934 3808 intellec·

393 3856 517 3926 tus
542 3855 638 3928 ad
668 3873 971 3945 corpus
996 3851 1380 3925 attribuit
1403 3851 1931 3925 consubstan-

391 3970 651 4045 tialita
667 3970 755 4045 ti.
781 3969 932 4042 Ubi
964 3972 1238 4042 autem
1284 3968 1932 4043 consubstantia-

388 4087 574 4160 litas
597 4085 865 4159 solum
890 4089 1015 4159 est
1047 4104 1320 4166 causa,
1346 4084 1928 4159 ibiextremum

382 4205 471 4276 (19
531 4226 617 4277 se
665 4225 825 4278 non
869 4204 1107 4277 habet
1166 4202 1780 4276 inclinationem
1833 4203 1930 4276 ad

386 4319 600 4393 aliud
641 4324 1104 4396 extremum
1137 4318 1296 4391 nisi
1332 4339 1477 4411 per
1525 4317 1923 4400 accidens,

387 4439 469 4510 ut
511 4439 739 4529 patet
786 4436 866 4508 in
915 4428 1303 4509 descensu
1345 4434 1719 4506 fiammae.
1776 4433 1927 4506 Ubi

382 4556 501 4625 est
525 4555 804 4626 autem
826 4551 1206 4625 mediatio
1244 4548 1550 4633 ordinis
1574 4553 1919 4631 naturae,

380 4669 483 4741 ibi
514 4674 980 4743 extremum
1026 4667 1266 4742 habet
1309 4666 1924 4740 inclinationem

375 4784 465 4857 (19
522 4808 635 4866 se,
686 4784 1059 4878 quamvis
1100 4788 1286 4858 actu
1357 4803 1516 4855 non
1589 4782 1925 4856 uniatur

377 4903 531 4976 nisi
576 4923 724 4997 per
776 4901 1147 4983 medium,
1222 4904 1311 4974 ut
1364 4904 1585 4993 patet
1639 4899 1718 4971 in
1759 4899 1921 4974 for-

377 5022 553 5104 mis,
619 5042 795 5113 quae
847 5021 1033 5094 aliis
1094 5018 1630 5093 mediantibus
1677 5022 1923 5093 mate-

376 5134 516 5207 riae
551 5136 998 5216 uniuntur;
1039 5135 1107 5207 si
1150 5134 1294 5216 sic,
1356 5135 1559 5216 (lico,
1630 5134 1921 5207 intelli·

372 5257 644 5344 gatur,
689 5233 1064 5346 sequitur
1086 5252 1292 5343 quod
1328 5251 1918 5324 intellectivum

371 5369 463 5441 de
503 5392 590 5444 se
621 5370 1099 5461 inquantum
1146 5366 1331 5448 tale,
1370 5367 1659 5441 habeat
1695 5367 1915 5440 incli-

370 5488 786 5564 nationem
854 5484 1375 5572 essentialem
1432 5486 1525 5556 ad
1583 5506 1913 5577 corpus.

369 5606 599 5685 Nunc
661 5607 937 5678 autem
998 5601 1264 5676 omnis
1309 5600 1734 5676 inclinatio
1792 5623 1912 5675 es·

3483 431 3603 495 413

2064 581 2437 655 sentialis
2487 588 2893 659 creaturae
2962 587 3058 661 ad
3105 593 3603 673 creaturam,

2064 699 2234 772 sive
2269 700 2374 775 sit
2417 702 2814 797 simplicis
2866 707 2960 780 ad
3020 706 3391 802 simplex,
3439 711 3608 783 sive

2062 820 2505 910 compositi
2537 823 2634 895 ad
2664 825 3240 916 compositum,
3284 826 3412 899 vel
3445 826 3603 899 for-

2063 953 2212 1006 mae
2255 938 2350 1008 ad
2398 939 2861 1022 materiam,
2911 942 3039 1014 vel
3098 944 3466 1018 materiae
3509 945 3604 1017 ad

2062 1051 2159 1123 ad
2201 1050 2554 1126 formam
2586 1057 2704 1144 (ut
2747 1059 2893 1130 sub
2944 1059 3266 1133 ratione
3316 1061 3605 1133 formae

2062 1165 2332 1241 forma
2365 1171 2931 1246 substantialis
2972 1179 3054 1250 et
3085 1177 3607 1251 accidentalis

2064 1283 2555 1376 includatur)
2614 1290 2711 1362 ad
2815 1289 3058 1364 istam
3158 1295 3599 1371 reducitur.

2063 1402 2310 1493 Cujus
2367 1404 2587 1478 ratio
2645 1409 2794 1488 est,
2851 1408 3041 1499 quia
3106 1410 3331 1483 nulla
3380 1432 3603 1486 crea·

2063 1522 2254 1591 tura
2298 1518 2537 1594 habet
2578 1528 3000 1615 aspectum
3044 1526 3139 1597 ad
3181 1527 3455 1610 aliam,
3493 1528 3605 1600 ni·

2062 1633 2131 1705 si
2181 1634 2309 1707 vel
2352 1640 2440 1709 ut
2493 1641 2619 1710 est
2679 1640 2950 1713 activa
2991 1642 3265 1734 aliquo
3309 1663 3606 1735 genere

2060 1755 2319 1833 actus,
2349 1754 2477 1826 vel
2514 1757 2601 1828 ut
2632 1759 2757 1829 est
2793 1757 3118 1849 passiva
3161 1760 3434 1853 aliquo
3477 1781 3603 1854 ge-

2059 1886 2254 1940 nere
2294 1870 2730 1961 passionis.
2782 1874 2955 1947 Imo
3008 1874 3077 1947 si
3119 1877 3334 1949 Deus
3394 1878 3602 1951 face-

2059 1988 2187 2058 ret
2219 1992 2717 2072 creaturam,
2757 2011 2932 2082 quae
2967 2013 3110 2065 nec
3171 2014 3415 2086 agere
3457 2000 3599 2072 aut

2058 2102 2228 2193 pati
2299 2109 2576 2195 posset
2634 2105 2733 2178 ab
2792 2107 2983 2190 alia,
3030 2130 3190 2182 non
3242 2116 3460 2186 esset
3508 2114 3599 2186 de

2058 2218 2337 2291 ordine
2368 2224 2449 2295 et
2484 2222 2961 2314 integritate
2997 2226 3384 2301 universi.
3426 2231 3599 2302 Imo

2057 2332 2219 2407 ista
2260 2333 2564 2428 positio
2629 2340 3000 2432 assignat
3069 2363 3220 2436 pro
3283 2345 3608 2419 ratione

2056 2471 2310 2542 quare
2362 2454 2442 2527 in
2510 2455 2997 2531 animalibus
3049 2464 3177 2534 est
3220 2462 3595 2545 materia,

2055 2568 2245 2658 quia
2281 2569 2350 2642 si
2381 2590 2543 2643 non
2575 2571 2912 2648 haberet
2945 2577 3408 2661 materiam,
3454 2599 3598 2653 nec

2053 2703 2326 2776 agere,
2374 2708 2518 2761 nec
2586 2690 2757 2782 pati
2809 2699 3170 2784 possent,
3215 2716 3360 2770 nec
3406 2697 3601 2771 reci-

2054 2820 2270 2892 pere,
2308 2823 2455 2875 nec
2488 2810 2761 2880 essent
2790 2807 2883 2880 de
2919 2807 3399 2901 integritate
3430 2814 3597 2887 uni·
3641 2856 3646 2861 -

2051 2916 2299 2998 versi,
2347 2919 2533 3011 quia
2575 2921 2671 2994 ad
2725 2922 2933 2995 alias
2984 2931 3263 3018 partes
3326 2931 3599 3004 mundi

2050 3033 2361 3107 nullam
2437 3034 2830 3113 haberent
2920 3041 3593 3129 inclinationem;

2050 3169 2252 3240 ergo
2325 3151 2826 3229 intellectiva
2925 3157 3404 3251 inquantum
3486 3164 3598 3238 in·

2052 3268 2492 3351 tellectiva,
2548 3292 2732 3344 cum
2795 3273 2900 3348 sit
2963 3295 3157 3367 pars
3227 3281 3591 3370 quaedam

2049 3384 2342 3459 animae
2386 3387 2845 3472 rationalis,
2891 3410 2984 3465 ac
3038 3413 3184 3485 per
3221 3394 3372 3470 hoc
3409 3397 3593 3470 sim·

2048 3498 2260 3591 plex,
2309 3502 2679 3594 quamvis
2724 3504 2832 3577 sit
2875 3506 3105 3580 unita
3149 3509 3588 3601 spirituali,

2049 3618 2138 3687 ut
2179 3618 2453 3689 tamen
2500 3612 2886 3692 distincta
2933 3627 3228 3697 contra
3268 3631 3594 3719 vegeta·

2048 3729 2327 3812 tivam‚
2365 3735 2445 3804 et
2488 3732 2994 3817 sensitivam,
3041 3743 3120 3812 et
3165 3760 3393 3814 suam
3439 3744 3591 3837 spi·

2048 3846 2433 3920 ritualem
2495 3850 2956 3935 materiam,
3024 3854 3370 3950 simplex
3415 3864 3582 3943 est;

2043 3982 2245 4054 ergo
2280 3964 2349 4038 si
2382 3964 2620 4040 habet
2653 3966 3293 4058 inclinationem,
3321 3995 3590 4049 neces·

2045 4079 2270 4153 sario
2311 4082 2438 4155 vel
2489 4088 2614 4158 est
2662 4082 2956 4169 forma,
3003 4090 3146 4167 vel.
3183 4093 3581 4166 materia:

2042 4215 2203 4270 non
2239 4200 2631 4281 materia;
2677 4221 2877 4294 ergo
2919 4202 3213 4279 forma.

2133 4315 2362 4395 Item,
2401 4315 2601 4389 nihil
2635 4317 2874 4393 habet
2909 4321 3314 4398 rationem
3349 4326 3588 4402 inhae-

2044 4430 2302 4504 rentis
2335 4433 2696 4525 proprie,
2725 4435 2883 4509 nisi
2916 4436 3186 4513 forma
3237 4445 3365 4517 vel
3408 4446 3583 4519 sub·

2040 4547 2480 4631 stantialis,
2546 4550 2671 4623 vel
2751 4554 3325 4643 accidentali&
3379 4583 3583 4655 ergo

2038 4664 2108 4738 si
2206 4665 2709 4742 intellectiva
2804 4692 2966 4745 non
3069 4680 3194 4752 est
3283 4678 3581 4764 forma,

2036 4801 2198 4853 non
2292 4782 2534 4858 habet
2619 4786 3025 4862 rationem
3106 4793 3582 4875 inhaerentis

2037 4917 2183 4989 per
2268 4920 2405 4981 se;
2483 4920 2686 4993 ergo
2787 4904 2904 4978 ita
2970 4908 3210 4986 habet
3279 4915 3583 5007 perfec·

2037 5017 2211 5086 tum
2308 5017 2632 5090 modum
2734 5021 3131 5099 existendi
3255 5053 3578 5126 separa-

2034 5128 2183 5203 tim
2248 5132 2458 5208 sicut
2520 5135 2789 5218 unita;
2835 5158 3034 5231 ergo
3096 5147 3346 5219 etiam
3407 5171 3582 5243 per-

2032 5246 2336 5322 fectum
2402 5253 2724 5325 modum
2778 5254 3305 5351 intelligendi,
3371 5271 3579 5358 quod

2032 5370 2156 5438 est
2224 5371 2517 5440 contra
2584 5369 3128 5462 Augustinum
3207 5383 3314 5453 12.
3377 5408 3579 5474 super

2032 5485 2337 5551 Genesim
2369 5487 2435 5551 in
2467 5487 2625 5570 fine,
2689 5511 2836 5577 cap.
2882 5492 2991 5563 35.
3054 5493 3186 5567 ubi
3232 5496 3571 5590 loquens

2027 5601 2118 5673 de
2150 5599 2422 5673 anima
2456 5603 2830 5688 ostendit,
2859 5610 3066 5698 quod
3095 5588 3570 5707 inquantum

3729 4359 3814 4412 ⁴0.
