4252 6393
1836 377 2198 456 QUAEs'rlo
2242 376 2375 438 vm

462 552 645 623 ante
683 547 1163 622 dualitatem
1215 548 1322 620 sit
1355 544 1656 624 unitas,
1700 564 1799 615 ex
1850 561 2007 634 qua

466 664 732 738 oritur
786 664 921 737 ille
979 664 1385 745 binarius3
1450 682 1652 753 ergo
1711 665 2005 734 neutra

462 782 790 854 illarum
823 781 974 853 fuit
1008 780 1297 874 prima.

548 902 778 980 Item,
833 898 1336 991 impossibile
1386 899 1507 969 est
1568 896 1805 967 unius
1842 916 2006 966 rec-

458 1023 557 1092 tae
598 1018 831 1090 lineae
870 1016 1028 1089 nisi
1070 1015 1222 1088 duo
1288 1018 1587 1108 puncta
1634 1011 1949 1103 signari
1986 1038 2000 1080 ε

458 1135 588 1208 sed
637 1135 858 1207 entia
900 1153 947 1205 a
1003 1133 1269 1226 primo
1304 1135 1489 1205 actu
1545 1132 1839 1203 cadunt
1883 1150 2005 1201 or-

456 1251 750 1330 dinate,
815 1251 1256 1322 seeundum
1315 1247 1520 1339 quod
1564 1247 1824 1338 magis
1884 1246 2005 1318 ad-

459 1368 910 1441 miscentur
1004 1365 1427 1459 potentiae;
1529 1383 1730 1455 ergo
1822 1383 2005 1435 cum

458 1483 669 1555 linea
726 1482 1036 1555 entium
1089 1480 1581 1554 terminetur
1622 1480 1717 1552 ad
1775 1477 2001 1560 nihil,

457 1599 1039 1673 terminabitur
1072 1598 1167 1670 ad
1207 1619 1349 1670 ens
1397 1597 1712 1689 quidem
1758 1596 2008 1668 maxi-

460 1738 584 1789 me
654 1717 736 1789 in
820 1717 1223 1810 potentia;
1306 1734 1506 1806 ergo
1574 1714 1772 1786 illud
1847 1734 2008 1784 non

460 1836 731 1925 potest
797 1853 976 1904 esso
1037 1831 1194 1903 nisi
1255 1851 1529 1902 unum.
1596 1831 1696 1901 Et
1756 1832 2002 1921 patet,

457 1947 643 2040 quia
685 1969 869 2021 cum
931 1949 1288 2042 primum
1343 1947 1424 2019 in
1468 1945 1826 2038 quolibet
1880 1966 2006 2037 ge-

454 2085 648 2138 nere
682 2065 1052 2138 salvetur
1094 2066 1174 2138 in
1214 2061 1584 2138 omnibus
1620 2060 1741 2132 sui
1777 2081 2004 2150 gene-

458 2183 596 2265 ris,
664 2183 1016 2256 materia
1086 2186 1357 2255 autem
1416 2182 1685 2275 primo
1740 2181 2006 2274 prima

455 2300 559 2375 sit
591 2301 950 2394 primum
984 2322 1124 2372 ens
1158 2300 1636 2392 egrediendo
1662 2301 1752 2372 de
1774 2300 2001 2381 nihil,

452 2423 532 2489 et
611 2417 1111 2489 ascendendo
1191 2418 1287 2489 ad
1376 2415 1999 2509 perfectionem,

458 2556 631 2627 quae
657 2539 783 2608 est
821 2555 1071 2628 prope
1101 2534 1330 2617 nihil,
1371 2535 1768 2627 sequitur,
1800 2534 2004 2625 quod

458 2652 536 2724 in
605 2649 828 2723 omni
897 2651 1246 2723 materia
1317 2652 1707 2731 salvetur,
1792 2650 2003 2722 sicut

457 2771 754 2841 natura
832 2767 1309 2841 substantiae
1395 2769 1476 2841 in
1540 2768 1758 2841 omni
1828 2769 2006 2839 sub-

458 2884 761 2958 stantia
792 2904 1217 2977 corporea,
1289 2886 1416 2957 vel
1489 2885 1999 2977 incorporea,

463 3001 875 3082 rationali,
921 3002 1047 3073 vel
1084 3001 1580 3075 irrationali.

273 3121 322 3175 ⁶·
501 3118 807 3210 Siergo
843 3117 1183 3210 quaestio
1218 3121 1556 3210 quaerat,
1594 3138 1695 3188 an
1733 3117 2004 3189 omnia

180 3181 385 3237 Materia

157 3233 834 3314 primori-habentia
895 3233 1352 3316 materiam,
1415 3235 1761 3308 habeant
1830 3234 2005 3305 uni-

162 3322 828 3451 Zwssssoegeneam
899 3352 1026 3424 vel
1074 3343 1437 3423 'univoce
1511 3352 2001 3445 participent

176 3451 391 3555 Ἥβῃ·
461 3467 933 3550 materiam,
1021 3469 1416 3562 loquendo
1485 3469 1576 3540 de
1656 3469 2003 3541 materia

459 3584 727 3676 primo
763 3585 1052 3677 prima,
1101 3607 1274 3677 quae
1307 3591 1431 3658 est
1482 3586 1561 3658 in
1605 3585 1997 3666 omnibus,

450 3700 629 3771 dico
675 3700 883 3792 quod
944 3701 1086 3773 sic.
1152 3701 1370 3783 Quod
1435 3701 1766 3775 ostendo
1830 3701 1996 3773 sic:

454 3816 741 3888 Passio
796 3818 1251 3890 eommunis
1301 3838 1800 3910 consequens
1864 3817 2002 3889 ali-

454 3952 610 4023 qua
642 3934 1135 4015 necessaria,
1163 3931 1404 4007 habet
1432 3953 1765 4005 causam
1791 3953 2001 4005 com-

453 4068 806 4130 munem,
872 4070 1017 4142 per
1077 4071 1317 4142 quam
1363 4051 1569 4123 inest
1633 4050 2001 4122 omnibus

165 4178 391 4298 afflige
455 4163 643 4245 illis,
694 4169 779 4238 ut
821 4165 1122 4239 dicitur
1158 4170 1225 4239 9.
1274 4171 1423 4237 Met.
1487 4181 1644 4236 (εει.
1712 4171 1835 4240 17;
1887 4187 2004 4238 re-

183 4282 393 4362 ma
450 4282 728 4375 cipere
814 4282 1263 4356 accidentia
1343 4284 1552 4357 inest
1633 4286 2001 4357 omnibus

166 4364 415 4426 ⁸⁶¹‘¹‘'¹²·
453 4399 937 4473 substantiis
1006 4402 1575 4494 corporalibus
1618 4406 1697 4475 et
1768 4402 2001 4494 spiri-

452 4515 846 4597 tualibus3
921 4536 1120 4608 ergo
1185 4538 1330 4611 per
1388 4539 1720 4591 oausam
1789 4540 2001 4591 com·

456 4653 786 4704 munem
833 4659 847 4701 :
894 4633 1033 4705 illa
1066 4656 1226 4707 non
1263 4641 1386 4709 est
1421 4635 1577 4707 nisi
1623 4636 1995 4719 materia,

456 4750 541 4819 ut
585 4751 1005 4819 ostensum
1066 4753 1215 4827 est,
1263 4748 1450 4840 quia
1495 4768 1650 4819 non
1703 4748 1996 4831 forma,

454 4883 634 4934 cum
711 4863 789 4934 in
856 4884 951 4934 ea
1000 4885 1159 4937 non
1219 4864 1596 4937 fundetur
1637 4866 2002 4957 potentia

457 4980 807 5070 passiva,
857 4980 1066 5053 sicut
1108 5001 1250 5052 nec
1312 4982 1581 5055 activa
1645 4982 1722 5054 in
1758 4988 2001 5055 mate-

459 5097 616 5177 ria;
694 5117 896 5189 ergo
972 5102 1096 5171 est
1167 5080 1540 5181 materia,
1626 5121 1798 5191 quae
1879 5104 2003 5174 est

461 5213 947 5306 principium
1020 5215 1281 5287 omnis
1354 5217 1868 5309 receptionis,
1915 5222 2004 5290 ut

456 5328 754 5402 dictum
833 5330 984 5403 fuit
1054 5329 1136 5402 in
1196 5332 1680 5424 praecedenti
1752 5355 2002 5425 quaes-

461 5443 699 5520 tione.

543 5565 621 5640 Si
690 5565 936 5648 dicas,
986 5568 1072 5639 ut
1112 5566 1385 5640 dicunt
1452 5567 1596 5651 illi,
1663 5571 1869 5660 quod
1924 5569 2001 5640 in

2119 538 2451 629 Angelis
2493 541 2615 611 est
2678 536 2977 630 aliquid
3037 536 3220 611 loco
3264 538 3657 620 materiae,

2121 678 2278 749 quo
2324 655 2659 749 patitur,
2722 656 2924 738 dicO‚
2992 657 3199 748 quod
3258 656 3452 729 illud
3505 677 3665 731 non

2122 776 2391 867 potest
2425 795 2602 846 esse
2640 775 3024 846 universa
3061 774 3434 861 materia,
3478 775 3666 868 quia

2124 897 2394 966 motus
2457 893 2704 965 realis
2745 897 2824 966 et
2869 894 3336 987 proprietas
3392 915 3668 969 conse-

2123 1032 2371 1102 quens
2408 1012 2906 1083 naturaliter
2952 1033 3148 1092 rem,
3199 1033 3358 1084 non
3397 1014 3665 1106 potest

2118 1149 2297 1199 esse
2355 1128 2525 1200 sine
2587 1149 2782 1200 vera
2844 1129 3222 1202 realitate
3267 1150 3462 1201 sua:
3507 1149 3667 1201 ma-

2118 1243 2334 1315 teria
2403 1248 2678 1317 autem
2746 1247 2870 1318 est
2944 1246 3436 1338 principium
3507 1246 3667 1340 pri-

2123 1382 2368 1441 mum,
2435 1363 2528 1433 ad
2600 1364 2806 1454 quod
2879 1364 3149 1436 omnia
3216 1363 3380 1435 alia
3440 1364 3664 1436 redu-

2120 1481 2442 1560 cuntur,
2490 1482 2577 1551 ut
2612 1479 2911 1552 dicitur
2948 1484 3014 1553 5.
3060 1483 3434 1571 MelaplzyS.
3497 1491 3656 1549 text.

2117 1596 2230 1668 29.
2269 1598 2346 1667 et
2393 1599 2809 1668 ostensum
2841 1599 2990 1670 est.

2217 1714 2444 1793 Item,
2512 1714 2849 1785 mundus
2909 1734 3101 1786 vere
3161 1718 3286 1787 est
3348 1734 3554 1785 unus
3593 1719 3659 1787 7.

2123 1831 2487 1918 Metaplzys.
2526 1844 2683 1899 teate.
2750 1833 2859 1902 42.
2909 1830 3057 1902 1100
3101 1834 3374 1902 autem
3416 1851 3662 1903 unum

2121 1965 2280 2017 non
2321 1950 2469 2025 est,
2543 1946 2700 2018 nisi
2772 1953 3049 2039 partes
3123 1949 3298 2040 ejus
3363 1947 3524 2020 sint
3568 1948 3663 2020 ad

2123 2059 2466 2133 invicem
2550 2062 2864 2153 ligatae:
2941 2063 3157 2135 inter
3227 2084 3309 2135 se
3386 2067 3661 2135 autem

2120 2181 2307 2250 sunt
2353 2179 2799 2261 distinctam
2839 2201 3037 2271 ergo
3083 2183 3409 2274 oportet
3454 2181 3662 2271 quod

2121 2298 2202 2370 in
2272 2300 2543 2392 aliquo
2614 2303 3026 2384 uniantur,
3075 2307 3466 2394 quantum
3528 2324 3660 2375 eo-

2122 2434 2303 2485 rum
2382 2418 2680 2488 natura
2807 2420 3074 2509 potest
3137 2418 3331 2511 pati,
3452 2418 3659 2492 sicut

2123 2529 2330 2601 rami
2409 2536 2487 2604 et
2585 2533 2852 2615 flores,
2943 2537 3022 2607 et
3093 2535 3418 2607 fructus
3512 2535 3663 2607 dis-

2117 2646 2630 2736 tinguuntur,
2705 2653 2781 2722 et
2844 2653 3117 2724 tamen
3182 2651 3260 2723 in
3322 2672 3479 2724 uno
3550 2671 3663 2723 se-

2120 2762 2470 2836 minario
2550 2766 2967 2848 uniuntur,
3043 2788 3089 2839 a
3159 2790 3312 2860 quo
3395 2771 3665 2843 omnia

2117 2881 2586 2972 procedunt,
2660 2886 2738 2955 et
2822 2883 2935 2956 ita
3011 2889 3135 2958 est
3237 2887 3663 2980 multiplex

2120 2997 2572 3070 membrum
2644 3001 3022 3074 animalis
3086 3004 3166 3075 in
3231 3026 3388 3076 uno
3434 3005 3664 3078 semi-

2115 3135 2239 3185 ne.
2307 3119 2504 3188 Cum
2569 3115 2826 3208 igitur
2887 3139 3030 3211 per
3089 3120 3441 3193 formam
3502 3143 3660 3194 non

2116 3232 2531 3315 uniantur,
2581 3235 2712 3306 sed
2743 3235 3374 3327 distinguantur,
3425 3260 3661 3333 opor—

2115 3351 2232 3420 tet
2297 3350 2500 3442 quod
2547 3350 2713 3423 haec
2779 3351 2883 3423 sit
2929 3355 3277 3426 materia
3331 3358 3658 3430 omnino

2118 3466 2410 3559 prima,
2482 3468 2666 3558 quia
2709 3468 2923 3540 cltra
2968 3469 3322 3561 primum
3377 3474 3659 3547 statim

2115 3586 2238 3655 est
2281 3582 2721 3663 distinctio,
2771 3585 3015 3656 aliter
3076 3590 3412 3660 mundus
3469 3610 3662 3661 vere

2116 3701 2194 3769 et
2269 3698 2606 3772 realiter
2671 3694 2830 3771 non
2890 3703 3013 3772 est
3072 3722 3301 3774 unus.
3359 3704 3660 3776 Confir-

2120 3819 2395 3888 matur
2453 3816 2692 3898 rati0,
2742 3818 2931 3909 quia
3001 3819 3268 3910 major
3320 3821 3660 3892 mundus

2114 3938 2238 4005 est
2283 3935 2376 4005 ad
2421 3934 3030 4007 similitudinem
3094 3935 3461 4020 minoriS,
3528 3938 3660 4030 qui

2116 4055 2240 4123 est
2315 4050 2580 4133 bomo,
2649 4052 2729 4123 in
2800 4074 2955 4144 quo
3022 4075 3299 4126 omnes
3378 4059 3658 4147 partes

2118 4168 2589 4240 materiales
2632 4190 2728 4241 ex
2765 4191 2921 4242 uno
2958 4173 3316 4244 naturali
3355 4176 3658 4247 semine

2120 4288 2600 4378 procedunt;
2679 4288 2933 4378 igitur
3009 4287 3088 4359 in
3158 4311 3317 4362 uno
3388 4289 3658 4364 funda-

2118 4408 2389 4475 mento
2478 4410 2794 4477 naturae
2907 4411 3032 4480 est
3118 4410 3513 4482 connexio
3581 4415 3659 4484 et

2117 4520 2414 4602 unitas,
2485 4525 2872 4613 quantum
2928 4526 3194 4616 potest
3230 4526 3397 4618 pati
3434 4530 3663 4601 tanta

2111 4636 2527 4710 distinctio
2572 4639 2647 4709 in
2686 4639 2946 4711 rebus,

2210 4755 2437 4834 Item,
2507 4775 2785 4826 omnes
2850 4758 3125 4848 partes
3198 4759 3466 4831 mundi
3527 4759 3659 4833 ha-

2100 4869 2300 4941 bent
2398 4872 2862 4943 necessario
2946 4877 3312 4945 mutuam
3405 4877 3662 4949 deter-

2119 4986 2649 5060 minationem
2728 4993 2806 5091 et
2877 4989 3489 5065 inclinationem
3568 4995 3662 5065 ad

2117 5103 2355 5185 aliaS,
2422 5108 2506 5174 ut
2570 5127 2854 5178 verum
2916 5108 3020 5180 sit
3089 5110 3380 5193 dicere,
3457 5113 3661 5201 quod

2119 5222 2319 5295 nihil
2386 5222 2490 5296 sit
2562 5226 2651 5295 (le
2720 5225 3196 5316 integritate
3266 5230 3655 5313 universi,

2121 5340 2325 5432 quod
2366 5362 2527 5412 non
2575 5342 3012 5415 inclinetur
3072 5346 3168 5417 ad
3228 5345 3465 5427 aliud,
3522 5350 3660 5419 aut

2118 5457 2329 5529 sicut
2365 5458 2720 5531 activum
2774 5460 3018 5542 illius,
3066 5465 3205 5534 aut
3241 5462 3452 5536 sicut
3488 5483 3662 5555 pas-

2118 5575 2407 5658 sivum,
2483 5598 2653 5669 quae
2713 5577 2866 5649 duo
2909 5578 3004 5650 ad
3074 5599 3157 5651 se
3202 5582 3482 5653 mutuo
3544 5578 3661 5652 in-

3547 377 3698 442 ι379

3807 4791 3895 4841 27.
