4252 6393
65 1312 269 1376 Responsio.

66 3751 96 3798 *d
104 3766 259 3828 arguat.

68 3846 79 3858 .
109 3830 262 3873 primi.

65 3875 129 3923 ule.

91 4236 205 4292 .ίά2,

86 4480 152 4528 ,Μ
167 4484 207 4535 3.

80 5314 197 5363 AM.

1489 489 1493 494 .
1565 430 1931 508 QUAES'HO
1977 431 2138 493 xvn
2177 505 2178 508 Ἴ

292 600 460 693 quod
500 597 777 687 aliqua
822 595 1086 674 stella,
1134 593 1260 664 vel
1350 590 1626 683 aliqua
1674 610 1819 674 ‚res

292 713 517 789 numdi
561 713 678 786 ita
718 710 1563 783 velocitermoveatur
1596 706 1808 779 sicut

288 837 396 904 out
446 830 741 908 hiatus,
780 833 862 901 et
901 822 1807 915 voraginesdisparent

289 969 325 1019 a
355 946 538 1027 visu,
593 966 754 1018 non
773 944 947 1017 ideo
980 963 1142 1014 non
1183 944 1308 1013 est
1355 936 1806 1011 verisimile

288 1062 683 1155 quodfiant
728 1081 874 1154 per
936 1056 1510 1132 alterationem
1572 1051 1804 1124 nubis

289 1178 522 1251 aluce.

364 1298 450 1368 Et
501 1299 842 1387 proptor
927 1291 1136 1366 istud
1204 1293 1484 1364 tenent
1564 1285 1800 1359 multi

288 1414 425 1494 alii,
460 1413 665 1505 quod
698 1410 971 1483 hiatus
1005 1414 1085 1483 et
1124 1408 1565 1498 voragines
1595 1408 1798 1485 flunt

289 1551 407 1622 per
436 1526 1184 1606 inflammationem,
1257 1529 1338 1598 et
1403 1528 1595 1598 tunc
1622 1545 1800 1616 pos·

286 1651 443 1719 sunt
461 1645 643 1718 elici
676 1664 772 1716 ex
798 1642 1297 1736 praecedente
1321 1640 1795 1732 quaestione,

286 1765 361 1835 de
405 1761 648 1840 sonis,
727 1760 863 1852 qni
957 1758 1399 1831 audiuntur
1460 1758 1541 1829 in
1608 1777 1797 1829 aere

287 1879 428 1952 sive
455 1879 687 1951 nube.
727 1878 945 1949 Unde
987 1875 1195 1949 tales
1240 1873 1421 1946 soni
1464 1877 1652 1946 sunt
1691 1873 1799 1946 di-

284 1996 521 2068 versi:
557 2015 748 2067 nam
794 1995 1266 2086 quandoque
1325 1996 1669 2084 apparet
1704 2012 1797 2063 ac

289 2111 346 2183 si
371 2115 576 2184 esset
611 2131 767 2181 vox
810 2108 1193 2186 hominis,
1232 2107 1666 2199 aliquando
1709 2111 1799 2180 ut

280 2228 580 2310 vox,vel
627 2225 985 2299 ululatus
1019 2223 1364 2298 alterius
1388 2223 1795 2304 animalis,

279 2348 346 2416 ct
380 2342 841 2436 quandoque
880 2346 969 2414 ut
1007 2346 1223 2414 esset
1256 2340 1541 2430 fragor
1571 2339 1802 2413 arbo-

288 2479 468 2530 rum.
526 2464 793 2534 Causa
861 2463 1010 2545 est,
1086 2457 1278 2549 quia
1338 2455 1418 2528 in
1494 2475 1799 2548 vapore

283 2597 517 2668 aqueo
550 2576 827 2650 subtili
881 2575 1325 2649 includitur
1382 2571 1797 2647 exhalatio

280 2692 511 2766 calida
552 2697 631 2766 et
672 2692 894 2766 sicca
952 2689 1299 2772 subtiliS,
1360 2710 1536 2782 quae
1597 2688 1800 2783 petit

280 2810 563 2886 exitum
605 2809 705 2880 ab
756 2808 917 2881 isto
950 2828 1281 2901 vapore,
1320 2812 1400 2882 et
1434 2806 1647 2879 sicut
1686 2805 1800 2879 vi-

276 2924 531 2998 demus
573 2924 780 3018 quod
825 2928 1221 2998 causatur
1244 2943 1516 3006 sonus,
1557 2942 1801 3014 quan-

275 3040 357 3114 do
407 3041 718 3114 serrum
812 3040 1161 3112 calidum
1241 3038 1802 3129 submergitur

278 3155 345 3235 in
374 3178 687 3252 aquam,
727 3159 841 3234 ita
892 3155 1439 3231 consimiliter
1471 3154 1553 3227 in
1574 3155 1799 3230 exitu

276 3274 800 3349 exhalationis
814 3296 912 3347 ex
936 3274 1075 3346 illo
1090 3278 1804 3367 vaporecausatur

278 3413 534 3475 sonus,
573 3398 654 3468 et
694 3390 1134 3466 diversitas
1190 3390 1410 3464 illius
1454 3389 1631 3463 soni
1675 3395 1801 3464 est

277 3506 692 3583 diversitas
731 3508 995 3591 medii,
1034 3507 1247 3582 sicut
1280 3508 1359 3579 in
1402 3507 1589 3579 aliis
1662 3507 1800 3579 im-

281 3628 845 3721 pressionibus,

374 3748 528 3818 Per
607 3745 761 3819 hoc
836 3747 930 3817 ad
1001 3744 1390 3820 rationes.
1475 3742 1588 3818 Ad
1647 3741 1803 3835 pri-

288 3882 513 3945 mam,
548 3883 833 3934 verum
875 3866 1026 3944 est,
1070 3860 1228 3934 nisi
1262 3860 1511 3935 suerit
1540 3862 1631 3932 de
1719 3879 1804 3931 se

284 3978 646 4061 lucidum,
691 3984 772 4052 et
814 3981 1006 4053 tunc
1032 3981 1458 4070 permanet
1492 3977 1790 4055 lumen,

285 4100 357 4170 et
395 4096 589 4169 bene
631 4099 906 4191 potest
934 4100 1126 4170 tunc
1163 4094 1619 4168 obscurari.

397 4215 510 4287 Ad
607 4211 1064 4294 secundam,
1104 4208 1109 4213 ’
1153 4211 1453 4286 dicitur
1528 4210 1805 4282 eodem

284 4331 530 4403 mode.

364 4446 476 4518 Ad
559 4445 921 4527 tertiam,
990 4443 1191 4525 dieo,
1260 4443 1466 4536 quod
1535 4440 1808 4514 hiatus

280 4565 354 4633 et
389 4583 694 4655 vorago
729 4565 917 4635 sunt
951 4581 1051 4633 ex
1117 4558 1468 4633 materia
1564 4555 1809 4629 subti-

279 4675 486 4760 liori,
521 4698 754 4771 quam
789 4677 897 4751 sit
918 4675 1193 4748 nubes,
1221 4678 1320 4749 Et
1351 4671 1809 4747 ‹latoadhuc

281 4796 479 4883 quod
590 4795 696 4869 sit
807 4794 1082 4875 nubes,
1187 4791 1384 4864 bene
1471 4793 1811 4882 possunt

280 4935 668 5009 apparere
708 4916 935 4999 talia,
973 4936 1069 4988 eo
1114 4916 1322 5007 quod
1375 4914 1606 4988 locus
1677 4933 1810 5005 ap-

283 5032 701 5125 paritionis
725 5054 889 5107 non
929 5036 1057 5106 est
1087 5031 1643 5106 circumdatus
1675 5048 1812 5101 un-

283 5148 509 5240 dique
534 5150 762 5223 nube.

365 5265 483 5336 Ad
519 5265 783 5347 aliam,
829 5265 1130 5339 dicitur
1170 5264 1375 5357 quod
1408 5265 1808 5357 apparent

291 5377 365 5448 in
405 5381 599 5453 coelo
631 5402 782 5475 pro
816 5385 1073 5463 tanto,
1137 5380 1325 5472 quia
1358 5380 1671 5472 quando
1707 5379 1817 5451 in-

289 5500 412 5568 ter
441 5498 694 5572 visum
717 5496 1821 5590 eta-liquodvisibileponitur
1937 5483 2163 5558 tiam·
2221 5485 2629 5559 Probsstlll‘
2668 5487 3478 5580 consequentifl‚quia

1929 5599 2138 5676 nihil
2191 5606 2534 5694 apparet
2574 5602 2956 5676 continue
3043 5604 3477 5677 secundum

290 5605 503 5678 aliud
525 5608 832 5681 visibile
857 5607 1187 5689 directe,
1208 5611 1380 5681 tum
1408 5605 1599 5678 illud
1617 5606 1821 5678 vidc-

3372 440 3451 518 833

1922 591 2491 682 turcohaerere
2514 592 3096 676 alterivisibili,
3115 599 3195 669 et
3218 617 3470 670 causa

1920 712 2070 790 est,
2130 708 2316 801 quia
2353 709 2744 785 distantia
2811 734 3256 806 corporum
3302 735 3461 789 non

1923 826 2406 919 percipitur,
2451 827 2609 900 nisi
2657 829 3173 923 percipiendo
3214 830 3465 905 situm

1918 945 3468 1035 corporumcontinueordinatorumin-

1918 1061 2048 1130 ter
2075 1059 2249 1151 ipsa
2275 1063 2544 1134 :modo
2560 1063 2873 1155 quando
2892 1084 3139 1136 unum
3162 1085 3464 1158 corpus

1918 1175 2254 1268 ponitur
2276 1176 2580 1251 directe
2614 1179 3459 1256 intervisumetaliud‚

1916 1310 2079 1364 non
2103 1292 2673 1385 percipiuntur
2693 1316 3051 1388 corpora
3084 1295 3462 1370 interme·

1914 1408 2045 1482 dia
2087 1411 2472 1484 continue
2508 1411 2905 1495 ordinata,
2944 1412 3119 1486 ideo
3152 1434 3311 1486 non
3334 1420 3459 1489 est

1913 1526 2331 1604 dicendum
2376 1528 2582 1622 quod
2614 1551 2774 1603 non
2807 1535 2930 1605 est
2971 1532 3456 1605 conveniens

1910 1643 2180 1716 visum
2221 1644 2480 1737 decipi
2514 1645 2943 1737 judicando
2983 1647 3080 1726 de
3126 1647 3314 1723 situ.

2004 1761 2119 1833 Ad
2143 1762 2545 1845 ultimam,
2581 1762 2997 1836 dicendum
3033 1766 3241 1856 quod
3273 1767 3453 1859 plus

1914 1876 2382 1966 sanguineae
2426 1881 2613 1951 sunt
2668 1877 3131 1970 hujiismodi
3217 1900 3457 1973 appa-

1882 1992 2201 2065 ·rentiae
2235 1998 2578 2086 propter
2608 1994 3142 2067 adustionem.

2300 2301 2765 2384 QUAESTIO
2821 2303 3075 2375 XVII.

1939 2500 2160 2560 Utrum
2201 2503 2391 2565 sraela
2433 2507 2689 2566 comata
2708 2502 2789 2563 sit
2838 2507 2916 2567 de
2958 2509 3196 2568 natura
3240 2506 3435 2570 coelt‘?

2006 2694 2413 2784 Arguitur
2455 2698 2661 2787 quod
2696 2696 2838 2769 sic.
2878 2701 3127 2772 Omne
3160 2721 3461 2794 corpus

3533 1765 3742 1818 ..tei-5.

3545 2752 3630 2802 <w1

1917 2812 2266 2905 simplex
2299 2811 2830 2887 circulariter
2873 2820 3187 2889 motum
3221 2823 3345 2891 est
3374 2818 3466 2891 de
3499 2787 3788 2879 Aru-’1⁷0'-

1918 2933 2219 3003 natura
2252 2929 2469 3012 coeli;
2509 2930 2642 3001 sed
2677 2931 2916 3003 stella
2948 2937 3278 3006 comata
3337 2939 3465 3009 est

1916 3044 2429 3138 hujusmodi;
2467 3045 2749 3136 igitur,
2787 3051 2940 3121 ete.
2988 3048 3177 3140 quia
3217 3049 3463 3123 aliter

1915 3161 2273 3254 ejusdem
2317 3161 2699 3255 corporis
2743 3161 3142 3256 simplicis
3193 3170 3467 3240 essent

1917 3277 2194 3372 plures
2239 3281 2508 3351 motus
2565 3277 2976 3371 simplices
3033 3281 3466 3354 secundum

1917 3399 2326 3475 naturam,
2381 3396 2482 3467 Et
2531 3393 2796 3485 prima
2874 3415 3066 3487 pars
3121 3395 3465 3469 minoris

1920 3513 2167 3603 patet,
2224 3508 2412 3600 quia
2458 3508 2523 3581 si
2569 3509 2808 3581 stella
2864 3514 3192 3583 comata
3249 3516 3468 3586 esset

1918 3645 2222 3717 corpus
2293 3624 2666 3705 mixtum,
2714 3628 2906 3698 tunc
2966 3625 3044 3696 in
3116 3626 3291 3719 ipso
3332 3627 3464 3702 do·

1921 3741 2380 3816 minaretur
2395 3746 2644 3824 terra,
2664 3763 2849 3815 cum
2878 3742 2959 3814 in
2976 3743 3192 3815 omni
3212 3743 3469 3819 mixto

1919 3856 2385 3929 dominetur
2452 3861 2705 3939 terra,
2741 3862 3070 3949 utpatet
3107 3860 3169 3930 4.
3197 3857 3465 3951 hujus,

1921 3977 2000 4045 et
2050 3991 2198 4065 per
2246 3993 2746 4065 consequens
2823 3973 3062 4047 stella
3145 3980 3471 4050 comata

1920 4091 2438 4164 descenderet
2468 4090 2872 4172 deorsum,
2912 4092 3117 4182 quod
3139 4097 3263 4167 est
3286 4114 3469 4167 con·

1924 4211 2057 4281 tra
2134 4207 2754 4300 experientiam.
2831 4209 3065 4291 Item,
3131 4208 3199 4282 si
3249 4216 3468 4285 esset

1926 4324 2301 4404 mixtum,
2340 4343 2525 4396 eum
2598 4342 2832 4395 omne
2902 4323 3250 4403 mixtum
3297 4347 3462 4401 mo-

1922 4442 2218 4513 veatur
2284 4440 2379 4510 ad
2422 4444 2732 4512 motum
2800 4439 3179 4515 elementi
3218 4442 3466 4517 domi-

1925 4554 2197 4628 nantis
2233 4554 2311 4627 in
2342 4575 2462 4636 eo,
2519 4553 2892 4646 sequitur
2932 4556 3141 4647 quod
3182 4557 3260 4628 in
3282 4559 3469 4632 stel-

1926 4670 2005 4743 la
2052 4675 2381 4744 comata
2427 4669 2902 4745 dominatur
2952 4675 3205 4755 terra,
3263 4676 3472 4764 quod

1925 4792 2049 4862 est
2092 4785 2624 4881 impossibile.
2665 4788 3025 4860 Secunda
3079 4808 3270 4881 pars
3340 4811 3472 4883 pa-

1926 4909 2043 4980 tet
2074 4925 2220 4997 per
2264 4902 2882 4996 experientiam.

3556 2893 3723 2930 muln·

2020 5021 2407 5104 Secundo,
2452 5018 2613 5093 nisi
2643 5024 2861 5094 esset
2882 5020 2973 5092 de
2995 5024 3296 5094 natura
3325 5042 3471 5096 eoe-
3503 5063 3813 5116 semmam

1932 5138 2011 5221 li,
2052 5142 2542 5229 sequeretur
2565 5138 2773 5229 quod
2792 5158 2953 5210 non
2980 5159 3305 5231 semper
3337 5158 3470 5233 ,ap-

1933 5256 2264 5344 pareret
2307 5251 2742 5323 secundum
2786 5250 3140 5325 sormam
3186 5253 3467 5326 stellae.

1935 5371 2451 5458 Consequens
2501 5372 2626 5442 est
2694 5372 2988 5440 contra
3052 5369 3469 5462 experien-
