4252 6393
375 2383 683 2434 Intellectus
730 2427 743 2440 ,

405 2447 647 2509 oper-atio

378 2509 575 2558 decerm
584 2511 701 2558 ina-

438 2579 530 2620 tur·
558 2573 618 2621 in

400 2635 657 2686 sensibus.

735 384 852 450 506

721 567 903 621 cum
937 548 1017 620 in
1049 553 1224 623 toto
1260 553 1558 625 minori
1604 553 1894 624 mundo
1932 553 2038 626 sit
2084 574 2266 625 cau-

720 687 809 739 sa
855 669 1340 741 universalis
1395 670 1473 740 in
1523 655 2101 762 cognoscendo,
2167 671 2265 742 si-

717 790 854 861 eut
889 787 1022 861 Sol
1060 788 1138 859 in
1170 789 1653 880 generando.
1704 790 1848 862 Sed
1885 790 2094 863 sieut
2130 790 2263 863 Sol

717 925 877 977 non
946 906 1266 998 perficit
1336 907 1705 981 actiones
1752 908 2258 990 artificiales,

720 1021 907 1114 quia
949 1043 1109 1094 non
1144 1023 1381 1096 habet
1408 1024 1769 1095 ordinem
1802 1026 1896 1096 ad
1930 1045 2263 1097 causam

721 1143 1095 1230 agentern
1139 1160 1285 1232 per
1318 1145 1607 1222 artem,
1648 1141 1764 1213 sic
1801 1141 2262 1214 intellectus

722 1277 906 1329 eum
952 1256 1059 1330 sit
1089 1256 1357 1330 virtus
1391 1258 1977 1348 cognoscitiva,
2024 1257 2264 1331 hahet

724 1373 991 1447 solum
1065 1373 1427 1446 ordinem
1469 1374 1935 1448 naturalem
2000 1376 2075 1447 in
2145 1394 2267 1447 ra-

721 1492 939 1566 tione
964 1512 1230 1566 causae
1265 1492 1752 1565 universalis
1786 1493 1882 1565 ad
1916 1493 2264 1566 virtutes

720 1609 1346 1700 cognoscitivas,
1421 1630 1581 1681 non
1649 1610 1744 1681 ad
1815 1609 2262 1692 naturales

719 1725 1169 1817 cujusmodi
1212 1731 1399 1801 sunt
1457 1727 1806 1810 nutrire,
1865 1727 2262 1818 digerere,

718 1861 1166 1934 generare:
1233 1844 1398 1917 imo
1469 1844 1648 1921 istae
1714 1845 1934 1918 vires
2022 1844 2269 1937 impe-

715 1959 1049 2035 diuntur
1101 1961 1686 2054 quodammodo
1747 1962 1827 2034 in
1876 1960 2043 2034 suis
2089 1983 2266 2055 ope-

718 2076 1173 2149 rationibus
1241 2098 1339 2149 ex
1406 2077 1916 2153 vehementia
1987 2099 2269 2171 opera-

716 2194 965 2267 tionis
1011 2194 1496 2268 intellectus.

813 2314 1235 2393 Quartum,
1284 2310 1598 2385 seilicet
1633 2313 1840 2404 quod
1893 2313 2264 2403 quamvis

725 2427 1226 2501 intellectiva
1296 2427 1404 2502 sit
1448 2427 1937 2499 universalis
2011 2427 2090 2498 in
2133 2449 2265 2500 00-

725 2544 1206 2636 gnoscendo,
1264 2545 1452 2637 quia
1509 2547 1605 2618 ad
1664 2544 1979 2617 nullum
2012 2544 2266 2619 deter-

729 2661 1121 2735 minatum
1155 2680 1407 2753 genus
1449 2661 1941 2755 cognitionis
2003 2665 2264 2735 arcta-

722 2782 881 2859 tur,
981 2777 1061 2849 in
1130 2777 1364 2850 oculo
1433 2779 1705 2850 tamen
1780 2779 2019 2861 videt,
2096 2779 2264 2851 sive

718 2896 1142 2984 cognoscit
1193 2895 1488 2977 album,
1534 2899 1615 2970 01
1665 2894 1742 2966 111
1802 2917 2000 2967 aure
2051 2895 2263 2968 hunc

717 3029 1032 3094 sonum,
1069 3014 1150 3085 et
1185 3009 1299 3082 sic
1334 3009 1425 3082 de
1459 3008 1643 3081 aliis
1681 3010 2072 3082 sensibus.
2109 3011 2264 3082 Un-

716 3127 807 3200 de
853 3125 1067 3204 sicut
1107 3125 1376 3200 virtus
1422 3124 1631 3200 Solis
1691 3125 1875 3198 dum
1937 3127 2263 3219 conjun-

715 3243 941 3335 gitur
1051 3242 1483 3335 agentibus
1594 3243 2260 3333 particularibus,

714 3361 1236 3435 contrahitur
1294 3363 1373 3435 ct
1466 3359 2083 3445 determinatur,
2149 3368 2264 3438 ut-

721 3479 907 3568 pote
992 3478 1303 3552 virtute
1396 3476 1638 3571 hujus
1734 3479 2058 3552 arboris
2137 3482 2261 3554 vel

722 3592 966 3675 illius,
1029 3594 1500 3686 applicatur
1541 3596 1846 3672 actioni
1907 3597 2265 3687 particu-

720 3708 902 3791 lari,
957 3711 1039 3783 et
1078 3705 1431 3785 efficitur
1472 3733 1630 3785 una
1665 3712 1877 3787 actio
1919 3733 2261 3784 numero

719 3846 904 3901 cum
971 3845 1092 3912 ea,
1189 3828 1305 3902 310
1392 3829 1660 3904 virtus
1736 3829 2259 3913 intellectiva,

720 3965 895 4037 111100
946 3950 1070 4020 031
1122 3947 1613 4020 universalis
1656 3946 1739 4019 in
1779 3966 2266 4040 cognoscen-

714 4062 837 4145 do,
875 4062 1061 4134 dum
1103 4064 1632 4156 conjungitur
1661 4068 1741 4138 et
1800 4064 2267 4157 applicatur

715 4180 1165 4256 virtutibus
1237 4181 1876 4273 particularibus
1947 4182 2270 4256 sensiti-

715 4299 863 4372 vis.
903 4299 1123 4383 Quod
1162 4299 1255 4373 fit
1292 4299 1476 4370 dum
1509 4299 1957 4393 cognoscit,
2024 4302 2101 4371 et
2160 4299 2266 4370 in-

718 4415 1017 4508 telligit
1079 4415 1485 4491 actualem
1547 4416 2075 4490 existentiam
2146 4416 2263 4488 rei

718 4532 1122 4605 sensibilis
1190 4532 1682 4613 extrinsece,
1748 4533 2268 4625 particulari-

716 4652 978 4731 zatur,
1025 4652 1104 4722 et
1153 4649 1775 4731 determinatur,
1823 4652 1900 4721 et
1943 4653 2267 4723 contra-

717 4765 965 4838 hitur.
1012 4767 1110 4838 Et
1147 4767 1445 4857 quanto
1499 4765 1961 4839 intellectus
2001 4769 2122 4837 est
2162 4765 2271 4837 in-

718 4882 1004 4957 timior
1046 4885 1124 4954 ct
1188 4881 1452 4972 magis
1498 4901 1744 4953 unum
1791 4901 1973 4954 cum
2027 4882 2272 4954 sensi-

720 5002 895 5083 bus,
943 5003 1021 5075 et
1055 4998 1695 5094 praesentialior,
1747 4998 1935 5090 quia
2001 5021 2275 5072 secun-

722 5120 908 5191 dum
1038 5116 1586 5192 substantiam
1676 5118 1755 5187 et
1850 5114 2270 5201 virtutem,

720 5256 962 5327 quam
998 5234 1159 5320 Sol,
1210 5235 1443 5307 tanto
1490 5252 1633 5302 sua
1680 5231 2050 5323 operatio
2115 5252 2275 5303 ma-

723 5356 847 5448 gis
901 5355 1022 5425 est
1103 5354 1532 5424 eontracta
1574 5352 1651 5420 et
1704 5349 2267 5434 determinata,

722 5473 907 5545 1111111
954 5472 1034 5542 111
1088 5469 1261 5563 ipso
1306 5489 1572 5548 sensu,
1613 5488 1748 5537 seu
1798 5467 1971 5559 ipsa
2006 5488 2271 5540 sensa-

730 5590 951 5663 tione
1013 5585 1540 5681 apprehendit
1588 5584 1964 5657 sensibile
2027 5607 2269 5679 quam

1875 392 1976 453 DE
2018 391 2286 454 RERUM
2328 391 2718 454 PRINCIPIO

2379 553 2749 645 operatio
2796 554 3031 636 Solis,
3069 553 3257 625 dum
3290 552 3371 625 in
3405 551 3582 645 ipsa
3621 549 3900 623 arbore

2379 670 2604 742 unita
2664 671 2953 743 virtuti
3038 670 3278 764 hujus
3340 669 3661 742 arboris
3739 689 3901 740 con-

2378 788 2743 861 trahitur
2776 790 3233 880 generando
3260 788 3508 863 talem
3533 788 3897 859 fructum.

2382 907 2563 978 Ideo
2604 909 2860 998 magis
2904 913 3028 978 est
3065 927 3218 978 una
3255 906 3469 979 actio
3506 926 3808 985 30113113,
3833 905 3903 974 01

2375 1024 2839 1097 intellectus
2889 1024 3073 1096 dum
3122 1022 3730 1116 apprehendunt
3772 1019 3907 1092 hoc

2379 1140 2756 1212 sensibile
2850 1160 3089 1231 quam
3185 1138 3423 1219 Solis,
3517 1141 3594 1210 et
3683 1136 3907 1228 hujus

2377 1257 2730 1338 arboris,
2768 1257 2956 1329 dum
2997 1260 3394 1347 generant
3445 1254 3653 1327 hunc
3713 1251 3908 1326 fruc·

2381 1378 2578 1457 tum,
2617 1374 2828 1446 sicut
2860 1376 2937 1444 et
2974 1372 3132 1444 illae
3175 1393 3469 1453 eausae,
3519 1392 3694 1463 quae
3733 1375 3906 1443 311111

2379 1491 2530 1564 sibi
2574 1491 2915 1564 invicem
2951 1490 3211 1579 magis
3255 1489 3526 1562 unitae.

2469 1611 2586 1679 Ex
2618 1607 2769 1680 hoc
2814 1609 3034 1700 patet
3067 1608 3160 1679 ad
3197 1607 3439 1678 istam
3473 1602 3910 1677 conclusio·
4018 1615 4083 1670 21.

2378 1747 2560 1797 nem
2594 1724 2895 1798 sortior
2930 1723 3171 1806 rati0,
3212 1723 3401 1816 quia
3437 1741 3670 1794 omne
3712 1722 3909 1814 1111011

2380 1840 2778 1935 recipitur
2853 1839 2930 1912 in
3016 1840 3203 1922 alio,
3290 1839 3690 1933 recipitur
3779 1858 3914 1931 per

2383 1966 2704 2038 modum
2769 1962 3238 2056 recipientis
3334 1982 3496 2033 non
3565 1960 3910 2053 recepti;

2380 2082 2512 2155 3011
2570 2081 3072 2175 impossibile
3103 2082 3251 2162 est,
3303 2080 3506 2172 1111011
3560 2079 3915 2152 intellec·

2375 2204 2508 2272 tus
2562 2198 2991 2290 intelligat,
3038 2202 3118 2271 et
3160 2200 3606 2288 cognoseat
3656 2197 3918 2268 actua-

2381 2316 2696 2387 litatem
2740 2314 3088 2408 alicujus
3162 2310 3699 2406 particularis
3757 2331 3917 2383 3011-

2380 2432 2636 2504 sibilis
2697 2434 2957 2513 extra,
3022 2431 3179 2503 nisi
3229 2451 3514 2503 sensus
3568 2428 3913 2522 particu-

2378 2550 2578 2622 laris
2620 2552 2804 2622 actu
2842 2551 3311 2640 cognoscat,
3361 2551 3441 2620 et
3478 2544 3914 2639 apprehen-

2375 2668 2508 2738 dat
2587 2665 2780 2738 illud
2875 2664 3355 2738 extrinsece.
3450 2664 3618 2734 IIoe
3710 2661 3914 2734 enim

2378 2787 2600 2876 patet
2637 2779 3063 2853 manifeste
3116 2801 3259 2874 per
3299 2778 3912 2872 experientiam.

2378 2899 2458 2975 Si
2499 2899 2714 2972 enim
2746 2897 2974 2970 video
3008 2895 3333 2989 aliquod
3385 2894 3662 2967 album
3707 2899 3912 2974 actu,

2377 3016 2838 3089 intellectus
2900 3015 3167 3107 potest
3234 3013 3526 3094 dicere,
3599 3011 3758 3085 hoc
3821 3011 3919 3083 al-

2376 3135 2561 3208 bum
2599 3137 2782 3206 actu
2819 3135 2941 3204 est
2982 3157 2994 3200 :
3043 3131 3176 3203 sed
3221 3130 3289 3203 si
3325 3128 3700 3203 claudam
3751 3148 3921 3201 ocu-

2376 3254 2544 3327 lum
2620 3256 2701 3326 et
2765 3250 3081 3323 desinat
3118 3249 3353 3330 visio,
3398 3246 3622 3318 nullo
3694 3245 3920 3319 modo

2379 3390 2709 3462 possum
2774 3368 2986 3439 scire
3047 3369 3325 3439 utrum
3394 3363 3588 3435 illud
3653 3363 3921 3435 album

2378 3491 2557 3559 actu
2626 3485 2755 3569 sit,
2812 3485 3002 3578 quia
3046 3482 3427 3577 possibile
3486 3483 3609 3554 est
3660 3482 3922 3574 ipsum

2376 3625 2553 3677 esse
2614 3604 3124 3694 corruptum,
3161 3599 3286 3671 vel
3349 3595 3919 3671 annihilatum.

2457 3723 2578 3793 Ex
2627 3740 2782 3812 quo
2855 3718 3137 3810 aperte
3207 3719 3455 3809 patet,
3525 3714 3740 3807 quod
3791 3712 3925 3787 im-

2382 3833 2761 3929 possibile
2805 3837 2953 3914 est,
3007 3831 3214 3925 quod
3282 3830 3751 3903 intellectus
3809 3847 3928 3901 co-

2381 3957 2722 4046 gnoscat
2776 3977 2909 4020 esse
2949 3948 3269 4023 actuale
3331 3946 3450 4020 rei
3521 3943 3930 4019 sensibilis

2376 4075 2637 4152 extra,
2677 4069 2834 4141 nisi
2892 4069 3079 4140 dum
3133 4065 3415 4138 unitur
3472 4065 3551 4136 et
3593 4063 3928 4156 conjun-

2379 4188 2605 4279 gitur
2655 4184 2925 4258 sensui
2963 4180 3473 4276 particulari,
3539 4180 3759 4254 sicut
3793 4199 3932 4250 nec

2380 4306 2516 4380 Sol
2565 4305 2834 4398 potest
2903 4320 3297 4393 generare
3343 4318 3700 4392 pomum,
3775 4294 3933 4369 nisi

2376 4422 2562 4495 dum
2606 4439 2752 4492 sua
2794 4417 3057 4490 virtus
3103 4414 3634 4509 conjungitur
3673 4414 3932 4488 virtu-

2379 4534 2441 4610 ti
2478 4533 2666 4608 talis
2710 4531 3034 4604 arboris
3073 4557 3087 4612 ;
3145 4550 3345 4622 ergo
3391 4530 3459 4602 si
3495 4531 3708 4621 quod
3744 4528 3936 4602 reci·

2385 4652 2629 4743 pitur,
2696 4647 3095 4741 recipitur
3159 4667 3301 4740 per
3346 4646 3670 4718 modum
3740 4645 3938 4718 reci-

2388 4766 2707 4860 pientis,
2743 4768 2820 4837 et
2853 4764 3119 4837 virtus
3155 4762 3548 4837 sensitiva
3582 4763 3939 4856 particu-

2387 4882 2588 4954 laris
2632 4883 2754 4954 est
2793 4880 3337 4953 determinata
3377 4883 3455 4953 et
3500 4878 3943 4971 particula-

2390 5000 2676 5080 rizata,
2722 5018 3055 5070 necesse
3097 5001 3246 5075 est,
3313 4996 3517 5089 quod
3559 4997 3783 5069 actio
3830 4995 3943 5068 in-

2388 5118 2767 5191 tellectus
2817 5114 3365 5189 contrahatur
3424 5117 3504 5187 et
3563 5114 3944 5186 determi-

2389 5240 2656 5315 netur,
2744 5234 2930 5305 1111111
3028 5232 3453 5323 cognoscit
3531 5230 3940 5304 actualem

2385 5350 2908 5424 existentiam
2983 5348 3099 5420 rei
3176 5348 3583 5420 sensibilis
3669 5353 3937 5421 extra.

2389 5473 2481 5540 Et
2564 5467 2934 5557 intelligo
3042 5464 3248 5536 hanc
3328 5464 3940 5538 determinatio-

2383 5608 2589 5669 nem,
2647 5589 2724 5658 et
2807 5582 3456 5657 contractionem
3537 5582 3811 5675 primo
3845 5602 3938 5653 ex
