<?xml version="1.0" encoding="UTF-8"?>
<!DOCTYPE html PUBLIC "-//W3C//DTD XHTML 1.0 Transitional//EN"
    "http://www.w3.org/TR/xhtml1/DTD/xhtml1-transitional.dtd">
<html xmlns="http://www.w3.org/1999/xhtml" xml:lang="en" lang="en">
 <head>
  <title>
</title>
<meta http-equiv="Content-Type" content="text/html;charset=utf-8" />
  <meta name='ocr-system' content='tesseract 3.04.00' />
  <meta name='ocr-capabilities' content='ocr_page ocr_carea ocr_par ocr_line ocrx_word'/>
</head>
<body>
  <div class='ocr_page' id='page_1' title='image "./joannisdunsscot03waddgoog_0097.png"; bbox 0 0 4252 6393; ppageno 0'>
   <div class='ocr_carea' id='block_1_1' title="bbox 1638 433 3532 509">
    <p class='ocr_par' dir='ltr' id='par_1_1' title="bbox 1638 433 3532 509">
     <span class='ocr_line' id='line_1_1' title="bbox 1638 433 3532 509; baseline 0.007 -15"><span class='ocrx_word' id='word_1_1' title='bbox 1638 433 2000 509; x_wconf 79' lang='lat' dir='ltr'>QUAESTIO</span> <span class='ocrx_word' id='word_1_2' title='bbox 2048 436 2210 499; x_wconf 88' lang='lat' dir='ltr'>xvu</span> <span class='ocrx_word' id='word_1_3' title='bbox 3404 454 3416 464; x_wconf 91' lang='lat'><strong>·</strong></span> <span class='ocrx_word' id='word_1_4' title='bbox 3452 446 3532 508; x_wconf 83' lang='lat'>85</span> 
     </span>
    </p>
   </div>
   <div class='ocr_carea' id='block_1_2' title="bbox 295 592 1877 3364">
    <p class='ocr_par' dir='ltr' id='par_1_2' title="bbox 336 592 1877 786">
     <span class='ocr_line' id='line_1_2' title="bbox 338 592 1877 688; baseline -0.002 -22"><span class='ocrx_word' id='word_1_5' title='bbox 338 615 516 667; x_wconf 92' lang='lat' dir='ltr'>rum</span> <span class='ocrx_word' id='word_1_6' title='bbox 608 595 1134 688; x_wconf 88' lang='lat' dir='ltr'>planetarum</span> <span class='ocrx_word' id='word_1_7' title='bbox 1204 596 1332 668; x_wconf 89' lang='lat' dir='ltr'>est</span> <span class='ocrx_word' id='word_1_8' title='bbox 1409 612 1670 674; x_wconf 87' lang='lat' dir='ltr'>coma,</span> <span class='ocrx_word' id='word_1_9' title='bbox 1751 592 1877 664; x_wconf 83' lang='lat' dir='ltr'>vel</span> 
     </span>
     <span class='ocr_line' id='line_1_3' title="bbox 336 713 615 786; baseline -0.011 0"><span class='ocrx_word' id='word_1_10' title='bbox 336 713 615 786; x_wconf 89' lang='lat' dir='ltr'>cauda.</span> 
     </span>
    </p>

    <p class='ocr_par' dir='ltr' id='par_1_3' title="bbox 310 824 1877 2296">
     <span class='ocr_line' id='line_1_4' title="bbox 461 824 1871 919; baseline -0.005 -17"><span class='ocrx_word' id='word_1_11' title='bbox 461 832 777 902; x_wconf 88' lang='lat' dir='ltr'>Contra</span> <span class='ocrx_word' id='word_1_12' title='bbox 844 827 1038 900; x_wconf 90' lang='lat' dir='ltr'>illud</span> <span class='ocrx_word' id='word_1_13' title='bbox 1120 826 1510 918; x_wconf 80' lang='lat' dir='ltr'>arguitur</span> <span class='ocrx_word' id='word_1_14' title='bbox 1580 824 1871 919; x_wconf 90' lang='lat' dir='ltr'>prim0,</span> 
     </span>
     <span class='ocr_line' id='line_1_5' title="bbox 330 940 1876 1038; baseline -0.005 -20"><span class='ocrx_word' id='word_1_15' title='bbox 330 946 516 1038; x_wconf 85' lang='lat' dir='ltr'>quia</span> <span class='ocrx_word' id='word_1_16' title='bbox 532 945 932 1037; x_wconf 85' lang='lat' dir='ltr'>sequitur,</span> <span class='ocrx_word' id='word_1_17' title='bbox 960 945 1168 1035; x_wconf 90' lang='lat' dir='ltr'>quod</span> <span class='ocrx_word' id='word_1_18' title='bbox 1188 944 1655 1037; x_wconf 87' lang='lat' dir='ltr'>disparente</span> <span class='ocrx_word' id='word_1_19' title='bbox 1689 940 1876 1016; x_wconf 86' lang='lat' dir='ltr'>stol-</span> 
     </span>
     <span class='ocr_line' id='line_1_6' title="bbox 330 1057 1877 1156; baseline -0.004 -21"><span class='ocrx_word' id='word_1_20' title='bbox 330 1063 403 1135; x_wconf 87' lang='lat' dir='ltr'>la</span> <span class='ocrx_word' id='word_1_21' title='bbox 445 1068 774 1137; x_wconf 87' lang='lat' dir='ltr'>comata</span> <span class='ocrx_word' id='word_1_22' title='bbox 845 1066 1250 1156; x_wconf 80' lang='lat' dir='ltr'>apparent</span> <span class='ocrx_word' id='word_1_23' title='bbox 1278 1062 1451 1134; x_wconf 80' lang='lat' dir='ltr'>duae</span> <span class='ocrx_word' id='word_1_24' title='bbox 1494 1059 1754 1133; x_wconf 80' lang='lat' dir='ltr'>stellae</span> <span class='ocrx_word' id='word_1_25' title='bbox 1778 1057 1877 1130; x_wconf 90' lang='lat' dir='ltr'>ab</span> 
     </span>
     <span class='ocr_line' id='line_1_7' title="bbox 328 1179 1875 1272; baseline -0.003 -20"><span class='ocrx_word' id='word_1_26' title='bbox 328 1179 674 1252; x_wconf 74' lang='lat' dir='ltr'>invicem</span> <span class='ocrx_word' id='word_1_27' title='bbox 716 1183 1156 1272; x_wconf 58' lang='lat' dir='ltr'>separatam</span> <span class='ocrx_word' id='word_1_28' title='bbox 1202 1197 1709 1268; x_wconf 91' lang='lat' dir='ltr'>consequens</span> <span class='ocrx_word' id='word_1_29' title='bbox 1751 1179 1875 1248; x_wconf 90' lang='lat' dir='ltr'>est</span> 
     </span>
     <span class='ocr_line' id='line_1_8' title="bbox 324 1293 1875 1390; baseline -0.003 -23"><span class='ocrx_word' id='word_1_30' title='bbox 324 1301 618 1370; x_wconf 87' lang='lat' dir='ltr'>contra</span> <span class='ocrx_word' id='word_1_31' title='bbox 729 1293 1353 1390; x_wconf 78' lang='lat' dir='ltr'>experientiam.</span> <span class='ocrx_word' id='word_1_32' title='bbox 1463 1293 1875 1365; x_wconf 87' lang='lat' dir='ltr'>Probatur</span> 
     </span>
     <span class='ocr_line' id='line_1_9' title="bbox 324 1405 1872 1500; baseline -0.003 -19"><span class='ocrx_word' id='word_1_33' title='bbox 324 1409 931 1500; x_wconf 82' lang='lat' dir='ltr'>consequentia,</span> <span class='ocrx_word' id='word_1_34' title='bbox 979 1407 1169 1499; x_wconf 89' lang='lat' dir='ltr'>quia</span> <span class='ocrx_word' id='word_1_35' title='bbox 1223 1406 1441 1480; x_wconf 83' lang='lat' dir='ltr'>facta</span> <span class='ocrx_word' id='word_1_36' title='bbox 1492 1405 1872 1497; x_wconf 90' lang='lat' dir='ltr'>conjunc-</span> 
     </span>
     <span class='ocr_line' id='line_1_10' title="bbox 321 1524 1873 1616; baseline -0.001 -18"><span class='ocrx_word' id='word_1_37' title='bbox 321 1526 544 1600; x_wconf 86' lang='lat' dir='ltr'>tione</span> <span class='ocrx_word' id='word_1_38' title='bbox 583 1526 928 1597; x_wconf 87' lang='lat' dir='ltr'>duarum</span> <span class='ocrx_word' id='word_1_39' title='bbox 965 1524 1396 1597; x_wconf 87' lang='lat' dir='ltr'>stellarum</span> <span class='ocrx_word' id='word_1_40' title='bbox 1467 1527 1873 1616; x_wconf 79' lang='lat' dir='ltr'>apparent</span> 
     </span>
     <span class='ocr_line' id='line_1_11' title="bbox 322 1638 1868 1734; baseline -0.005 -19"><span class='ocrx_word' id='word_1_41' title='bbox 322 1643 480 1715; x_wconf 78' lang='lat' dir='ltr'>illae</span> <span class='ocrx_word' id='word_1_42' title='bbox 511 1642 684 1714; x_wconf 82' lang='lat' dir='ltr'>duae</span> <span class='ocrx_word' id='word_1_43' title='bbox 718 1641 976 1715; x_wconf 77' lang='lat' dir='ltr'>stellae</span> <span class='ocrx_word' id='word_1_44' title='bbox 1011 1645 1439 1734; x_wconf 80' lang='lat' dir='ltr'>separatae.</span> <span class='ocrx_word' id='word_1_45' title='bbox 1479 1638 1868 1723; x_wconf 82' lang='lat' dir='ltr'>SecundO,</span> 
     </span>
     <span class='ocr_line' id='line_1_12' title="bbox 320 1757 1871 1852; baseline -0.003 -20"><span class='ocrx_word' id='word_1_46' title='bbox 320 1759 507 1852; x_wconf 89' lang='lat' dir='ltr'>quia</span> <span class='ocrx_word' id='word_1_47' title='bbox 552 1758 972 1832; x_wconf 84' lang='lat' dir='ltr'>multoties</span> <span class='ocrx_word' id='word_1_48' title='bbox 1020 1757 1220 1829; x_wconf 80' lang='lat' dir='ltr'>visae</span> <span class='ocrx_word' id='word_1_49' title='bbox 1263 1759 1451 1829; x_wconf 89' lang='lat' dir='ltr'>sunt</span> <span class='ocrx_word' id='word_1_50' title='bbox 1491 1757 1871 1849; x_wconf 91' lang='lat' dir='ltr'>conjunc-</span> 
     </span>
     <span class='ocr_line' id='line_1_13' title="bbox 318 1871 1870 1966; baseline -0.001 -18"><span class='ocrx_word' id='word_1_51' title='bbox 318 1876 610 1956; x_wconf 83' lang='lat' dir='ltr'>tiones,</span> <span class='ocrx_word' id='word_1_52' title='bbox 648 1873 962 1966; x_wconf 86' lang='lat' dir='ltr'>quando</span> <span class='ocrx_word' id='word_1_53' title='bbox 997 1877 1268 1946; x_wconf 89' lang='lat' dir='ltr'>tamen</span> <span class='ocrx_word' id='word_1_54' title='bbox 1295 1893 1456 1944; x_wconf 91' lang='lat' dir='ltr'>non</span> <span class='ocrx_word' id='word_1_55' title='bbox 1483 1871 1870 1965; x_wconf 88' lang='lat' dir='ltr'>apparuit</span> 
     </span>
     <span class='ocr_line' id='line_1_14' title="bbox 316 1988 1862 2080; baseline -0.003 -17"><span class='ocrx_word' id='word_1_56' title='bbox 316 1991 559 2065; x_wconf 89' lang='lat' dir='ltr'>stella</span> <span class='ocrx_word' id='word_1_57' title='bbox 593 1994 920 2062; x_wconf 89' lang='lat' dir='ltr'>comata</span> <span class='ocrx_word' id='word_1_58' title='bbox 955 1989 1069 2062; x_wconf 90' lang='lat' dir='ltr'>ita</span> <span class='ocrx_word' id='word_1_59' title='bbox 1113 2008 1410 2080; x_wconf 82' lang='lat' dir='ltr'>magna</span> <span class='ocrx_word' id='word_1_60' title='bbox 1444 1988 1658 2062; x_wconf 90' lang='lat' dir='ltr'>sicut</span> <span class='ocrx_word' id='word_1_61' title='bbox 1695 1988 1862 2071; x_wconf 89' lang='lat' dir='ltr'>illa,</span> 
     </span>
     <span class='ocr_line' id='line_1_15' title="bbox 312 2104 1864 2199; baseline 0 -21"><span class='ocrx_word' id='word_1_62' title='bbox 312 2107 400 2178; x_wconf 90' lang='lat' dir='ltr'>de</span> <span class='ocrx_word' id='word_1_63' title='bbox 444 2126 607 2199; x_wconf 90' lang='lat' dir='ltr'>qua</span> <span class='ocrx_word' id='word_1_64' title='bbox 649 2104 1017 2197; x_wconf 89' lang='lat' dir='ltr'>loquitur</span> <span class='ocrx_word' id='word_1_65' title='bbox 1056 2104 1549 2179; x_wconf 87' lang='lat' dir='ltr'>Aristoteles</span> <span class='ocrx_word' id='word_1_66' title='bbox 1610 2105 1690 2176; x_wconf 92' lang='lat' dir='ltr'>in</span> <span class='ocrx_word' id='word_1_67' title='bbox 1739 2104 1864 2178; x_wconf 93' lang='lat' dir='ltr'>lit-</span> 
     </span>
     <span class='ocr_line' id='line_1_16' title="bbox 310 2221 1203 2296; baseline -0.004 0"><span class='ocrx_word' id='word_1_68' title='bbox 310 2228 518 2296; x_wconf 89' lang='lat' dir='ltr'>tera.</span> <span class='ocrx_word' id='word_1_69' title='bbox 1199 2221 1203 2225; x_wconf 81' lang='grc'><strong>’</strong></span> 
     </span>
    </p>

    <p class='ocr_par' dir='ltr' id='par_1_4' title="bbox 306 2339 1863 2763">
     <span class='ocr_line' id='line_1_17' title="bbox 394 2339 1862 2432; baseline -0.001 -20"><span class='ocrx_word' id='word_1_70' title='bbox 394 2340 705 2420; x_wconf 88' lang='lat' dir='ltr'>Tertio,</span> <span class='ocrx_word' id='word_1_71' title='bbox 754 2339 945 2432; x_wconf 88' lang='lat' dir='ltr'>quia</span> <span class='ocrx_word' id='word_1_72' title='bbox 977 2342 1531 2430; x_wconf 84' lang='lat' dir='ltr'>aggregatum</span> <span class='ocrx_word' id='word_1_73' title='bbox 1571 2359 1671 2411; x_wconf 86' lang='lat' dir='ltr'>ex</span> <span class='ocrx_word' id='word_1_74' title='bbox 1701 2360 1862 2410; x_wconf 93' lang='lat' dir='ltr'>om-</span> 
     </span>
     <span class='ocr_line' id='line_1_18' title="bbox 306 2454 1863 2549; baseline -0.003 -20"><span class='ocrx_word' id='word_1_75' title='bbox 306 2457 548 2528; x_wconf 90' lang='lat' dir='ltr'>nibus</span> <span class='ocrx_word' id='word_1_76' title='bbox 596 2454 950 2549; x_wconf 85' lang='lat' dir='ltr'>planctis</span> <span class='ocrx_word' id='word_1_77' title='bbox 1056 2474 1217 2525; x_wconf 92' lang='lat' dir='ltr'>non</span> <span class='ocrx_word' id='word_1_78' title='bbox 1284 2459 1564 2547; x_wconf 86' lang='lat' dir='ltr'>posset</span> <span class='ocrx_word' id='word_1_79' title='bbox 1622 2475 1863 2547; x_wconf 88' lang='lat' dir='ltr'>appa-</span> 
     </span>
     <span class='ocr_line' id='line_1_19' title="bbox 310 2571 1862 2663; baseline 0 -19"><span class='ocrx_word' id='word_1_80' title='bbox 310 2594 495 2645; x_wconf 86' lang='lat' dir='ltr'>rere</span> <span class='ocrx_word' id='word_1_81' title='bbox 534 2572 650 2646; x_wconf 91' lang='lat' dir='ltr'>ita</span> <span class='ocrx_word' id='word_1_82' title='bbox 684 2591 1076 2662; x_wconf 83' lang='lat' dir='ltr'>magnum</span> <span class='ocrx_word' id='word_1_83' title='bbox 1126 2575 1437 2663; x_wconf 79' lang='lat' dir='ltr'>praeter</span> <span class='ocrx_word' id='word_1_84' title='bbox 1479 2571 1747 2645; x_wconf 91' lang='lat' dir='ltr'>Solem</span> <span class='ocrx_word' id='word_1_85' title='bbox 1780 2574 1862 2644; x_wconf 91' lang='lat' dir='ltr'>et</span> 
     </span>
     <span class='ocr_line' id='line_1_20' title="bbox 313 2690 659 2763; baseline -0.014 0"><span class='ocrx_word' id='word_1_86' title='bbox 313 2690 659 2763; x_wconf 86' lang='lat' dir='ltr'>Lunam.</span> 
     </span>
    </p>

    <p class='ocr_par' dir='ltr' id='par_1_5' title="bbox 295 2803 1860 3364">
     <span class='ocr_line' id='line_1_21' title="bbox 386 2803 1860 2897; baseline -0.001 -19"><span class='ocrx_word' id='word_1_87' title='bbox 386 2810 734 2890; x_wconf 87' lang='lat' dir='ltr'>Quarto,</span> <span class='ocrx_word' id='word_1_88' title='bbox 793 2803 1303 2897; x_wconf 90' lang='lat' dir='ltr'>impossibile</span> <span class='ocrx_word' id='word_1_89' title='bbox 1342 2807 1469 2878; x_wconf 91' lang='lat' dir='ltr'>est</span> <span class='ocrx_word' id='word_1_90' title='bbox 1500 2803 1860 2895; x_wconf 87' lang='lat' dir='ltr'>aliquam</span> 
     </span>
     <span class='ocr_line' id='line_1_22' title="bbox 299 2921 1859 3017; baseline -0.004 -21"><span class='ocrx_word' id='word_1_91' title='bbox 299 2923 969 3017; x_wconf 87' lang='lat' dir='ltr'>conjunctionem</span> <span class='ocrx_word' id='word_1_92' title='bbox 1011 2942 1159 3016; x_wconf 89' lang='lat' dir='ltr'>per</span> <span class='ocrx_word' id='word_1_93' title='bbox 1192 2943 1333 2993; x_wconf 85' lang='lat' dir='ltr'>sex</span> <span class='ocrx_word' id='word_1_94' title='bbox 1379 2940 1696 2992; x_wconf 91' lang='lat' dir='ltr'>menses</span> <span class='ocrx_word' id='word_1_95' title='bbox 1729 2921 1859 2991; x_wconf 89' lang='lat' dir='ltr'>du-</span> 
     </span>
     <span class='ocr_line' id='line_1_23' title="bbox 299 3037 1860 3121; baseline -0.004 -10"><span class='ocrx_word' id='word_1_96' title='bbox 299 3061 518 3121; x_wconf 84' lang='lat' dir='ltr'>rare,</span> <span class='ocrx_word' id='word_1_97' title='bbox 566 3045 840 3113; x_wconf 89' lang='lat' dir='ltr'>tamen</span> <span class='ocrx_word' id='word_1_98' title='bbox 865 3044 954 3114; x_wconf 92' lang='lat' dir='ltr'>ut</span> <span class='ocrx_word' id='word_1_99' title='bbox 996 3043 1299 3112; x_wconf 84' lang='lat' dir='ltr'>Seneca</span> <span class='ocrx_word' id='word_1_100' title='bbox 1337 3037 1532 3110; x_wconf 85' lang='lat' dir='ltr'>dicit</span> <span class='ocrx_word' id='word_1_101' title='bbox 1573 3041 1645 3106; x_wconf 80' lang='lat' dir='ltr'>in</span> <span class='ocrx_word' id='word_1_102' title='bbox 1664 3051 1860 3106; x_wconf 78' lang='lat' dir='ltr'>natu-</span> 
     </span>
     <span class='ocr_line' id='line_1_24' title="bbox 295 3153 1858 3246; baseline 0.001 -20"><span class='ocrx_word' id='word_1_103' title='bbox 295 3159 560 3226; x_wconf 77' lang='lat' dir='ltr'>ralibus</span> <span class='ocrx_word' id='word_1_104' title='bbox 589 3158 1078 3245; x_wconf 72' lang='lat' dir='ltr'>quaestionibus,</span> <span class='ocrx_word' id='word_1_105' title='bbox 1119 3153 1553 3246; x_wconf 85' lang='lat' dir='ltr'>aliquando</span> <span class='ocrx_word' id='word_1_106' title='bbox 1599 3153 1858 3228; x_wconf 81' lang='lat' dir='ltr'>Stellae</span> 
     </span>
     <span class='ocr_line' id='line_1_25' title="bbox 296 3275 1857 3364; baseline -0.003 -19"><span class='ocrx_word' id='word_1_107' title='bbox 296 3275 651 3345; x_wconf 81' lang='lat' dir='ltr'>comatae</span> <span class='ocrx_word' id='word_1_108' title='bbox 693 3275 1257 3364; x_wconf 89' lang='lat' dir='ltr'>apparuerunt</span> <span class='ocrx_word' id='word_1_109' title='bbox 1293 3291 1438 3363; x_wconf 89' lang='lat' dir='ltr'>per</span> <span class='ocrx_word' id='word_1_110' title='bbox 1469 3291 1610 3343; x_wconf 82' lang='lat' dir='ltr'>sex</span> <span class='ocrx_word' id='word_1_111' title='bbox 1645 3290 1857 3342; x_wconf 92' lang='lat' dir='ltr'>men-</span> 
     </span>
    </p>
   </div>
   <div class='ocr_carea' id='block_1_3' title="bbox 125 3409 1854 3595">
    <p class='ocr_par' dir='ltr' id='par_1_6' title="bbox 125 3409 1854 3595">
     <span class='ocr_line' id='line_1_26' title="bbox 125 3409 1854 3595; baseline -0.005 -15"><span class='ocrx_word' id='word_1_112' title='bbox 125 3540 164 3590; x_wconf 85' lang='lat'>3</span> <span class='ocrx_word' id='word_1_113' title='bbox 299 3409 760 3577; x_wconf 61' lang='lat' dir='ltr'>seSecunda</span> <span class='ocrx_word' id='word_1_114' title='bbox 804 3502 1081 3595; x_wconf 89' lang='lat' dir='ltr'>opinio</span> <span class='ocrx_word' id='word_1_115' title='bbox 1113 3496 1573 3592; x_wconf 77' lang='lat' dir='ltr'>e1at‚quo&#39;d</span> <span class='ocrx_word' id='word_1_116' title='bbox 1616 3501 1854 3575; x_wconf 87' lang='lat' dir='ltr'>stella</span> 
     </span>
    </p>
   </div>
   <div class='ocr_carea' id='block_1_4' title="bbox 44 3602 1851 5692">
    <p class='ocr_par' dir='ltr' id='par_1_7' title="bbox 44 3602 1850 4274">
     <span class='ocr_line' id='line_1_27' title="bbox 44 3602 1850 3713; baseline -0.001 -17"><span class='ocrx_word' id='word_1_117' title='bbox 44 3602 244 3665; x_wconf 37' lang='lat' dir='ltr'>⁰15²*st</span> <span class='ocrx_word' id='word_1_118' title='bbox 292 3627 633 3696; x_wconf 86' lang='lat' dir='ltr'>comata</span> <span class='ocrx_word' id='word_1_119' title='bbox 662 3621 816 3695; x_wconf 83' lang='lat' dir='ltr'>fuit</span> <span class='ocrx_word' id='word_1_120' title='bbox 850 3620 1152 3713; x_wconf 90' lang='lat' dir='ltr'>aliquis</span> <span class='ocrx_word' id='word_1_121' title='bbox 1181 3620 1729 3713; x_wconf 87' lang='lat' dir='ltr'>planetarum,</span> <span class='ocrx_word' id='word_1_122' title='bbox 1769 3623 1850 3694; x_wconf 91' lang='lat' dir='ltr'>et</span> 
     </span>
     <span class='ocr_line' id='line_1_28' title="bbox 287 3733 1851 3828; baseline -0.003 -18"><span class='ocrx_word' id='word_1_123' title='bbox 287 3758 535 3811; x_wconf 83' lang='lat' dir='ltr'>coma</span> <span class='ocrx_word' id='word_1_124' title='bbox 565 3738 743 3828; x_wconf 87' lang='lat' dir='ltr'>ejus</span> <span class='ocrx_word' id='word_1_125' title='bbox 783 3737 1020 3810; x_wconf 89' lang='lat' dir='ltr'>fieret</span> <span class='ocrx_word' id='word_1_126' title='bbox 1050 3758 1150 3808; x_wconf 85' lang='lat' dir='ltr'>ex</span> <span class='ocrx_word' id='word_1_127' title='bbox 1183 3734 1683 3810; x_wconf 87' lang='lat' dir='ltr'>attractione</span> <span class='ocrx_word' id='word_1_128' title='bbox 1713 3733 1851 3806; x_wconf 91' lang='lat' dir='ltr'>hu-</span> 
     </span>
     <span class='ocr_line' id='line_1_29' title="bbox 292 3850 1850 3931; baseline -0.003 -5"><span class='ocrx_word' id='word_1_129' title='bbox 292 3874 626 3926; x_wconf 87' lang='lat' dir='ltr'>morum</span> <span class='ocrx_word' id='word_1_130' title='bbox 688 3853 788 3925; x_wconf 89' lang='lat' dir='ltr'>ab</span> <span class='ocrx_word' id='word_1_131' title='bbox 856 3853 1039 3926; x_wconf 93' lang='lat' dir='ltr'>istis</span> <span class='ocrx_word' id='word_1_132' title='bbox 1123 3850 1682 3931; x_wconf 84' lang='lat' dir='ltr'>inferioribus,</span> <span class='ocrx_word' id='word_1_133' title='bbox 1755 3852 1850 3922; x_wconf 88' lang='lat' dir='ltr'>ad</span> 
     </span>
     <span class='ocr_line' id='line_1_30' title="bbox 288 3966 1848 4062; baseline -0.001 -21"><span class='ocrx_word' id='word_1_134' title='bbox 288 3992 536 4062; x_wconf 88' lang='lat' dir='ltr'>quem</span> <span class='ocrx_word' id='word_1_135' title='bbox 609 3969 1236 4060; x_wconf 81' lang='lat' dir='ltr'>refrangeretur</span> <span class='ocrx_word' id='word_1_136' title='bbox 1313 3968 1587 4039; x_wconf 92' lang='lat' dir='ltr'>lumen</span> <span class='ocrx_word' id='word_1_137' title='bbox 1627 3966 1848 4040; x_wconf 91' lang='lat' dir='ltr'>illius</span> 
     </span>
     <span class='ocr_line' id='line_1_31' title="bbox 288 4086 1842 4180; baseline -0.001 -23"><span class='ocrx_word' id='word_1_138' title='bbox 288 4087 679 4180; x_wconf 81' lang='lat' dir='ltr'>planetae,</span> <span class='ocrx_word' id='word_1_139' title='bbox 724 4090 805 4159; x_wconf 95' lang='lat' dir='ltr'>et</span> <span class='ocrx_word' id='word_1_140' title='bbox 845 4106 943 4157; x_wconf 83' lang='lat' dir='ltr'>ex</span> <span class='ocrx_word' id='word_1_141' title='bbox 986 4086 1138 4158; x_wconf 88' lang='lat' dir='ltr'>hoc</span> <span class='ocrx_word' id='word_1_142' title='bbox 1182 4087 1530 4177; x_wconf 86' lang='lat' dir='ltr'>apparet</span> <span class='ocrx_word' id='word_1_143' title='bbox 1580 4103 1842 4166; x_wconf 87' lang='lat' dir='ltr'>coma,</span> 
     </span>
     <span class='ocr_line' id='line_1_32' title="bbox 286 4203 849 4274; baseline -0.004 -2"><span class='ocrx_word' id='word_1_144' title='bbox 286 4203 415 4274; x_wconf 78' lang='lat' dir='ltr'>vel</span> <span class='ocrx_word' id='word_1_145' title='bbox 459 4203 763 4274; x_wconf 84' lang='lat' dir='ltr'>cauda.</span> <span class='ocrx_word' id='word_1_146' title='bbox 845 4221 849 4225; x_wconf 73' lang='grc'><em>’</em></span> 
     </span>
    </p>

    <p class='ocr_par' dir='ltr' id='par_1_8' title="bbox 281 4315 1843 4760">
     <span class='ocr_line' id='line_1_33' title="bbox 376 4315 1842 4407; baseline -0.004 -15"><span class='ocrx_word' id='word_1_147' title='bbox 376 4319 533 4392; x_wconf 85' lang='lat' dir='ltr'>Sed</span> <span class='ocrx_word' id='word_1_148' title='bbox 584 4321 882 4390; x_wconf 85' lang='lat' dir='ltr'>contra</span> <span class='ocrx_word' id='word_1_149' title='bbox 926 4316 1143 4388; x_wconf 91' lang='lat' dir='ltr'>istud</span> <span class='ocrx_word' id='word_1_150' title='bbox 1187 4315 1603 4407; x_wconf 89' lang='lat' dir='ltr'>objicitur,</span> <span class='ocrx_word' id='word_1_151' title='bbox 1652 4315 1842 4407; x_wconf 90' lang='lat' dir='ltr'>quia</span> 
     </span>
     <span class='ocr_line' id='line_1_34' title="bbox 282 4433 1833 4525; baseline -0.001 -21"><span class='ocrx_word' id='word_1_152' title='bbox 282 4434 769 4525; x_wconf 86' lang='lat' dir='ltr'>quandoque</span> <span class='ocrx_word' id='word_1_153' title='bbox 802 4433 1000 4504; x_wconf 81' lang='lat' dir='ltr'>visae</span> <span class='ocrx_word' id='word_1_154' title='bbox 1039 4436 1227 4504; x_wconf 90' lang='lat' dir='ltr'>sunt</span> <span class='ocrx_word' id='word_1_155' title='bbox 1263 4436 1606 4505; x_wconf 74' lang='lat' dir='ltr'>cometae</span> <span class='ocrx_word' id='word_1_156' title='bbox 1672 4453 1833 4504; x_wconf 90' lang='lat' dir='ltr'>om-</span> 
     </span>
     <span class='ocr_line' id='line_1_35' title="bbox 281 4548 1843 4642; baseline -0.002 -19"><span class='ocrx_word' id='word_1_157' title='bbox 281 4551 525 4623; x_wconf 89' lang='lat' dir='ltr'>nibus</span> <span class='ocrx_word' id='word_1_158' title='bbox 571 4550 925 4640; x_wconf 90' lang='lat' dir='ltr'>quinque</span> <span class='ocrx_word' id='word_1_159' title='bbox 968 4548 1322 4642; x_wconf 88' lang='lat' dir='ltr'>planetis</span> <span class='ocrx_word' id='word_1_160' title='bbox 1368 4548 1612 4621; x_wconf 92' lang='lat' dir='ltr'>simul</span> <span class='ocrx_word' id='word_1_161' title='bbox 1645 4548 1843 4621; x_wconf 83' lang='lat' dir='ltr'>visis</span> 
     </span>
     <span class='ocr_line' id='line_1_36' title="bbox 285 4666 1125 4760; baseline -0.005 -21"><span class='ocrx_word' id='word_1_162' title='bbox 285 4688 545 4760; x_wconf 88' lang='lat' dir='ltr'>supra</span> <span class='ocrx_word' id='word_1_163' title='bbox 580 4666 1125 4738; x_wconf 88' lang='lat' dir='ltr'>horizontem.</span> 
     </span>
    </p>

    <p class='ocr_par' dir='ltr' id='par_1_9' title="bbox 281 4782 1842 5205">
     <span class='ocr_line' id='line_1_37' title="bbox 372 4782 1840 4864; baseline -0.003 -6"><span class='ocrx_word' id='word_1_164' title='bbox 372 4783 779 4864; x_wconf 82' lang='lat' dir='ltr'>SecundO,</span> <span class='ocrx_word' id='word_1_165' title='bbox 829 4782 899 4856; x_wconf 93' lang='lat' dir='ltr'>si</span> <span class='ocrx_word' id='word_1_166' title='bbox 959 4782 1102 4864; x_wconf 91' lang='lat' dir='ltr'>sic,</span> <span class='ocrx_word' id='word_1_167' title='bbox 1168 4788 1344 4856; x_wconf 90' lang='lat' dir='ltr'>tum</span> <span class='ocrx_word' id='word_1_168' title='bbox 1415 4782 1657 4856; x_wconf 89' lang='lat' dir='ltr'>stella</span> <span class='ocrx_word' id='word_1_169' title='bbox 1715 4802 1840 4854; x_wconf 93' lang='lat' dir='ltr'>co-</span> 
     </span>
     <span class='ocr_line' id='line_1_38' title="bbox 284 4898 1842 4991; baseline -0.002 -18"><span class='ocrx_word' id='word_1_170' title='bbox 284 4907 514 4975; x_wconf 87' lang='lat' dir='ltr'>mata</span> <span class='ocrx_word' id='word_1_171' title='bbox 583 4899 1060 4991; x_wconf 83' lang='lat' dir='ltr'>quandoque</span> <span class='ocrx_word' id='word_1_172' title='bbox 1154 4901 1600 4990; x_wconf 86' lang='lat' dir='ltr'>appareret</span> <span class='ocrx_word' id='word_1_173' title='bbox 1670 4898 1842 4970; x_wconf 91' lang='lat' dir='ltr'>sine</span> 
     </span>
     <span class='ocr_line' id='line_1_39' title="bbox 281 5012 1842 5106; baseline -0.002 -19"><span class='ocrx_word' id='word_1_174' title='bbox 281 5036 553 5098; x_wconf 88' lang='lat' dir='ltr'>coma,</span> <span class='ocrx_word' id='word_1_175' title='bbox 624 5014 832 5106; x_wconf 87' lang='lat' dir='ltr'>quod</span> <span class='ocrx_word' id='word_1_176' title='bbox 877 5018 1002 5088; x_wconf 89' lang='lat' dir='ltr'>est</span> <span class='ocrx_word' id='word_1_177' title='bbox 1060 5018 1353 5086; x_wconf 88' lang='lat' dir='ltr'>contra</span> <span class='ocrx_word' id='word_1_178' title='bbox 1427 5012 1842 5105; x_wconf 87' lang='lat' dir='ltr'>experien-</span> 
     </span>
     <span class='ocr_line' id='line_1_40' title="bbox 285 5132 518 5205; baseline -0.013 0"><span class='ocrx_word' id='word_1_179' title='bbox 285 5132 518 5205; x_wconf 87' lang='lat' dir='ltr'>tiam.</span> 
     </span>
    </p>

    <p class='ocr_par' dir='ltr' id='par_1_10' title="bbox 286 5245 1841 5692">
     <span class='ocr_line' id='line_1_41' title="bbox 372 5245 1841 5338; baseline -0.002 -18"><span class='ocrx_word' id='word_1_180' title='bbox 372 5248 667 5321; x_wconf 86' lang='lat' dir='ltr'>Tertia</span> <span class='ocrx_word' id='word_1_181' title='bbox 720 5247 880 5329; x_wconf 84' lang='lat' dir='ltr'>via,</span> <span class='ocrx_word' id='word_1_182' title='bbox 955 5245 1145 5338; x_wconf 91' lang='lat' dir='ltr'>quia</span> <span class='ocrx_word' id='word_1_183' title='bbox 1213 5245 1453 5319; x_wconf 86' lang='lat' dir='ltr'>stella</span> <span class='ocrx_word' id='word_1_184' title='bbox 1511 5252 1841 5322; x_wconf 87' lang='lat' dir='ltr'>comata</span> 
     </span>
     <span class='ocr_line' id='line_1_42' title="bbox 286 5361 1839 5455; baseline 0.001 -22"><span class='ocrx_word' id='word_1_185' title='bbox 286 5369 506 5437; x_wconf 89' lang='lat' dir='ltr'>esset</span> <span class='ocrx_word' id='word_1_186' title='bbox 543 5363 909 5455; x_wconf 80' lang='lat' dir='ltr'>quaedam</span> <span class='ocrx_word' id='word_1_187' title='bbox 937 5361 1173 5435; x_wconf 87' lang='lat' dir='ltr'>stella</span> <span class='ocrx_word' id='word_1_188' title='bbox 1214 5362 1304 5433; x_wconf 88' lang='lat' dir='ltr'>de</span> <span class='ocrx_word' id='word_1_189' title='bbox 1338 5366 1638 5434; x_wconf 89' lang='lat' dir='ltr'>natura</span> <span class='ocrx_word' id='word_1_190' title='bbox 1695 5384 1839 5436; x_wconf 88' lang='lat' dir='ltr'>coe-</span> 
     </span>
     <span class='ocr_line' id='line_1_43' title="bbox 288 5477 1839 5575; baseline 0.001 -25"><span class='ocrx_word' id='word_1_191' title='bbox 288 5478 368 5561; x_wconf 90' lang='lat' dir='ltr'>li,</span> <span class='ocrx_word' id='word_1_192' title='bbox 416 5479 731 5551; x_wconf 89' lang='lat' dir='ltr'>habens</span> <span class='ocrx_word' id='word_1_193' title='bbox 777 5498 1126 5575; x_wconf 63' lang='lat' dir='ltr'>vcomam</span> <span class='ocrx_word' id='word_1_194' title='bbox 1177 5497 1275 5549; x_wconf 83' lang='lat' dir='ltr'>ex</span> <span class='ocrx_word' id='word_1_195' title='bbox 1327 5477 1839 5569; x_wconf 87' lang='lat' dir='ltr'>dispersione</span> 
     </span>
     <span class='ocr_line' id='line_1_44' title="bbox 288 5594 1836 5692; baseline 0.003 -26"><span class='ocrx_word' id='word_1_196' title='bbox 288 5595 815 5679; x_wconf 88' lang='lat' dir='ltr'>suiluminis,</span> <span class='ocrx_word' id='word_1_197' title='bbox 884 5594 1009 5670; x_wconf 80' lang='lat' dir='ltr'>vel</span> <span class='ocrx_word' id='word_1_198' title='bbox 1076 5615 1174 5668; x_wconf 82' lang='lat' dir='ltr'>cx</span> <span class='ocrx_word' id='word_1_199' title='bbox 1238 5594 1587 5671; x_wconf 88' lang='lat' dir='ltr'>materia</span> <span class='ocrx_word' id='word_1_200' title='bbox 1656 5615 1836 5692; x_wconf 88' lang='lat' dir='ltr'>pro-</span> 
     </span>
    </p>
   </div>
   <div class='ocr_carea' id='block_1_5' title="bbox 69 835 308 895">
    <p class='ocr_par' dir='ltr' id='par_1_11' title="bbox 69 835 308 895">
     <span class='ocr_line' id='line_1_45' title="bbox 69 835 308 895; baseline -0.004 -10"><span class='ocrx_word' id='word_1_201' title='bbox 69 835 308 895; x_wconf 59' lang='lat' dir='ltr'>Rslelle‘tur.</span> 
     </span>
    </p>
   </div>
   <div class='ocr_carea' id='block_1_6' title="bbox 38 4361 251 4463">
    <p class='ocr_par' dir='ltr' id='par_1_12' title="bbox 38 4361 251 4463">
     <span class='ocr_line' id='line_1_46' title="bbox 38 4361 251 4411; baseline 0.014 -3"><span class='ocrx_word' id='word_1_202' title='bbox 38 4361 251 4411; x_wconf 38' lang='lat' dir='ltr'>&#39;29³9ssss-</span> 
     </span>
     <span class='ocr_line' id='line_1_47' title="bbox 103 4421 187 4463; baseline 0 -5"><span class='ocrx_word' id='word_1_203' title='bbox 103 4421 187 4463; x_wconf 72' lang='lat' dir='ltr'>tur.</span> 
     </span>
    </p>
   </div>
   <div class='ocr_carea' id='block_1_7' title="bbox 37 5289 239 5355">
    <p class='ocr_par' dir='ltr' id='par_1_13' title="bbox 37 5289 239 5355">
     <span class='ocr_line' id='line_1_48' title="bbox 37 5289 239 5355; baseline 0.03 -12"><span class='ocrx_word' id='word_1_204' title='bbox 37 5289 181 5355; x_wconf 67' lang='lat' dir='ltr'>Opinio</span> <span class='ocrx_word' id='word_1_205' title='bbox 196 5298 239 5351; x_wconf 83' lang='grc'>3.</span> 
     </span>
    </p>
   </div>
   <div class='ocr_carea' id='block_1_8' title="bbox 1956 593 3872 5356">
    <p class='ocr_par' dir='ltr' id='par_1_14' title="bbox 1985 593 3547 1501">
     <span class='ocr_line' id='line_1_49' title="bbox 1989 593 3540 693; baseline 0.008 -28"><span class='ocrx_word' id='word_1_206' title='bbox 1989 593 2200 686; x_wconf 88' lang='lat' dir='ltr'>pria,</span> <span class='ocrx_word' id='word_1_207' title='bbox 2248 616 2423 689; x_wconf 83' lang='lat' dir='ltr'>quae</span> <span class='ocrx_word' id='word_1_208' title='bbox 2468 599 2941 690; x_wconf 88' lang='lat' dir='ltr'>quandoque</span> <span class='ocrx_word' id='word_1_209' title='bbox 3010 605 3380 693; x_wconf 83' lang='lat' dir='ltr'>apparet,</span> <span class='ocrx_word' id='word_1_210' title='bbox 3457 608 3540 679; x_wconf 90' lang='lat' dir='ltr'>et</span> 
     </span>
     <span class='ocr_line' id='line_1_50' title="bbox 1987 713 3542 812; baseline 0.008 -31"><span class='ocrx_word' id='word_1_211' title='bbox 1987 713 2464 805; x_wconf 89' lang='lat' dir='ltr'>quandoque</span> <span class='ocrx_word' id='word_1_212' title='bbox 2506 735 2693 797; x_wconf 90' lang='lat' dir='ltr'>non,</span> <span class='ocrx_word' id='word_1_213' title='bbox 2736 720 3088 808; x_wconf 88' lang='lat' dir='ltr'>propter</span> <span class='ocrx_word' id='word_1_214' title='bbox 3130 717 3284 791; x_wconf 87' lang='lat' dir='ltr'>hoc</span> <span class='ocrx_word' id='word_1_215' title='bbox 3329 721 3542 812; x_wconf 89' lang='lat' dir='ltr'>quod</span> 
     </span>
     <span class='ocr_line' id='line_1_51' title="bbox 1994 827 3543 920; baseline 0.006 -22"><span class='ocrx_word' id='word_1_216' title='bbox 1994 827 2077 898; x_wconf 91' lang='lat' dir='ltr'>in</span> <span class='ocrx_word' id='word_1_217' title='bbox 2115 828 2482 920; x_wconf 89' lang='lat' dir='ltr'>pluribus</span> <span class='ocrx_word' id='word_1_218' title='bbox 2537 832 3008 907; x_wconf 88' lang='lat' dir='ltr'>occultatur</span> <span class='ocrx_word' id='word_1_219' title='bbox 3076 834 3224 906; x_wconf 92' lang='lat' dir='ltr'>sub</span> <span class='ocrx_word' id='word_1_220' title='bbox 3289 835 3543 908; x_wconf 89' lang='lat' dir='ltr'>radiis</span> 
     </span>
     <span class='ocr_line' id='line_1_52' title="bbox 1995 944 3547 1025; baseline 0.003 -9"><span class='ocrx_word' id='word_1_221' title='bbox 1995 944 2235 1025; x_wconf 89' lang='lat' dir='ltr'>Solis,</span> <span class='ocrx_word' id='word_1_222' title='bbox 2299 949 2379 1020; x_wconf 91' lang='lat' dir='ltr'>et</span> <span class='ocrx_word' id='word_1_223' title='bbox 2456 949 2890 1020; x_wconf 84' lang='lat' dir='ltr'>secundum</span> <span class='ocrx_word' id='word_1_224' title='bbox 2959 948 3163 1022; x_wconf 90' lang='lat' dir='ltr'>istos</span> <span class='ocrx_word' id='word_1_225' title='bbox 3247 950 3547 1025; x_wconf 85' lang='lat' dir='ltr'>notitia</span> 
     </span>
     <span class='ocr_line' id='line_1_53' title="bbox 1992 1058 3541 1159; baseline 0.007 -27"><span class='ocrx_word' id='word_1_226' title='bbox 1992 1058 2231 1135; x_wconf 90' lang='lat' dir='ltr'>istius</span> <span class='ocrx_word' id='word_1_227' title='bbox 2250 1063 2683 1145; x_wconf 81' lang='lat' dir='ltr'>stellae‚aut</span> <span class='ocrx_word' id='word_1_228' title='bbox 2709 1066 3169 1159; x_wconf 89' lang='lat' dir='ltr'>motusejus</span> <span class='ocrx_word' id='word_1_229' title='bbox 3190 1069 3541 1143; x_wconf 89' lang='lat' dir='ltr'>nondum</span> 
     </span>
     <span class='ocr_line' id='line_1_54' title="bbox 1989 1178 3540 1276; baseline 0.006 -28"><span class='ocrx_word' id='word_1_230' title='bbox 1989 1178 2364 1271; x_wconf 89' lang='lat' dir='ltr'>pervenit</span> <span class='ocrx_word' id='word_1_231' title='bbox 2406 1180 2500 1251; x_wconf 84' lang='lat' dir='ltr'>ad</span> <span class='ocrx_word' id='word_1_232' title='bbox 2532 1199 2706 1251; x_wconf 90' lang='lat' dir='ltr'>nos.</span> <span class='ocrx_word' id='word_1_233' title='bbox 2790 1181 3051 1274; x_wconf 91' lang='lat' dir='ltr'>Hujus</span> <span class='ocrx_word' id='word_1_234' title='bbox 3132 1183 3540 1276; x_wconf 88' lang='lat' dir='ltr'>opinionis</span> 
     </span>
     <span class='ocr_line' id='line_1_55' title="bbox 1985 1293 3539 1372; baseline 0.005 -8"><span class='ocrx_word' id='word_1_235' title='bbox 1985 1293 2522 1369; x_wconf 75' lang='lat' dir='ltr'>videturesse</span> <span class='ocrx_word' id='word_1_236' title='bbox 2583 1300 2886 1370; x_wconf 79' lang='lat' dir='ltr'>Seneca</span> <span class='ocrx_word' id='word_1_237' title='bbox 2960 1302 3035 1368; x_wconf 81' lang='lat' dir='ltr'>in</span> <span class='ocrx_word' id='word_1_238' title='bbox 3113 1305 3539 1372; x_wconf 76' lang='lat' dir='ltr'>naturalibus</span> 
     </span>
     <span class='ocr_line' id='line_1_56' title="bbox 2012 1415 2508 1501; baseline 0.015 -26"><span class='ocrx_word' id='word_1_239' title='bbox 2012 1415 2508 1501; x_wconf 72' lang='lat' dir='ltr'>quaescionib113.</span> 
     </span>
    </p>

    <p class='ocr_par' dir='ltr' id='par_1_15' title="bbox 1983 1529 3861 1738">
     <span class='ocr_line' id='line_1_57' title="bbox 2074 1529 3861 1666; baseline 0.006 -67"><span class='ocrx_word' id='word_1_240' title='bbox 2074 1529 2248 1601; x_wconf 92' lang='lat' dir='ltr'>Ista</span> <span class='ocrx_word' id='word_1_241' title='bbox 2276 1529 2547 1622; x_wconf 88' lang='lat' dir='ltr'>opinio</span> <span class='ocrx_word' id='word_1_242' title='bbox 2579 1529 3179 1624; x_wconf 88' lang='lat' dir='ltr'>improbabitur</span> <span class='ocrx_word' id='word_1_243' title='bbox 3206 1555 3245 1605; x_wconf 94' lang='lat'>1</span> <span class='ocrx_word' id='word_1_244' title='bbox 3249 1556 3531 1666; x_wconf 84' lang='lat' dir='ltr'>espon-</span> <span class='ocrx_word' id='word_1_245' title='bbox 3575 1546 3730 1609; x_wconf 69' lang='lat' dir='ltr'>Imrv</span> <span class='ocrx_word' id='word_1_246' title='bbox 3730 1545 3861 1597; x_wconf 77' lang='lat' dir='ltr'>oba-</span> 
     </span>
     <span class='ocr_line' id='line_1_58' title="bbox 1983 1616 3786 1738; baseline 0.007 -24"><span class='ocrx_word' id='word_1_247' title='bbox 1983 1641 2232 1716; x_wconf 92' lang='lat' dir='ltr'>dendo</span> <span class='ocrx_word' id='word_1_248' title='bbox 2266 1646 2361 1718; x_wconf 88' lang='lat' dir='ltr'>ad</span> <span class='ocrx_word' id='word_1_249' title='bbox 2404 1648 2964 1738; x_wconf 83' lang='lat' dir='ltr'>quaestionem.</span> <span class='ocrx_word' id='word_1_250' title='bbox 3676 1616 3786 1660; x_wconf 43' lang='grc' dir='ltr'>ω’·</span> 
     </span>
    </p>

    <p class='ocr_par' dir='ltr' id='par_1_16' title="bbox 1977 1764 3532 2551">
     <span class='ocr_line' id='line_1_59' title="bbox 2074 1764 3530 1858; baseline 0.007 -27"><span class='ocrx_word' id='word_1_251' title='bbox 2074 1765 2387 1842; x_wconf 87' lang='lat' dir='ltr'>Quarta</span> <span class='ocrx_word' id='word_1_252' title='bbox 2451 1764 2724 1856; x_wconf 92' lang='lat' dir='ltr'>opinio</span> <span class='ocrx_word' id='word_1_253' title='bbox 2786 1770 2936 1848; x_wconf 87' lang='lat' dir='ltr'>est,</span> <span class='ocrx_word' id='word_1_254' title='bbox 3012 1768 3219 1858; x_wconf 89' lang='lat' dir='ltr'>quod</span> <span class='ocrx_word' id='word_1_255' title='bbox 3289 1769 3530 1843; x_wconf 89' lang='lat' dir='ltr'>stella</span> 
     </span>
     <span class='ocr_line' id='line_1_60' title="bbox 1981 1881 3530 1968; baseline 0.006 -20"><span class='ocrx_word' id='word_1_256' title='bbox 1981 1882 2309 1951; x_wconf 88' lang='lat' dir='ltr'>comata</span> <span class='ocrx_word' id='word_1_257' title='bbox 2388 1900 2550 1951; x_wconf 92' lang='lat' dir='ltr'>non</span> <span class='ocrx_word' id='word_1_258' title='bbox 2612 1881 2719 1954; x_wconf 91' lang='lat' dir='ltr'>sit</span> <span class='ocrx_word' id='word_1_259' title='bbox 2789 1883 3315 1968; x_wconf 84' lang='lat' dir='ltr'>naturaliter,</span> <span class='ocrx_word' id='word_1_260' title='bbox 3392 1886 3530 1958; x_wconf 91' lang='lat' dir='ltr'>sed</span> 
     </span>
     <span class='ocr_line' id='line_1_61' title="bbox 1982 1993 3532 2073; baseline 0.005 -8"><span class='ocrx_word' id='word_1_261' title='bbox 1982 1994 2198 2065; x_wconf 91' lang='lat' dir='ltr'>Deus</span> <span class='ocrx_word' id='word_1_262' title='bbox 2238 1993 2436 2068; x_wconf 84' lang='lat' dir='ltr'>facit</span> <span class='ocrx_word' id='word_1_263' title='bbox 2477 2016 2656 2069; x_wconf 88' lang='lat' dir='ltr'>eam</span> <span class='ocrx_word' id='word_1_264' title='bbox 2684 1997 3174 2072; x_wconf 88' lang='lat' dir='ltr'>miraculose</span> <span class='ocrx_word' id='word_1_265' title='bbox 3206 2001 3302 2072; x_wconf 90' lang='lat' dir='ltr'>ad</span> <span class='ocrx_word' id='word_1_266' title='bbox 3333 2000 3532 2073; x_wconf 88' lang='lat' dir='ltr'>desi·</span> 
     </span>
     <span class='ocr_line' id='line_1_62' title="bbox 1980 2112 3528 2207; baseline 0.006 -27"><span class='ocrx_word' id='word_1_267' title='bbox 1980 2112 2383 2201; x_wconf 83' lang='lat' dir='ltr'>gnandam</span> <span class='ocrx_word' id='word_1_268' title='bbox 2429 2118 2780 2187; x_wconf 90' lang='lat' dir='ltr'>mortem</span> <span class='ocrx_word' id='word_1_269' title='bbox 2822 2114 3176 2207; x_wconf 88' lang='lat' dir='ltr'>alicujus</span> <span class='ocrx_word' id='word_1_270' title='bbox 3221 2116 3528 2190; x_wconf 88' lang='lat' dir='ltr'>Princi-</span> 
     </span>
     <span class='ocr_line' id='line_1_63' title="bbox 1978 2226 3522 2320; baseline 0.006 -24"><span class='ocrx_word' id='word_1_271' title='bbox 1978 2226 2126 2318; x_wconf 76' lang='lat' dir='ltr'>piS,</span> <span class='ocrx_word' id='word_1_272' title='bbox 2148 2226 2273 2299; x_wconf 81' lang='lat' dir='ltr'>vol</span> <span class='ocrx_word' id='word_1_273' title='bbox 2301 2227 2661 2320; x_wconf 91' lang='lat' dir='ltr'>aliquam</span> <span class='ocrx_word' id='word_1_274' title='bbox 2688 2230 2936 2303; x_wconf 90' lang='lat' dir='ltr'>aliam</span> <span class='ocrx_word' id='word_1_275' title='bbox 2957 2231 3522 2316; x_wconf 89' lang='lat' dir='ltr'>mutationem,</span> 
     </span>
     <span class='ocr_line' id='line_1_64' title="bbox 1979 2341 3524 2442; baseline 0.006 -29"><span class='ocrx_word' id='word_1_276' title='bbox 1979 2341 2190 2415; x_wconf 88' lang='lat' dir='ltr'>sicut</span> <span class='ocrx_word' id='word_1_277' title='bbox 2223 2348 2568 2436; x_wconf 87' lang='lat' dir='ltr'>apparet</span> <span class='ocrx_word' id='word_1_278' title='bbox 2591 2345 2681 2417; x_wconf 91' lang='lat' dir='ltr'>de</span> <span class='ocrx_word' id='word_1_279' title='bbox 2710 2346 2947 2420; x_wconf 88' lang='lat' dir='ltr'>stella</span> <span class='ocrx_word' id='word_1_280' title='bbox 2971 2353 3320 2431; x_wconf 87' lang='lat' dir='ltr'>comata,</span> <span class='ocrx_word' id='word_1_281' title='bbox 3350 2371 3524 2442; x_wconf 79' lang='lat' dir='ltr'>quae</span> 
     </span>
     <span class='ocr_line' id='line_1_65' title="bbox 1977 2459 3172 2551; baseline 0.007 -23"><span class='ocrx_word' id='word_1_282' title='bbox 1977 2459 2365 2551; x_wconf 89' lang='lat' dir='ltr'>apparuit</span> <span class='ocrx_word' id='word_1_283' title='bbox 2396 2461 2486 2533; x_wconf 89' lang='lat' dir='ltr'>de</span> <span class='ocrx_word' id='word_1_284' title='bbox 2523 2466 2788 2536; x_wconf 89' lang='lat' dir='ltr'>morte</span> <span class='ocrx_word' id='word_1_285' title='bbox 2833 2464 3172 2538; x_wconf 87' lang='lat' dir='ltr'>Christi.</span> 
     </span>
    </p>

    <p class='ocr_par' dir='ltr' id='par_1_17' title="bbox 1966 2576 3872 3252">
     <span class='ocr_line' id='line_1_66' title="bbox 2065 2576 3872 2715; baseline 0.003 -69"><span class='ocrx_word' id='word_1_286' title='bbox 2065 2576 2214 2648; x_wconf 85' lang='lat' dir='ltr'>Sed</span> <span class='ocrx_word' id='word_1_287' title='bbox 2253 2581 2580 2659; x_wconf 89' lang='lat' dir='ltr'>contra;</span> <span class='ocrx_word' id='word_1_288' title='bbox 2637 2580 2917 2653; x_wconf 92' lang='lat' dir='ltr'>Omnis</span> <span class='ocrx_word' id='word_1_289' title='bbox 2968 2580 3303 2655; x_wconf 86' lang='lat' dir='ltr'>effectus</span> <span class='ocrx_word' id='word_1_290' title='bbox 3339 2604 3518 2675; x_wconf 89' lang='lat' dir='ltr'>pro-</span> <span class='ocrx_word' id='word_1_291' title='bbox 3575 2601 3872 2715; x_wconf 50' lang='lat' dir='ltr'>Impuqna.</span> 
     </span>
     <span class='ocr_line' id='line_1_67' title="bbox 1973 2670 3613 2790; baseline 0.008 -29"><span class='ocrx_word' id='word_1_292' title='bbox 1973 2690 2265 2765; x_wconf 89' lang='lat' dir='ltr'>ductus</span> <span class='ocrx_word' id='word_1_293' title='bbox 2312 2692 2805 2768; x_wconf 88' lang='lat' dir='ltr'>miraculose</span> <span class='ocrx_word' id='word_1_294' title='bbox 2839 2717 2887 2767; x_wconf 90' lang='lat' dir='ltr'>a</span> <span class='ocrx_word' id='word_1_295' title='bbox 2941 2687 3109 2770; x_wconf 81' lang='lat' dir='ltr'>De&#39;o</span> <span class='ocrx_word' id='word_1_296' title='bbox 3153 2700 3520 2790; x_wconf 87' lang='lat' dir='ltr'>produci</span> <span class='ocrx_word' id='word_1_297' title='bbox 3549 2670 3613 2715; x_wconf 54' lang='grc' dir='ltr'>η’</span> 
     </span>
     <span class='ocr_line' id='line_1_68' title="bbox 1975 2812 3521 2909; baseline 0.005 -27"><span class='ocrx_word' id='word_1_298' title='bbox 1975 2813 2115 2882; x_wconf 90' lang='lat' dir='ltr'>tur</span> <span class='ocrx_word' id='word_1_299' title='bbox 2157 2814 2380 2884; x_wconf 89' lang='lat' dir='ltr'>totus</span> <span class='ocrx_word' id='word_1_300' title='bbox 2452 2812 2720 2896; x_wconf 90' lang='lat' dir='ltr'>simul,</span> <span class='ocrx_word' id='word_1_301' title='bbox 2757 2818 2837 2887; x_wconf 93' lang='lat' dir='ltr'>et</span> <span class='ocrx_word' id='word_1_302' title='bbox 2873 2835 3036 2888; x_wconf 92' lang='lat' dir='ltr'>non</span> <span class='ocrx_word' id='word_1_303' title='bbox 3087 2835 3280 2908; x_wconf 79' lang='lat' dir='ltr'>pals</span> <span class='ocrx_word' id='word_1_304' title='bbox 3334 2822 3521 2909; x_wconf 92' lang='lat' dir='ltr'>post</span> 
     </span>
     <span class='ocr_line' id='line_1_69' title="bbox 1966 2930 3518 3019; baseline 0.005 -22"><span class='ocrx_word' id='word_1_305' title='bbox 1966 2932 2329 3019; x_wconf 87' lang='lat' dir='ltr'>partem;</span> <span class='ocrx_word' id='word_1_306' title='bbox 2374 2930 2509 3001; x_wconf 88' lang='lat' dir='ltr'>sed</span> <span class='ocrx_word' id='word_1_307' title='bbox 2547 2930 2787 3004; x_wconf 89' lang='lat' dir='ltr'>stella</span> <span class='ocrx_word' id='word_1_308' title='bbox 2831 2935 3159 3006; x_wconf 88' lang='lat' dir='ltr'>comata</span> <span class='ocrx_word' id='word_1_309' title='bbox 3205 2954 3518 3006; x_wconf 89' lang='lat' dir='ltr'>succes·</span> 
     </span>
     <span class='ocr_line' id='line_1_70' title="bbox 1975 3044 3510 3143; baseline 0.003 -26"><span class='ocrx_word' id='word_1_310' title='bbox 1975 3044 2145 3117; x_wconf 86' lang='lat' dir='ltr'>sive</span> <span class='ocrx_word' id='word_1_311' title='bbox 2205 3046 2714 3137; x_wconf 87' lang='lat' dir='ltr'>producitur,</span> <span class='ocrx_word' id='word_1_312' title='bbox 2776 3051 2858 3121; x_wconf 91' lang='lat' dir='ltr'>et</span> <span class='ocrx_word' id='word_1_313' title='bbox 2906 3050 3510 3143; x_wconf 79' lang='lat' dir='ltr'>corrumpitur3</span> 
     </span>
     <span class='ocr_line' id='line_1_71' title="bbox 1972 3160 2445 3252; baseline 0.006 -20"><span class='ocrx_word' id='word_1_314' title='bbox 1972 3160 2255 3252; x_wconf 85' lang='lat' dir='ltr'>igitur,</span> <span class='ocrx_word' id='word_1_315' title='bbox 2292 3165 2445 3235; x_wconf 89' lang='lat' dir='ltr'>etc.</span> 
     </span>
    </p>

    <p class='ocr_par' dir='ltr' id='par_1_18' title="bbox 1957 3278 3823 4538">
     <span class='ocr_line' id='line_1_72' title="bbox 2059 3278 3823 3380; baseline 0.006 -31"><span class='ocrx_word' id='word_1_316' title='bbox 2059 3278 2357 3361; x_wconf 85' lang='lat' dir='ltr'>Quinta</span> <span class='ocrx_word' id='word_1_317' title='bbox 2391 3279 2691 3372; x_wconf 91' lang='lat' dir='ltr'>opinio,</span> <span class='ocrx_word' id='word_1_318' title='bbox 2732 3283 2938 3372; x_wconf 90' lang='lat' dir='ltr'>quod</span> <span class='ocrx_word' id='word_1_319' title='bbox 2971 3284 3210 3355; x_wconf 87' lang='lat' dir='ltr'>stella</span> <span class='ocrx_word' id='word_1_320' title='bbox 3241 3306 3509 3358; x_wconf 90' lang='lat' dir='ltr'>coma·</span> <span class='ocrx_word' id='word_1_321' title='bbox 3544 3318 3735 3380; x_wconf 63' lang='grc' dir='ltr'>ορῑηῑο</span> <span class='ocrx_word' id='word_1_322' title='bbox 3766 3319 3823 3373; x_wconf 80' lang='lat'>5,</span> 
     </span>
     <span class='ocr_line' id='line_1_73' title="bbox 1968 3395 3511 3481; baseline 0.003 -13"><span class='ocrx_word' id='word_1_323' title='bbox 1968 3396 2057 3468; x_wconf 89' lang='lat' dir='ltr'>ta</span> <span class='ocrx_word' id='word_1_324' title='bbox 2118 3395 2227 3468; x_wconf 93' lang='lat' dir='ltr'>sit</span> <span class='ocrx_word' id='word_1_325' title='bbox 2282 3396 2374 3467; x_wconf 90' lang='lat' dir='ltr'>de</span> <span class='ocrx_word' id='word_1_326' title='bbox 2433 3400 2734 3469; x_wconf 88' lang='lat' dir='ltr'>natura</span> <span class='ocrx_word' id='word_1_327' title='bbox 2792 3397 3302 3481; x_wconf 86' lang='lat' dir='ltr'>elementari,</span> <span class='ocrx_word' id='word_1_328' title='bbox 3379 3401 3511 3472; x_wconf 90' lang='lat' dir='ltr'>sed</span> 
     </span>
     <span class='ocr_line' id='line_1_74' title="bbox 1968 3511 3511 3607; baseline 0.004 -24"><span class='ocrx_word' id='word_1_329' title='bbox 1968 3511 2059 3584; x_wconf 88' lang='lat' dir='ltr'>fit</span> <span class='ocrx_word' id='word_1_330' title='bbox 2085 3533 2231 3605; x_wconf 91' lang='lat' dir='ltr'>per</span> <span class='ocrx_word' id='word_1_331' title='bbox 2255 3512 2463 3585; x_wconf 88' lang='lat' dir='ltr'>hunc</span> <span class='ocrx_word' id='word_1_332' title='bbox 2495 3514 2842 3596; x_wconf 90' lang='lat' dir='ltr'>modum,</span> <span class='ocrx_word' id='word_1_333' title='bbox 2866 3514 3054 3607; x_wconf 91' lang='lat' dir='ltr'>quia</span> <span class='ocrx_word' id='word_1_334' title='bbox 3074 3514 3374 3590; x_wconf 87' lang='lat' dir='ltr'>abistis</span> <span class='ocrx_word' id='word_1_335' title='bbox 3401 3518 3511 3589; x_wconf 91' lang='lat' dir='ltr'>in-</span> 
     </span>
     <span class='ocr_line' id='line_1_75' title="bbox 1966 3626 3511 3726; baseline 0.004 -27"><span class='ocrx_word' id='word_1_336' title='bbox 1966 3626 2411 3700; x_wconf 87' lang='lat' dir='ltr'>ferioribus</span> <span class='ocrx_word' id='word_1_337' title='bbox 2457 3628 2832 3704; x_wconf 85' lang='lat' dir='ltr'>elevatur</span> <span class='ocrx_word' id='word_1_338' title='bbox 2894 3631 3217 3723; x_wconf 86' lang='lat' dir='ltr'>quidam</span> <span class='ocrx_word' id='word_1_339' title='bbox 3248 3654 3511 3726; x_wconf 86' lang='lat' dir='ltr'>vapor</span> 
     </span>
     <span class='ocr_line' id='line_1_76' title="bbox 1967 3746 3511 3841; baseline 0.005 -25"><span class='ocrx_word' id='word_1_340' title='bbox 1967 3765 2275 3836; x_wconf 86' lang='lat' dir='ltr'>aqueus</span> <span class='ocrx_word' id='word_1_341' title='bbox 2303 3766 2554 3837; x_wconf 90' lang='lat' dir='ltr'>usque</span> <span class='ocrx_word' id='word_1_342' title='bbox 2580 3746 2675 3818; x_wconf 90' lang='lat' dir='ltr'>ad</span> <span class='ocrx_word' id='word_1_343' title='bbox 2709 3747 3220 3840; x_wconf 87' lang='lat' dir='ltr'>superiorem</span> <span class='ocrx_word' id='word_1_344' title='bbox 3251 3751 3511 3841; x_wconf 82' lang='lat' dir='ltr'>regio-</span> 
     </span>
     <span class='ocr_line' id='line_1_77' title="bbox 1965 3862 3510 3957; baseline 0.004 -24"><span class='ocrx_word' id='word_1_345' title='bbox 1965 3862 3510 3957; x_wconf 76' lang='lat' dir='ltr'>nemaeriS,supraquemvaporemins-</span> 
     </span>
     <span class='ocr_line' id='line_1_78' title="bbox 1964 3979 3502 4071; baseline 0.006 -22"><span class='ocrx_word' id='word_1_346' title='bbox 1964 3979 2373 4071; x_wconf 89' lang='lat' dir='ltr'>pissatum</span> <span class='ocrx_word' id='word_1_347' title='bbox 2408 3979 3004 4071; x_wconf 81' lang='lat' dir='ltr'>refranguntur</span> <span class='ocrx_word' id='word_1_348' title='bbox 3033 3983 3235 4055; x_wconf 89' lang='lat' dir='ltr'>radii</span> <span class='ocrx_word' id='word_1_349' title='bbox 3265 3985 3502 4068; x_wconf 90' lang='lat' dir='ltr'>Solis,</span> 
     </span>
     <span class='ocr_line' id='line_1_79' title="bbox 1962 4097 3507 4195; baseline 0.005 -26"><span class='ocrx_word' id='word_1_350' title='bbox 1962 4101 2246 4170; x_wconf 85' lang='lat' dir='ltr'>etcum</span> <span class='ocrx_word' id='word_1_351' title='bbox 2282 4119 2550 4191; x_wconf 82' lang='lat' dir='ltr'>vapor</span> <span class='ocrx_word' id='word_1_352' title='bbox 2583 4097 2716 4169; x_wconf 87' lang='lat' dir='ltr'>ille</span> <span class='ocrx_word' id='word_1_353' title='bbox 2766 4119 2928 4169; x_wconf 93' lang='lat' dir='ltr'>non</span> <span class='ocrx_word' id='word_1_354' title='bbox 2963 4099 3070 4174; x_wconf 87' lang='lat' dir='ltr'>sit</span> <span class='ocrx_word' id='word_1_355' title='bbox 3121 4101 3507 4195; x_wconf 90' lang='lat' dir='ltr'>simplici·</span> 
     </span>
     <span class='ocr_line' id='line_1_80' title="bbox 1963 4213 3507 4310; baseline 0.005 -25"><span class='ocrx_word' id='word_1_356' title='bbox 1963 4215 2093 4285; x_wconf 88' lang='lat' dir='ltr'>ter</span> <span class='ocrx_word' id='word_1_357' title='bbox 2138 4214 2457 4296; x_wconf 84' lang='lat' dir='ltr'>densus,</span> <span class='ocrx_word' id='word_1_358' title='bbox 2495 4213 2972 4304; x_wconf 86' lang='lat' dir='ltr'>aliqualiter</span> <span class='ocrx_word' id='word_1_359' title='bbox 3023 4215 3507 4310; x_wconf 89' lang='lat' dir='ltr'>incorporat</span> 
     </span>
     <span class='ocr_line' id='line_1_81' title="bbox 1962 4328 3505 4421; baseline 0.006 -22"><span class='ocrx_word' id='word_1_360' title='bbox 1962 4328 2234 4400; x_wconf 91' lang='lat' dir='ltr'>lumen</span> <span class='ocrx_word' id='word_1_361' title='bbox 2279 4328 2515 4410; x_wconf 83' lang='lat' dir='ltr'>Solis,</span> <span class='ocrx_word' id='word_1_362' title='bbox 2553 4333 2634 4402; x_wconf 92' lang='lat' dir='ltr'>et</span> <span class='ocrx_word' id='word_1_363' title='bbox 2675 4335 3019 4421; x_wconf 87' lang='lat' dir='ltr'>apparet</span> <span class='ocrx_word' id='word_1_364' title='bbox 3052 4332 3389 4416; x_wconf 85' lang='lat' dir='ltr'>lucidus,</span> <span class='ocrx_word' id='word_1_365' title='bbox 3425 4339 3505 4408; x_wconf 92' lang='lat' dir='ltr'>et</span> 
     </span>
     <span class='ocr_line' id='line_1_82' title="bbox 1957 4443 3500 4538; baseline 0.005 -25"><span class='ocrx_word' id='word_1_366' title='bbox 1957 4443 2097 4516; x_wconf 89' lang='lat' dir='ltr'>ille</span> <span class='ocrx_word' id='word_1_367' title='bbox 2132 4465 2392 4538; x_wconf 89' lang='lat' dir='ltr'>vapor</span> <span class='ocrx_word' id='word_1_368' title='bbox 2422 4445 2874 4520; x_wconf 88' lang='lat' dir='ltr'>lucidusest</span> <span class='ocrx_word' id='word_1_369' title='bbox 2895 4447 3500 4523; x_wconf 83' lang='lat' dir='ltr'>stellacomata.</span> 
     </span>
    </p>

    <p class='ocr_par' dir='ltr' id='par_1_19' title="bbox 1956 4561 3851 5356">
     <span class='ocr_line' id='line_1_83' title="bbox 2050 4561 3851 4658; baseline 0.002 -23"><span class='ocrx_word' id='word_1_370' title='bbox 2050 4561 2196 4635; x_wconf 85' lang='lat' dir='ltr'>Sed</span> <span class='ocrx_word' id='word_1_371' title='bbox 2258 4565 2551 4634; x_wconf 91' lang='lat' dir='ltr'>contra</span> <span class='ocrx_word' id='word_1_372' title='bbox 2608 4561 2762 4635; x_wconf 90' lang='lat' dir='ltr'>hoc</span> <span class='ocrx_word' id='word_1_373' title='bbox 2831 4564 3239 4653; x_wconf 81' lang='lat' dir='ltr'>arguitur,</span> <span class='ocrx_word' id='word_1_374' title='bbox 3314 4566 3504 4658; x_wconf 89' lang='lat' dir='ltr'>quia</span> <span class='ocrx_word' id='word_1_375' title='bbox 3557 4585 3851 4649; x_wconf 72' lang='lat' dir='ltr'>Rejfoitu›·.</span> 
     </span>
     <span class='ocr_line' id='line_1_84' title="bbox 1960 4679 3504 4774; baseline 0.004 -22"><span class='ocrx_word' id='word_1_376' title='bbox 1960 4679 2202 4753; x_wconf 90' lang='lat' dir='ltr'>stella</span> <span class='ocrx_word' id='word_1_377' title='bbox 2251 4682 2579 4750; x_wconf 89' lang='lat' dir='ltr'>comata</span> <span class='ocrx_word' id='word_1_378' title='bbox 2639 4679 3108 4771; x_wconf 88' lang='lat' dir='ltr'>quandoque</span> <span class='ocrx_word' id='word_1_379' title='bbox 3159 4687 3504 4774; x_wconf 86' lang='lat' dir='ltr'>apparot</span> 
     </span>
     <span class='ocr_line' id='line_1_85' title="bbox 1959 4797 3505 4897; baseline 0.002 -28"><span class='ocrx_word' id='word_1_380' title='bbox 1959 4797 2040 4869; x_wconf 90' lang='lat' dir='ltr'>in</span> <span class='ocrx_word' id='word_1_381' title='bbox 2075 4797 2362 4867; x_wconf 90' lang='lat' dir='ltr'>umbra</span> <span class='ocrx_word' id='word_1_382' title='bbox 2388 4798 2660 4877; x_wconf 78' lang='lat' dir='ltr'>terrae,</span> <span class='ocrx_word' id='word_1_383' title='bbox 2688 4816 2890 4887; x_wconf 84' lang='lat' dir='ltr'>ergo</span> <span class='ocrx_word' id='word_1_384' title='bbox 2916 4818 3078 4869; x_wconf 91' lang='lat' dir='ltr'>non</span> <span class='ocrx_word' id='word_1_385' title='bbox 3109 4802 3505 4897; x_wconf 88' lang='lat' dir='ltr'>causatur</span> 
     </span>
     <span class='ocr_line' id='line_1_86' title="bbox 1956 4910 3500 4991; baseline 0.003 -6"><span class='ocrx_word' id='word_1_386' title='bbox 1956 4934 2057 4985; x_wconf 82' lang='lat' dir='ltr'>ex</span> <span class='ocrx_word' id='word_1_387' title='bbox 2121 4910 2625 4985; x_wconf 84' lang='lat' dir='ltr'>refractione</span> <span class='ocrx_word' id='word_1_388' title='bbox 2684 4912 3019 4986; x_wconf 92' lang='lat' dir='ltr'>luminis</span> <span class='ocrx_word' id='word_1_389' title='bbox 3074 4913 3316 4988; x_wconf 88' lang='lat' dir='ltr'>Solis.</span> <span class='ocrx_word' id='word_1_390' title='bbox 3373 4920 3500 4991; x_wconf 89' lang='lat' dir='ltr'>Se-</span> 
     </span>
     <span class='ocr_line' id='line_1_87' title="bbox 1956 5029 3504 5122; baseline 0.004 -20"><span class='ocrx_word' id='word_1_391' title='bbox 1956 5029 2239 5111; x_wconf 90' lang='lat' dir='ltr'>cundo,</span> <span class='ocrx_word' id='word_1_392' title='bbox 2268 5029 2642 5120; x_wconf 89' lang='lat' dir='ltr'>sequitur</span> <span class='ocrx_word' id='word_1_393' title='bbox 2661 5031 2870 5122; x_wconf 91' lang='lat' dir='ltr'>quod</span> <span class='ocrx_word' id='word_1_394' title='bbox 2891 5044 3152 5116; x_wconf 88' lang='lat' dir='ltr'>coma,</span> <span class='ocrx_word' id='word_1_395' title='bbox 3178 5034 3504 5108; x_wconf 85' lang='lat' dir='ltr'>velcau·</span> 
     </span>
     <span class='ocr_line' id='line_1_88' title="bbox 1956 5145 3504 5244; baseline 0.005 -26"><span class='ocrx_word' id='word_1_396' title='bbox 1956 5147 2053 5218; x_wconf 90' lang='lat' dir='ltr'>da</span> <span class='ocrx_word' id='word_1_397' title='bbox 2096 5145 2355 5219; x_wconf 83' lang='lat' dir='ltr'>stellae</span> <span class='ocrx_word' id='word_1_398' title='bbox 2394 5150 2742 5221; x_wconf 83' lang='lat' dir='ltr'>comatae</span> <span class='ocrx_word' id='word_1_399' title='bbox 2792 5169 3116 5242; x_wconf 90' lang='lat' dir='ltr'>semper</span> <span class='ocrx_word' id='word_1_400' title='bbox 3157 5158 3504 5244; x_wconf 87' lang='lat' dir='ltr'>apparot</span> 
     </span>
     <span class='ocr_line' id='line_1_89' title="bbox 1956 5261 3501 5356; baseline 0.004 -23"><span class='ocrx_word' id='word_1_401' title='bbox 1956 5262 2049 5333; x_wconf 85' lang='lat' dir='ltr'>ad</span> <span class='ocrx_word' id='word_1_402' title='bbox 2074 5261 2540 5353; x_wconf 90' lang='lat' dir='ltr'>oppositum</span> <span class='ocrx_word' id='word_1_403' title='bbox 2568 5261 2807 5335; x_wconf 89' lang='lat' dir='ltr'>Solis.</span> <span class='ocrx_word' id='word_1_404' title='bbox 2835 5267 3353 5356; x_wconf 90' lang='lat' dir='ltr'>Consequens</span> <span class='ocrx_word' id='word_1_405' title='bbox 3377 5271 3501 5340; x_wconf 89' lang='lat' dir='ltr'>cst</span> 
     </span>
    </p>
   </div>
   <div class='ocr_carea' id='block_1_9' title="bbox 1954 5379 3502 5579">
    <p class='ocr_par' dir='ltr' id='par_1_20' title="bbox 1954 5379 3502 5579">
     <span class='ocr_line' id='line_1_90' title="bbox 1954 5379 3502 5470; baseline 0.005 -21"><span class='ocrx_word' id='word_1_406' title='bbox 1954 5382 2248 5451; x_wconf 91' lang='lat' dir='ltr'>contra</span> <span class='ocrx_word' id='word_1_407' title='bbox 2349 5379 2966 5470; x_wconf 84' lang='lat' dir='ltr'>experientiam.</span> <span class='ocrx_word' id='word_1_408' title='bbox 3090 5382 3502 5458; x_wconf 89' lang='lat' dir='ltr'>Probatur</span> 
     </span>
     <span class='ocr_line' id='line_1_91' title="bbox 1954 5486 3497 5579; baseline 0.004 -22"><span class='ocrx_word' id='word_1_409' title='bbox 1954 5486 2571 5577; x_wconf 88' lang='lat' dir='ltr'>consequentia,</span> <span class='ocrx_word' id='word_1_410' title='bbox 2657 5488 2793 5579; x_wconf 88' lang='lat' dir='ltr'>qui</span> <span class='ocrx_word' id='word_1_411' title='bbox 2873 5486 3080 5560; x_wconf 89' lang='lat' dir='ltr'>radii</span> <span class='ocrx_word' id='word_1_412' title='bbox 3155 5489 3497 5565; x_wconf 87' lang='lat' dir='ltr'>refracti</span> 
     </span>
    </p>
   </div>
   <div class='ocr_carea' id='block_1_10' title="bbox 1957 5603 3498 5704">
    <p class='ocr_par' dir='ltr' id='par_1_21' title="bbox 1957 5603 3498 5704">
     <span class='ocr_line' id='line_1_92' title="bbox 1957 5603 3498 5704; baseline 0.008 -28"><span class='ocrx_word' id='word_1_413' title='bbox 1957 5603 2038 5676; x_wconf 91' lang='lat' dir='ltr'>in</span> <span class='ocrx_word' id='word_1_414' title='bbox 2082 5622 2391 5700; x_wconf 86' lang='lat' dir='ltr'>vapore</span> <span class='ocrx_word' id='word_1_415' title='bbox 2435 5605 3134 5699; x_wconf 82' lang='lat' dir='ltr'>refrangunturin</span> <span class='ocrx_word' id='word_1_416' title='bbox 3178 5609 3498 5704; x_wconf 84' lang='lat' dir='ltr'>opposi-</span> 
     </span>
    </p>
   </div>
   <div class='ocr_carea' id='block_1_11' title="bbox 3581 1835 3846 1901">
    <p class='ocr_par' dir='ltr' id='par_1_22' title="bbox 3581 1835 3846 1901">
     <span class='ocr_line' id='line_1_93' title="bbox 3581 1835 3846 1901; baseline 0 -17"><span class='ocrx_word' id='word_1_417' title='bbox 3581 1835 3773 1901; x_wconf 74' lang='lat' dir='ltr'>Opinio</span> <span class='ocrx_word' id='word_1_418' title='bbox 3800 1836 3846 1886; x_wconf 65' lang='lat'>⁴.</span> 
     </span>
    </p>
   </div>
  </div>
 </body>
</html>
