4252 6393
424 887 511 939 Aa
537 886 585 936 8.

398 1466 486 1515 Ad
514 1466 568 1517 9.

401 2541 490 2592 Aa
529 2540 604 2591 ¹0.

344 3580 386 3628 Λ
398 3594 478 3643 ry.
550 3579 666 3641 pri-

426 3656 589 3692 tumn.

703 370 782 432 48
1879 365 2022 425 LlB.
2072 363 2112 425 l.
2163 363 2707 427 METEORORUM

692 535 773 603 et
834 527 1225 601 refractio
1290 528 1708 600 radiorum
1750 545 1797 595 a
1850 529 2105 605 terra,
2152 530 2232 597 et

697 665 931 738 aqua,
1006 664 1053 716 a
1121 664 1468 736 quorum
1546 647 1894 733 utroque
1976 639 2239 712 media

698 761 918 834 aeris
962 761 1191 852 regio
1230 764 1357 835 est
1387 758 1617 832 valde
1664 760 2007 830 remota.

782 878 897 951 Ad
949 882 1349 959 octavam,
1409 889 1668 946 nonest
1721 876 2139 963 differ-milas
2165 875 2242 943 in

690 997 852 1063 aliis
902 998 1260 1076 elementis,
1335 997 1489 1067 etc.
1562 991 1739 1065 dico
1802 990 2007 1082 quod
2077 1008 2240 1060 non

691 1113 816 1184 est
849 1110 1141 1193 simile,
1176 1132 1270 1184 eo
1314 1110 1523 1202 quod
1565 1108 1645 1181 in
1678 1107 1864 1181 aliis
1897 1105 2239 1179 elemen-

693 1227 799 1300 tis
831 1248 991 1301 non
1021 1232 1526 1303 concurrunt
1558 1223 2020 1318 hujusmodi
2053 1242 2238 1296 cau-

695 1366 804 1418 sae
842 1345 1388 1419 violentantes
1423 1348 1701 1438 partes
1744 1343 2141 1435 ipsorum.

781 1464 896 1536 Ad
927 1483 1249 1545 nonam,
1284 1467 1584 1553 sequitur
1614 1462 1787 1551 quod
1851 1461 2234 1548 impressio-

692 1584 1082 1671 nesiqnicoe,
1140 1586 1292 1656 etc.
1341 1582 1713 1671 Negatur
1745 1593 2236 1667 consequen-

690 1699 830 1779 tia,
870 1697 1443 1791 quiaquamvis
1478 1694 2239 1788 impressionesnon

697 1819 1036 1906 possunt
1094 1813 1272 1885 fieri
1330 1834 1429 1885 ex
1500 1812 1676 1885 sola
1746 1809 2233 1901 frigiditate,

693 1935 969 2004 tamen
1016 1931 1213 2003 bene
1266 1932 1607 2022 possunt
1649 1928 1829 2000 fieri
1874 1924 2235 1999 occasio·

691 2048 995 2121 naliter
1044 2068 1091 2119 a
1142 2047 1620 2138 frigiditate,
1684 2067 1779 2118 eo
1842 2043 2047 2137 quod
2097 2040 2238 2113 fri-

693 2164 987 2255 giditas
1037 2164 1522 2238 circumstat
1568 2161 2001 2236 materiam
2045 2157 2236 2231 cali-

692 2283 902 2363 dam,
956 2303 1054 2354 ex
1105 2301 1263 2374 qua
1314 2280 1900 2374 impressiones
1955 2276 2238 2368 ignitae

695 2395 979 2471 debent
1031 2398 1439 2488 generari.

784 2520 898 2592 Ad
928 2519 1348 2599 decimam,
1376 2516 1603 2589 debet
1640 2511 1986 2604 intelligi
2030 2508 2235 2602 quod

698 2656 1020 2729 semper
1069 2634 1327 2707 media
1369 2632 1587 2704 acris
1646 2629 1872 2720 regio
1916 2631 2041 2701 cst
2100 2624 2238 2698 fri-

700 2752 907 2844 gida.

1162 3057 1622 3141 QUAESTIO
1694 3056 1791 3127 X.

701 3257 935 3325 Utrum
956 3269 1167 3324 molus
1191 3257 1423 3324 localis
1436 3258 1524 3322 sit
1543 3255 1930 3322 causativus
1944 3253 2191 3319 caloris
2205 3251 2237 3316 ἰ)

787 3457 1191 3550 Arguitur
1214 3454 1419 3547 quod
1451 3472 1647 3534 non;
1697 3450 1993 3544 primo,
2041 3448 2236 3541 quia

698 3580 814 3652 sic
860 3574 1233 3668 sequitur
1264 3572 1476 3665 quod
1535 3588 1840 3663 corpus
1901 3567 2237 3642 coeleste

697 3695 1051 3770 maxime
1127 3691 1618 3765 calefaceret
1679 3707 1825 3760 suo
1892 3683 2238 3757 median-

689 3821 769 3891 te
812 3816 1066 3887 motu.
1102 3805 1703 3901 Consequentia
1736 3807 1981 3884 tenet,
2049 3800 2238 3893 quia

686 3950 991 4023 corpus
1031 3927 1363 4001 coeleste
1429 3919 2029 3997 violentissime
2074 3937 2236 3989 mo-

685 4050 951 4119 vetur.
990 4045 1091 4115 Et
1124 4060 1631 4132 consequens
1674 4035 2000 4115 falsum,
2049 4032 2240 4125 quia

684 4162 814 4234 vel
846 4157 1337 4232 calefaceret
1379 4155 1765 4246 seipsum,
1801 4150 1930 4223 vel
1965 4151 2238 4239 ignem

689 4278 842 4351 sibi
885 4275 1463 4370 propinquum.
1514 4273 1686 4344 Ista
1745 4285 2238 4360 consequen-

687 4395 806 4468 tia
856 4395 1107 4487 patet,
1158 4390 1347 4482 quia
1401 4408 1563 4461 non
1624 4389 1896 4480 potest
1946 4381 2238 4456 calefa-

688 4530 874 4583 cere
917 4507 1078 4582 ista
1138 4504 1561 4587 inferiora,
1611 4502 1774 4576 nisi
1835 4499 2240 4573 mediante

688 4628 898 4718 igne,
946 4624 1080 4697 sed
1113 4623 1476 4716 seipsum
1507 4639 1695 4703 non,
1725 4620 1914 4713 quia
1946 4617 2239 4692 coelum

687 4764 847 4817 non
878 4746 1004 4817 est
1045 4739 1548 4833 receptivum
1590 4734 2053 4830 hujusmodi
2095 4734 2238 4806 im-

692 4858 1140 4956 pressionis
1165 4883 1180 4942 ;
1203 4877 1347 4929 nec
1367 4855 1663 4947 ignem,
1685 4853 1873 4946 quia
1906 4857 2238 4926 tuncca-

685 4977 1075 5050 lefaceret
1102 4976 1370 5066 ipsum
1402 4970 1821 5052 trahendo,
1869 4968 2077 5061 quod
2116 4971 2241 5041 est

688 5094 1011 5176 falsum,
1051 5091 1242 5185 quia
1265 5089 1556 5162 coelum
1589 5092 1713 5162 est
1754 5106 2054 5178 corpus
2107 5105 2238 5177 po—

693 5212 1068 5291 situm,ct
1111 5206 1551 5286 uniforme;
1601 5203 1833 5276 modo
1871 5202 2232 5284 trahens,

691 5333 770 5402 et
804 5330 1168 5400 tractum
1204 5323 1641 5395 secundum
1676 5319 1995 5411 aliquas
2057 5339 2238 5411 par-

692 5450 816 5519 tes
895 5442 1020 5515 sui
1074 5440 1357 5514 debent
1426 5439 1522 5509 ad
1582 5435 1935 5510 invicem
2012 5457 2238 5527 pene-

694 5563 951 5640 trare,
976 5559 1064 5630 ut
1089 5556 1313 5648 patet
1347 5553 1429 5625 in
1461 5550 1644 5625 istis
1680 5549 2234 5624 inferioribus

2442 525 2826 605 Secundo,
2890 525 3261 617 sequitur
3325 527 3532 618 quod
3584 534 3885 619 quanto
3941 530 4212 581 &cunam

2351 640 2655 733 aliquid
2704 648 2921 717 esset
2959 642 3366 734 frigidius,
3404 649 3635 718 tanto
3678 651 3894 720 esset

2354 758 2730 841 calidius3
2778 781 3292 853 consequens
3335 760 3659 845 salsum,
3708 764 3895 856 quia

2355 881 2658 968 quanto
2702 878 2882 970 plus
2934 878 3178 952 habet
3236 879 3327 952 de
3370 900 3528 951 uno
3571 884 3895 952 contra-

2354 992 2507 1074 rio,
2577 997 2809 1068 tanto
2873 994 3141 1066 minus
3207 995 3300 1067 de
3378 994 3745 1088 reliquo;
3816 998 3898 1067 et

2353 1110 2936 1202 consequentia
3007 1111 3433 1203 probatur,
3508 1112 3698 1204 quia
3758 1111 3896 1183 ali-

2355 1226 2561 1317 quod
2595 1244 2847 1316 grave
2888 1227 3252 1302 existens
3295 1248 3654 1311 sursum,
3685 1227 3895 1302 sicut

2352 1346 2478 1417 est
2499 1362 2784 1434 vapor,
2823 1348 3125 1436 quanto
3152 1350 3277 1419 est
3311 1344 3691 1435 frigidius
3725 1350 3894 1419 tan-

2352 1462 2438 1532 to
2471 1458 2830 1533 efficitur
2871 1462 3133 1551 magis
3167 1482 3444 1553 grave,
3507 1466 3588 1536 et
3631 1462 3895 1554 magis

2356 1574 2803 1651 inclinatur
2856 1578 2950 1650 ad
3004 1578 3682 1660 descendendum;
3730 1598 3890 1650 mo-

2352 1696 2448 1767 do
2506 1701 2811 1789 quanto
2875 1696 3139 1787 magis
3210 1698 3644 1783 descendit,
3710 1719 3893 1770 cum

2355 1816 2626 1886 motus
2678 1812 2785 1886 sit
2828 1833 3078 1887 causa
3144 1814 3476 1896 caloris,
3525 1813 3896 1906 sequitur

2355 1929 2562 2020 quod
2595 1929 2860 2020 magis
2901 1930 3213 2013 calefit;
3267 1931 3547 2021 igitur,
3601 1935 3757 2003 etc.

2441 2044 2747 2128 TertiO,
2794 2046 3167 2138 sequitur
3191 2047 3398 2139 quod
3428 2047 3634 2119 idem
3667 2045 3892 2119 effec-
3957 2049 4194 2099 remum.

2353 2164 2486 2233 tus
2527 2167 2743 2235 esset
2801 2163 3301 2237 naturaliter
3367 2162 3894 2257 producibilis

2353 2297 2400 2349 a
2422 2278 2767 2352 diversis
2792 2280 3224 2371 agentibus
3251 2282 3690 2355 secundum
3725 2303 3892 2375 spe-

2354 2396 2588 2468 ciem.
2643 2400 3159 2490 Consequens
3212 2398 3536 2482 falsum,
3575 2398 3764 2492 quia
3796 2399 3894 2471 si-

2355 2517 2491 2588 cut
2535 2514 2766 2597 idom,
2833 2516 3573 2609 inquantumidem,
3611 2523 3894 2591 natum

2354 2636 2478 2705 cst
2555 2631 2827 2705 facere
2896 2634 3127 2717 idem,
3193 2635 3307 2707 ita
3366 2634 3573 2706 idem
3614 2639 3899 2707 natum

2355 2753 2480 2823 est
2518 2749 2739 2823 fierit
2779 2750 2879 2822 ab
2909 2751 3212 2823 eodem.
3271 2750 3684 2824 Probatur
3715 2771 3898 2825 con-

2357 2866 2803 2957 sequentia,
2863 2865 3053 2960 quia
3097 2867 3353 2950 calor,
3411 2867 3545 2959 qui
3598 2888 3745 2961 per
3789 2870 3890 2949 te,

2357 2986 2801 3073 generatur
2840 3004 2939 3055 ex
2993 2986 3245 3066 motu,
3302 2987 3543 3057 natus
3584 2987 3709 3058 est
3769 3003 3896 3075 ge·

2353 3099 2634 3173 nerari
2661 3122 2759 3172 ex
2784 3099 3113 3184 lumine,
3149 3104 3230 3174 et
3261 3099 3361 3172 ab
3383 3099 3891 3181 alio‘calore;

2359 3218 2589 3289 modo
2634 3221 2931 3300 motuS,
2967 3217 3265 3300 lumen,
3301 3221 3383 3293 et
3432 3217 3689 3300 calor,
3722 3238 3895 3310 spe-

2354 3333 2475 3406 cie
2505 3333 2911 3409 differunt.

2443 3454 2779 3533 Quarto,
2834 3450 3207 3543 sequitur
3248 3452 3454 3543 quod
3494 3470 3656 3523 non
3728 3470 3892 3522 om·
3953 3473 4218 3528 camum.

2353 3587 2476 3651 ne,
2524 3567 2732 3659 quod
2769 3567 3029 3648 fieret,
3072 3566 3306 3641 fieret
3338 3587 3387 3639 a
3439 3567 3592 3640 sibi
3643 3566 3895 3639 simili

2355 3683 2793 3756 secundum
2888 3682 3265 3775 speciem.
3374 3685 3895 3775 Consequens

2353 3798 2678 3884 falsum,
2726 3804 2814 3875 ut
2883 3803 3107 3893 patet
3171 3803 3237 3873 7.
3294 3801 3729 3890 Melaphysic.
3794 3802 3898 3874 Et

2355 3917 2754 4010 probatur
2794 3917 3399 4010 consequentia,
3446 3916 3634 4010 quia
3665 3917 3898 3991 calor

2353 4055 2514 4107 non
2555 4039 2680 4109 est
2713 4034 3007 4107 similis
3044 4034 3125 4107 in
3157 4055 3242 4107 se
3274 4055 3460 4110 cum
3512 4038 3764 4108 motu.

2441 4152 2764 4235 Quinto,
2839 4151 3213 4244 sequitur
3288 4152 3494 4245 quod
3558 4151 3894 4225 effectus
3947 4168 4213 4224 Qucum.

2354 4274 2571 4344 esset
2612 4269 3062 4362 perfectior
3111 4288 3257 4341 sua
3289 4287 3562 4342 causa.
3601 4272 3892 4343 Conse·

2355 4407 2605 4479 quens
2655 4386 2981 4468 falsum,
3036 4385 3228 4479 quia
3279 4405 3438 4457 non
3483 4385 3807 4460 videtur
3846 4406 3896 4459 a

2356 4525 2510 4596 quo
2537 4507 2814 4597 posset
2850 4503 3184 4597 produci
3237 4502 3541 4595 gradus
3592 4502 3896 4596 perfec-

2356 4621 2630 4705 tionis,
2670 4642 2824 4714 quo
2873 4620 3210 4695 effectus
3253 4620 3682 4695 excederet
3713 4639 3896 4693 cau-

2357 4759 2570 4820 sam;
2633 4742 2713 4813 et
2786 4737 3184 4831 probatur
3278 4737 3891 4830 consequentia,

2357 4856 2548 4949 quia
2605 4855 2983 4928 caliditas
3055 4859 3181 4930 est
3261 4855 3584 4947 quidam
3660 4858 3897 4929 actus

2357 4969 2794 5064 perfectuS‚
2854 4990 3039 5042 cum
3113 4968 3220 5042 sit
3300 4968 3658 5060 qualitas
3724 4987 3898 5060 per·

2355 5086 2593 5169 fecta,
2656 5091 2737 5161 ct
2793 5089 3062 5159 motus
3132 5086 3259 5157 est
3307 5088 3542 5157 actus
3605 5083 3898 5175 imper-

2354 5205 2642 5287 fectus,
2689 5207 2776 5276 ut
2811 5207 3036 5297 patet
3063 5204 3128 5275 3.
3159 5205 3621 5289 physicorum.

2446 5325 2719 5403 Sexto,
2795 5319 3179 5410 arguitur
3254 5338 3402 5411 per
3478 5315 3895 5409 experien·
3958 5341 4201 5392 sextam.

2357 5438 2582 5519 tiam,
2631 5436 2819 5530 quia
2860 5434 3228 5508 homines
3291 5431 3671 5506 calefacti
3734 5453 3894 5503 mo·

2354 5559 2544 5629 vent
2592 5573 2892 5636 acrem,
2932 5555 3019 5625 ut
3056 5549 3716 5641 s1·igefiant‚quod
3738 5567 3900 5619 non
