4252 6393
838 442 947 546 ιὸθ

1226 852 1690 935 QUAESTIO
1790 852 1961 922 VII.

827 1055 1058 1121 Utrum
1115 1054 1284 1119 Halo
1340 1053 1568 1119 debeat
1623 1073 1956 1138 apparere
2010 1047 2369 1114 secundum

1417 1170 1765 1235 circulum.

598 1395 644 1444 ι.
745 1457 757 1469 ⁸
913 1366 1314 1459 Arguitur
1380 1366 1586 1457 quod
1647 1384 1830 1444 non,
1903 1360 2091 1453 quia
2158 1360 2363 1431 vide-

491 1460 786 1518 ‘¹''“'‘²'''¹‘
822 1506 1026 1564 mus,
1092 1483 1296 1575 quod
1355 1480 1786 1574 aliquando
1848 1481 2192 1571 apparet
2248 1497 2361 1546 se-

815 1601 1157 1672 cundum
1219 1597 1684 1690 portionem
1736 1592 2052 1673 circuli,
2118 1612 2358 1685 quan-

810 1717 1066 1808 doque
1124 1714 1559 1787 secundum
1621 1714 1972 1803 figuram
2045 1707 2356 1798 irregu-

530 1535 577 1567 m
586 1536 673 1568 Hm
682 1555 693 1567 .

809 1831 882 1902 la
899 1852 1091 1903 rem.

459 1976 784 2025 Secundum.

795 2525 1035 2596 minis
1078 2524 1174 2595 ad
1204 2542 1597 2615 vaporem
1633 2520 2207 2613 inspissat11n13
2257 2525 2336 2593 et

791 2640 1270 2715 antecedens
1341 2638 1774 2731 probatum
1846 2641 1970 2709 est
2033 2637 2112 2708 in
2176 2636 2333 2709 isto

789 2757 1070 2838 tertie,
1119 2755 1249 2827 ubi
1299 2754 1733 2847 probatum
1784 2757 1908 2826 est
1953 2753 2159 2843 quod
2193 2752 2334 2824 im-

793 2872 1174 2967 possibile
1225 2877 1347 2944 est
1401 2870 1697 2942 Iridem
1758 2891 2159 2963 apparere
2221 2890 2334 2941 se-

788 2990 1131 3064 cundum
1175 2988 1576 3061 circulum
1627 2986 2150 3078 completum.

452 3130 718 3183 remum.
876 3106 1178 3188 TertiO,
1246 3105 1314 3176 si
1365 3108 1581 3176 esset
1635 3104 1917 3193 figura)
1988 3102 2331 3173 circula·

787 3227 928 3308 ris,
976 3224 1126 3297 hoc
1159 3229 1375 3297 esset
1420 3245 1570 3316 pro
1615 3228 1869 3302 tanto,
1910 3222 2114 3314 quod
2150 3243 2331 3294 cau-

784 3346 1116 3415 saretur
1165 3361 1211 3412 a
1262 3360 1614 3433 corpore
1659 3339 2091 3432 sphzrrico.
2131 3342 2329 3412 Con·

781 3474 1124 3546 sequens
1186 3457 1310 3526 est
1372 3452 1694 3533 salsum,
1753 3450 1937 3543 quia
1984 3451 2328 3542 quando-

781 3590 929 3660 que
973 3568 1199 3640 circa-
1239 3567 1653 3639 candelam
1699 3570 2042 3659 apparet
2089 3566 2323 3646 Halo,

777 3705 950 3776 quae
986 3689 1260 3756 tamen
1294 3703 1453 3753 non
1487 3686 1611 3754 est
1647 3702 1947 3773 corpus
1993 3679 2325 3773 sphzrri-

774 3822 986 3873 cum.
1027 3799 1427 3873 Similiter
1472 3801 1694 3890 patet
1741 3798 1817 3867 in
1861 3797 2126 3886 figura
2174 3797 2324 3867 lla-

771 3915 874 3997 10,
961 3916 1150 4008 quia
1228 3916 1499 3986 lumen
1577 3934 1737 3986 non
1819 3912 2323 4000 imaginatur

769 4032 1095 4104 diffundi
1152 4031 1250 4102 ab
1299 4030 1570 4121 aliqua
1625 4034 1858 4123 parte
1907 4028 2316 4113 divisibili,

771 4148 904 4219 sed
938 4149 1035 4219 ab
1070 4167 1227 4218 uno
1267 4152 1564 4238 puncto
1601 4147 1892 4216 solum.

859 4266 1193 4345 Quarto,
1288 4261 1474 4353 quia
1555 4261 1856 4350 anguli,
1947 4262 2042 4333 ad
2114 4282 2315 4351 quos

769 4380 1270 4469 franguntur
1305 4377 1505 4448 radii
1552 4377 1932 4470 corporis
1976 4377 2315 4449 lumino-

772 4492 841 4565 si
885 4493 979 4564 ad
1013 4491 1525 4585 superficiem
1560 4490 1891 4583 vaporis
1928 4496 2114 4562 sunt
2161 4489 2311 4562 sibi

769 4608 1112 4682 invicem
1197 4605 1681 4686 dissimiles;
1767 4605 2021 4695 igitur
2102 4605 2308 4677 Halo

761 4744 923 4796 non
964 4723 1191 4796 debet
1233 4741 1636 4814 apparere
1681 4721 2119 4792 seeundum
2154 4719 2305 4792 cir-

758 4838 1057 4911 culum.
1131 4840 1379 4910 Tenet
1445 4835 2052 4929 consequentia,
2118 4834 2305 4927 quia

752 4977 850 5026 ex
898 4954 1369 5046 {equalitate
1426 4953 1917 5042 angulorum
1972 4953 2301 5025 fractio-

750 5072 875 5144 nis
919 5072 1303 5162 arguitur
1336 5069 1775 5141 circularis
1821 5071 2102 5158 figurae
2150 5069 2302 5140 Ha-

747 5189 850 5260 lo.
917 5188 1411 5261 Antecodens
1475 5187 1896 5279 probatur,
1962 5186 2151 5277 quia
2208 5187 2301 5256 ad

750 5303 1268 5395 superficiem
1301 5301 1636 5392 vaporis
1680 5321 1839 5371 non
1875 5301 2141 5372 solum
2175 5322 2299 5371 ve-

750 5419 983 5491 niunt
1021 5417 1224 5489 radii
1259 5438 1302 5488 a
1338 5421 1622 5489 centro
1657 5416 2035 5509 corporis
2067 5417 2299 5489 lumi-

753 5535 957 5616 nosi,
1024 5534 1187 5606 imo
1250 5533 1348 5605 ab
1401 5531 1619 5604 omni
1675 5537 1971 5624 puncto
2014 5554 2298 5627 corpo-

760 5651 875 5723 ris
908 5648 1293 5722 luminosi
1327 5648 1418 5720 ad
1455 5648 1862 5740 quodlibet
1905 5654 2294 5741 punctum

454 4285 741 4339 Quartum.

903 1946 1290 2025 Secundo,
1368 1944 1527 2016 Iris
1595 1962 1752 2014 non
1823 1943 2166 2033 apparet
2238 1962 2351 2011 sc-

806 2062 1150 2133 cundum
1203 2061 1640 2140 circulum;
1696 2057 1953 2148 igitur
2000 2078 2144 2128 nec
2197 2057 2349 2127 Ha-

800 2177 904 2249 lo.
952 2179 1197 2249 Tcnet
1239 2173 1849 2267 consequentia,
1888 2173 2074 2265 quia
2128 2177 2346 2245 utra-

797 2315 947 2385 que
1006 2293 1095 2366 fit
1166 2313 1264 2363 ex
1327 2290 1604 2363 iisdem
1666 2289 1962 2369 causis,
2029 2288 2343 2361 scilicet

793 2431 890 2482 ex
961 2408 1479 2488 refractione,
1532 2407 1659 2478 vel
1723 2404 2159 2477 reflexione
2230 2405 2339 2476 lu-

2037 475 2177 538 Lm.
2230 478 2326 537 ΙΙΙ.
2377 472 2916 538 ΜΕῚῈΟΙὶΟΙΠΞΜ

2488 636 2846 727 vaporis,
2904 655 2951 705 a
3002 655 3155 725 qua
3199 634 3295 705 ad
3338 636 3722 726 punctum
3759 628 4021 723 potest

2489 750 2865 842 protrahi
2900 750 3110 822 linea
3165 755 3426 830 recta;
3485 748 3742 837 igitur
3786 748 3856 819 si
3902 769 4020 820 ra·

2483 866 2589 938 dii
2632 867 3047 941 venientes
3081 868 3180 939 ab
3212 887 3369 937 uno
3408 869 3706 958 puncto
3739 885 4021 956 corpo-

2483 983 2600 1055 ris
2652 983 3041 1057 luminosi
3107 984 3693 1074 resrangantur
3741 981 3837 1054 ad
3886 981 4022 1054 ali-

2482 1120 2682 1190 quos
2727 1102 3070 1192 angulos
3138 1099 3601 1179 dissimiles,
3663 1103 3744 1171 et
3816 1098 4019 1170 Halo

2478 1237 2637 1290 non
2726 1217 3150 1311 apparebit
3241 1216 3674 1289 secundum
3761 1214 4020 1286 circu-

2478 1334 2668 1405 lum.

2566 1451 3045 1543 Oppositum
3106 1449 3579 1524 conceditur
3645 1449 3744 1521 ab
3797 1447 4206 1527 Aris-oppon

2476 1567 2727 1642 totele
2774 1568 2849 1639 in
2896 1566 3052 1640 isto
3098 1566 3370 1640 tertio.

2568 1686 2653 1755 ln
2698 1682 2853 1756 ista
2908 1683 3355 1774 quaestione
3412 1683 3675 1775 primo
3725 1681 4014 1754 videbi-

2471 1806 2609 1875 tur
2636 1802 2727 1873 de
2760 1801 3046 1891 figura.
3097 1800 3482 1881 Secundo,
3529 1799 3620 1871 de
3662 1798 3847 1871 aliis
3890 1821 4013 1872 ac·

2466 1918 2912 1990 cidentibus
2999 1916 3209 2007 ejus,
3291 1921 3371 1990 et
3468 1917 4013 1989 movebuntur

2462 2034 2723 2106 dubia.

2970 2364 3398 2420 ARTlCULUS
3457 2366 3494 2419 1.

2933 2549 3028 2612 De
3055 2550 3278 2635 [ἱφινα
3323 2549 3510 2613 Halo.

2550 2752 2955 2831 Quantum
3035 2747 3128 2818 ad
3210 2746 3588 2838 primum,
3636 2744 3995 2837 praemit-
4092 2759 4167 2835 ,·2-

2450 2865 2701 2936 tendae
2757 2867 2943 2935 sunt
2995 2863 3287 2954 aliquae
3350 2864 3987 2957 suppositiones.
4045 2823 4206 2949 ⁰⁸23ss

2450 2981 2727 3051 Prima
2787 2984 2909 3052 est
2970 2979 3328 3053 delinitio
3391 2980 3708 3060 circuli,
3774 2980 3993 3052 scili-

2445 3101 2595 3176 cet,
2644 3096 2848 3186 quod
2891 3095 3249 3167 circulus
3286 3099 3409 3168 est
3452 3096 3711 3186 figura
3752 3097 3995 3189 plana

2446 3213 2920 3305 quibusdam
2988 3212 3219 3284 lineis
3262 3217 3672 3294 contenta,
3731 3214 3807 3285 in
3863 3236 3996 3286 cu·

2435 3331 2571 3423 jus
2618 3330 2875 3401 medio
2932 3327 3265 3420 ponitur
3317 3335 3687 3420 punctus,
3735 3350 3781 3401 a
3830 3353 3993 3422 quo

2447 3466 2724 3518 omnes
2795 3444 3023 3516 linere
3083 3446 3340 3516 ductoe
3413 3448 3507 3519 ad
3562 3445 3993 3519 circumfe-

2444 3560 2794 3632 rentiam
2832 3564 3017 3632 sunt
3053 3559 3203 3631 sibi
3239 3560 3583 3632 invicem
3602 3563 3988 3654 aequales.

2548 3678 2908 3750 Secundo
2986 3677 3479 3768 supponitur
3554 3701 3651 3750 ex
3732 3681 3989 3753 tertio

2440 3794 2820 3874 Euclidis,
2861 3794 3067 3884 quod
3112 3794 3178 3864 si
3222 3793 3320 3864 ab
3360 3794 3632 3886 aliquo
3680 3803 3987 3888 puncto

2439 3900 2653 3983 inter
2693 3910 3093 3983 circulum
3144 3914 3437 3984 exeant
3488 3912 3582 3982 ad
3637 3911 3988 3984 circum-

2436 4026 2870 4100 ferentiam
2918 4027 3216 4118 plures,
3265 4047 3505 4118 quam
3538 4031 3711 4100 tres
3744 4028 3984 4102 lineae
4184 4061 4185 4070 ¹

2437 4150 2680 4216 rectae
2726 4142 2875 4214 sibi
2923 4141 3266 4214 invicem
3309 4143 3689 4234 aequales,
3738 4164 3982 4237 punc·
4179 4215 4181 4246 1

2432 4265 2562 4333 tus
2618 4260 2750 4331 ille
2796 4262 3013 4331 esset
3052 4263 3423 4331 centrum
3475 4259 3794 4332 circuli.
4176 4267 4179 4346 l

2515 4377 2791 4449 Tertio
2836 4376 3328 4467 supponitur
3357 4397 3453 4447 ex
3488 4379 3979 4468 praecedenti
4172 4355 4177 4422 ἶ

2427 4493 2914 4584 quaestione,
2999 4492 3205 4583 quod
3285 4490 3363 4562 in
3442 4496 3976 4582 generatione

2430 4610 2660 4690 Halo,
2693 4628 2953 4700 vapor
2988 4606 3480 4699 inspissatus
3527 4607 3974 4703 interponi·

2422 4730 2559 4799 tur
2617 4725 2830 4797 inter
2896 4723 3162 4795 visum
3240 4728 3617 4798 nostrum
3677 4731 3758 4800 et
3851 4749 3972 4800 as-

2422 4846 2668 4920 trum,
2708 4840 2799 4911 ad
2838 4861 3070 4930 quem
3105 4860 3496 4930 vaporem
3532 4843 3619 4914 [it
3665 4842 3968 4916 refrac-

2421 4956 2562 5034 tio,
2611 4959 2752 5027 aut
2798 4953 3161 5026 reflectio
3201 4954 3556 5026 luminis.

2506 5074 2840 5152 (marte,
2898 5068 3083 5160 quia
3132 5069 3405 5141 radius
3450 5074 3965 5165 perpendicu-

2418 5187 2616 5259 laris
2675 5187 3003 5257 veniens
3064 5187 3162 5258 ab
3212 5193 3444 5261 astro
3508 5210 3653 5282 per
3720 5212 3961 5285 vapo-

2416 5322 2587 5372 rem
2624 5302 2718 5372 ad
2764 5301 3027 5372 visum
3079 5307 3459 5375 nostrum
3509 5307 3815 5380 transit
3856 5308 3960 5379 ir·

2416 5417 2800 5496 rellexus;
2872 5419 3094 5507 patet
3152 5437 3249 5487 ex
3320 5420 3957 5508 praecedentibus

2413 5532 3022 5624 quiestionibus.

2502 5647 2825 5731 Quinto,
2875 5648 3079 5741 quod
3125 5647 3203 5719 in
3259 5651 3478 5724 omni
3530 5651 3947 5728 refractio-
