<?xml version="1.0" encoding="UTF-8"?>
<!DOCTYPE html PUBLIC "-//W3C//DTD XHTML 1.0 Transitional//EN"
    "http://www.w3.org/TR/xhtml1/DTD/xhtml1-transitional.dtd">
<html xmlns="http://www.w3.org/1999/xhtml" xml:lang="en" lang="en">
 <head>
  <title>
</title>
<meta http-equiv="Content-Type" content="text/html;charset=utf-8" />
  <meta name='ocr-system' content='tesseract 3.04.00' />
  <meta name='ocr-capabilities' content='ocr_page ocr_carea ocr_par ocr_line ocrx_word'/>
</head>
<body>
  <div class='ocr_page' id='page_1' title='image "./joannisdunsscot03waddgoog_0648.png"; bbox 0 0 4252 6393; ppageno 0'>
   <div class='ocr_carea' id='block_1_1' title="bbox 684 382 804 447">
    <p class='ocr_par' dir='ltr' id='par_1_1' title="bbox 684 382 804 447">
     <span class='ocr_line' id='line_1_1' title="bbox 684 382 804 447; baseline 0.008 -1"><span class='ocrx_word' id='word_1_1' title='bbox 684 382 804 447; x_wconf 81' lang='lat'>616</span> 
     </span>
    </p>
   </div>
   <div class='ocr_carea' id='block_1_2' title="bbox 669 543 2235 4359">
    <p class='ocr_par' dir='ltr' id='par_1_2' title="bbox 669 543 2222 1337">
     <span class='ocr_line' id='line_1_2' title="bbox 672 543 2222 640; baseline -0.001 -23"><span class='ocrx_word' id='word_1_2' title='bbox 672 544 791 617; x_wconf 89' lang='lat' dir='ltr'>tia</span> <span class='ocrx_word' id='word_1_3' title='bbox 841 545 1302 640; x_wconf 89' lang='lat' dir='ltr'>spiritualis</span> <span class='ocrx_word' id='word_1_4' title='bbox 1361 549 1483 618; x_wconf 90' lang='lat' dir='ltr'>est</span> <span class='ocrx_word' id='word_1_5' title='bbox 1537 543 2076 623; x_wconf 88' lang='lat' dir='ltr'>indivisibilis,</span> <span class='ocrx_word' id='word_1_6' title='bbox 2141 547 2222 616; x_wconf 90' lang='lat' dir='ltr'>et</span> 
     </span>
     <span class='ocr_line' id='line_1_3' title="bbox 670 659 2219 753; baseline -0.003 -19"><span class='ocrx_word' id='word_1_7' title='bbox 670 664 848 734; x_wconf 91' lang='lat' dir='ltr'>tota</span> <span class='ocrx_word' id='word_1_8' title='bbox 910 659 1150 736; x_wconf 84' lang='lat' dir='ltr'>simul</span> <span class='ocrx_word' id='word_1_9' title='bbox 1240 661 1320 733; x_wconf 91' lang='lat' dir='ltr'>in</span> <span class='ocrx_word' id='word_1_10' title='bbox 1398 661 1768 733; x_wconf 91' lang='lat' dir='ltr'>omnibus</span> <span class='ocrx_word' id='word_1_11' title='bbox 1851 660 2219 753; x_wconf 91' lang='lat' dir='ltr'>partibus</span> 
     </span>
     <span class='ocr_line' id='line_1_4' title="bbox 675 776 2217 869; baseline -0.001 -21"><span class='ocrx_word' id='word_1_12' title='bbox 675 776 855 856; x_wconf 89' lang='lat' dir='ltr'>loci,</span> <span class='ocrx_word' id='word_1_13' title='bbox 906 777 1023 851; x_wconf 83' lang='lat' dir='ltr'>sic</span> <span class='ocrx_word' id='word_1_14' title='bbox 1065 782 1386 869; x_wconf 86' lang='lat' dir='ltr'>tempus</span> <span class='ocrx_word' id='word_1_15' title='bbox 1430 778 1535 850; x_wconf 93' lang='lat' dir='ltr'>sit</span> <span class='ocrx_word' id='word_1_16' title='bbox 1580 778 1943 868; x_wconf 80' lang='lat' dir='ltr'>quaedam</span> <span class='ocrx_word' id='word_1_17' title='bbox 2007 797 2217 847; x_wconf 90' lang='lat' dir='ltr'>meu-</span> 
     </span>
     <span class='ocr_line' id='line_1_5' title="bbox 673 892 2215 987; baseline -0.001 -24"><span class='ocrx_word' id='word_1_18' title='bbox 673 914 867 965; x_wconf 90' lang='lat' dir='ltr'>sura</span> <span class='ocrx_word' id='word_1_19' title='bbox 918 894 1287 987; x_wconf 85' lang='lat' dir='ltr'>simplex,</span> <span class='ocrx_word' id='word_1_20' title='bbox 1338 899 1512 967; x_wconf 88' lang='lat' dir='ltr'>tota</span> <span class='ocrx_word' id='word_1_21' title='bbox 1565 893 1805 964; x_wconf 90' lang='lat' dir='ltr'>simul</span> <span class='ocrx_word' id='word_1_22' title='bbox 1856 892 2215 962; x_wconf 80' lang='lat' dir='ltr'>existens</span> 
     </span>
     <span class='ocr_line' id='line_1_6' title="bbox 674 1010 2217 1104; baseline -0.002 -21"><span class='ocrx_word' id='word_1_23' title='bbox 674 1012 753 1083; x_wconf 93' lang='lat' dir='ltr'>in</span> <span class='ocrx_word' id='word_1_24' title='bbox 790 1012 1141 1103; x_wconf 86' lang='lat' dir='ltr'>qualibet</span> <span class='ocrx_word' id='word_1_25' title='bbox 1174 1012 1533 1104; x_wconf 87' lang='lat' dir='ltr'>partium</span> <span class='ocrx_word' id='word_1_26' title='bbox 1568 1010 1743 1082; x_wconf 73' lang='lat' dir='ltr'>coeli</span> <span class='ocrx_word' id='word_1_27' title='bbox 1804 1010 1987 1081; x_wconf 82' lang='lat' dir='ltr'>dum</span> <span class='ocrx_word' id='word_1_28' title='bbox 2060 1031 2217 1080; x_wconf 90' lang='lat' dir='ltr'>mo-</span> 
     </span>
     <span class='ocr_line' id='line_1_7' title="bbox 669 1126 2218 1218; baseline 0 -19"><span class='ocrx_word' id='word_1_29' title='bbox 669 1131 1000 1199; x_wconf 88' lang='lat' dir='ltr'>ventur:</span> <span class='ocrx_word' id='word_1_30' title='bbox 1038 1132 1117 1200; x_wconf 92' lang='lat' dir='ltr'>et</span> <span class='ocrx_word' id='word_1_31' title='bbox 1159 1127 1308 1198; x_wconf 84' lang='lat' dir='ltr'>hoc</span> <span class='ocrx_word' id='word_1_32' title='bbox 1350 1127 1561 1206; x_wconf 89' lang='lat' dir='ltr'>dato,</span> <span class='ocrx_word' id='word_1_33' title='bbox 1609 1127 1731 1196; x_wconf 83' lang='lat' dir='ltr'>vel</span> <span class='ocrx_word' id='word_1_34' title='bbox 1777 1126 1940 1206; x_wconf 92' lang='lat' dir='ltr'>illo,</span> <span class='ocrx_word' id='word_1_35' title='bbox 1999 1129 2218 1218; x_wconf 85' lang='lat' dir='ltr'>patet</span> 
     </span>
     <span class='ocr_line' id='line_1_8' title="bbox 675 1245 1929 1337; baseline -0.002 -24"><span class='ocrx_word' id='word_1_36' title='bbox 675 1245 877 1337; x_wconf 87' lang='lat' dir='ltr'>quod</span> <span class='ocrx_word' id='word_1_37' title='bbox 911 1248 1232 1337; x_wconf 86' lang='lat' dir='ltr'>tempus</span> <span class='ocrx_word' id='word_1_38' title='bbox 1273 1265 1430 1316; x_wconf 90' lang='lat' dir='ltr'>non</span> <span class='ocrx_word' id='word_1_39' title='bbox 1474 1249 1599 1316; x_wconf 88' lang='lat' dir='ltr'>est</span> <span class='ocrx_word' id='word_1_40' title='bbox 1636 1248 1929 1315; x_wconf 86' lang='lat' dir='ltr'>motus.</span> 
     </span>
    </p>

    <p class='ocr_par' dir='ltr' id='par_1_3' title="bbox 671 1360 2228 2618">
     <span class='ocr_line' id='line_1_9' title="bbox 767 1360 2219 1452; baseline -0.003 -20"><span class='ocrx_word' id='word_1_41' title='bbox 767 1363 994 1444; x_wconf 88' lang='lat' dir='ltr'>Item,</span> <span class='ocrx_word' id='word_1_42' title='bbox 1049 1364 1369 1452; x_wconf 89' lang='lat' dir='ltr'>tempus</span> <span class='ocrx_word' id='word_1_43' title='bbox 1451 1360 1542 1430; x_wconf 88' lang='lat' dir='ltr'>de</span> <span class='ocrx_word' id='word_1_44' title='bbox 1621 1381 1703 1430; x_wconf 89' lang='lat' dir='ltr'>se</span> <span class='ocrx_word' id='word_1_45' title='bbox 1773 1362 1894 1430; x_wconf 86' lang='lat' dir='ltr'>est</span> <span class='ocrx_word' id='word_1_46' title='bbox 1972 1379 2219 1431; x_wconf 84' lang='lat' dir='ltr'>causa</span> 
     </span>
     <span class='ocr_line' id='line_1_10' title="bbox 671 1477 2220 1572; baseline -0.005 -19"><span class='ocrx_word' id='word_1_47' title='bbox 671 1478 1213 1572; x_wconf 78' lang='lat' dir='ltr'>antiquitatis,</span> <span class='ocrx_word' id='word_1_48' title='bbox 1257 1484 1337 1552; x_wconf 89' lang='lat' dir='ltr'>et</span> <span class='ocrx_word' id='word_1_49' title='bbox 1397 1477 1867 1558; x_wconf 69' lang='lat' dir='ltr'>senectutis,</span> <span class='ocrx_word' id='word_1_50' title='bbox 1933 1483 2012 1551; x_wconf 88' lang='lat' dir='ltr'>et</span> <span class='ocrx_word' id='word_1_51' title='bbox 2046 1497 2220 1549; x_wconf 87' lang='lat' dir='ltr'>eor—</span> 
     </span>
     <span class='ocr_line' id='line_1_11' title="bbox 681 1594 2223 1690; baseline -0.005 -19"><span class='ocrx_word' id='word_1_52' title='bbox 681 1597 1087 1690; x_wconf 87' lang='lat' dir='ltr'>ruptionis</span> <span class='ocrx_word' id='word_1_53' title='bbox 1192 1597 1269 1667; x_wconf 91' lang='lat' dir='ltr'>in</span> <span class='ocrx_word' id='word_1_54' title='bbox 1409 1596 1650 1668; x_wconf 83' lang='lat' dir='ltr'>rebus</span> <span class='ocrx_word' id='word_1_55' title='bbox 1772 1594 2223 1687; x_wconf 86' lang='lat' dir='ltr'>corporali-</span> 
     </span>
     <span class='ocr_line' id='line_1_12' title="bbox 674 1714 2219 1805; baseline -0.005 -18"><span class='ocrx_word' id='word_1_56' title='bbox 674 1716 845 1796; x_wconf 89' lang='lat' dir='ltr'>bus,</span> <span class='ocrx_word' id='word_1_57' title='bbox 912 1717 996 1785; x_wconf 90' lang='lat' dir='ltr'>ut</span> <span class='ocrx_word' id='word_1_58' title='bbox 1082 1717 1304 1805; x_wconf 86' lang='lat' dir='ltr'>patet</span> <span class='ocrx_word' id='word_1_59' title='bbox 1352 1715 1413 1783; x_wconf 68' lang='grc'>4.</span> <span class='ocrx_word' id='word_1_60' title='bbox 1498 1715 1769 1800; x_wconf 72' lang='lat' dir='ltr'>physic.</span> <span class='ocrx_word' id='word_1_61' title='bbox 1844 1726 2002 1779; x_wconf 61' lang='lat' dir='ltr'>teate.</span> <span class='ocrx_word' id='word_1_62' title='bbox 2067 1714 2219 1783; x_wconf 88' lang='lat'><strong>117.</strong></span> 
     </span>
     <span class='ocr_line' id='line_1_13' title="bbox 677 1829 2219 1920; baseline -0.002 -18"><span class='ocrx_word' id='word_1_63' title='bbox 677 1835 947 1904; x_wconf 90' lang='lat' dir='ltr'>motus</span> <span class='ocrx_word' id='word_1_64' title='bbox 999 1835 1299 1910; x_wconf 88' lang='lat' dir='ltr'>autem,</span> <span class='ocrx_word' id='word_1_65' title='bbox 1376 1829 1853 1920; x_wconf 77' lang='lat' dir='ltr'>inquantum</span> <span class='ocrx_word' id='word_1_66' title='bbox 1926 1833 2219 1908; x_wconf 88' lang='lat' dir='ltr'>motus,</span> 
     </span>
     <span class='ocr_line' id='line_1_14' title="bbox 672 1929 2225 2038; baseline -0.005 -19"><span class='ocrx_word' id='word_1_67' title='bbox 672 1969 830 2020; x_wconf 91' lang='lat' dir='ltr'>nou</span> <span class='ocrx_word' id='word_1_68' title='bbox 863 1929 984 2020; x_wconf 88' lang='lat' dir='ltr'>est</span> <span class='ocrx_word' id='word_1_69' title='bbox 1019 1946 1256 2038; x_wconf 83' lang='lat' dir='ltr'>hujus</span> <span class='ocrx_word' id='word_1_70' title='bbox 1299 1966 1569 2025; x_wconf 79' lang='lat' dir='ltr'>causa,</span> <span class='ocrx_word' id='word_1_71' title='bbox 1606 1944 1792 2035; x_wconf 87' lang='lat' dir='ltr'>quia</span> <span class='ocrx_word' id='word_1_72' title='bbox 1839 1949 2025 2016; x_wconf 86' lang='lat' dir='ltr'>tunc</span> <span class='ocrx_word' id='word_1_73' title='bbox 2065 1964 2225 2013; x_wconf 90' lang='lat' dir='ltr'>om-</span> 
     </span>
     <span class='ocr_line' id='line_1_15' title="bbox 672 2061 2224 2153; baseline -0.003 -16"><span class='ocrx_word' id='word_1_74' title='bbox 672 2067 797 2138; x_wconf 90' lang='lat' dir='ltr'>nis</span> <span class='ocrx_word' id='word_1_75' title='bbox 869 2067 1138 2137; x_wconf 91' lang='lat' dir='ltr'>motus</span> <span class='ocrx_word' id='word_1_76' title='bbox 1184 2063 1261 2135; x_wconf 92' lang='lat' dir='ltr'>in</span> <span class='ocrx_word' id='word_1_77' title='bbox 1327 2064 1562 2135; x_wconf 82' lang='lat' dir='ltr'>rebus</span> <span class='ocrx_word' id='word_1_78' title='bbox 1634 2061 2224 2153; x_wconf 77' lang='lat' dir='ltr'>temporalibus</span> 
     </span>
     <span class='ocr_line' id='line_1_16' title="bbox 676 2178 2224 2267; baseline -0.004 -13"><span class='ocrx_word' id='word_1_79' title='bbox 676 2187 892 2255; x_wconf 86' lang='lat' dir='ltr'>esset</span> <span class='ocrx_word' id='word_1_80' title='bbox 924 2181 1041 2252; x_wconf 92' lang='lat' dir='ltr'>eis</span> <span class='ocrx_word' id='word_1_81' title='bbox 1083 2199 1332 2252; x_wconf 88' lang='lat' dir='ltr'>eausa</span> <span class='ocrx_word' id='word_1_82' title='bbox 1365 2178 1831 2258; x_wconf 76' lang='lat' dir='ltr'>senectutis,</span> <span class='ocrx_word' id='word_1_83' title='bbox 1868 2181 1948 2250; x_wconf 89' lang='lat' dir='ltr'>et</span> <span class='ocrx_word' id='word_1_84' title='bbox 1982 2197 2224 2267; x_wconf 87' lang='lat' dir='ltr'>quau·</span> 
     </span>
     <span class='ocr_line' id='line_1_17' title="bbox 677 2295 2223 2388; baseline -0.004 -18"><span class='ocrx_word' id='word_1_85' title='bbox 677 2303 761 2370; x_wconf 88' lang='lat' dir='ltr'>to</span> <span class='ocrx_word' id='word_1_86' title='bbox 798 2301 1064 2370; x_wconf 88' lang='lat' dir='ltr'>motus</span> <span class='ocrx_word' id='word_1_87' title='bbox 1101 2295 1390 2388; x_wconf 86' lang='lat' dir='ltr'>major,</span> <span class='ocrx_word' id='word_1_88' title='bbox 1431 2298 1659 2368; x_wconf 91' lang='lat' dir='ltr'>tanto</span> <span class='ocrx_word' id='word_1_89' title='bbox 1697 2315 1826 2364; x_wconf 88' lang='lat' dir='ltr'>res</span> <span class='ocrx_word' id='word_1_90' title='bbox 1860 2297 2075 2364; x_wconf 86' lang='lat' dir='ltr'>esset</span> <span class='ocrx_word' id='word_1_91' title='bbox 2112 2313 2223 2364; x_wconf 84' lang='lat' dir='ltr'>se-</span> 
     </span>
     <span class='ocr_line' id='line_1_18' title="bbox 675 2408 2228 2505; baseline -0.003 -20"><span class='ocrx_word' id='word_1_92' title='bbox 675 2414 884 2494; x_wconf 89' lang='lat' dir='ltr'>nior,</span> <span class='ocrx_word' id='word_1_93' title='bbox 978 2413 1183 2505; x_wconf 89' lang='lat' dir='ltr'>quod</span> <span class='ocrx_word' id='word_1_94' title='bbox 1246 2416 1466 2504; x_wconf 88' lang='lat' dir='ltr'>patet</span> <span class='ocrx_word' id='word_1_95' title='bbox 1527 2431 1704 2480; x_wconf 90' lang='lat' dir='ltr'>esse</span> <span class='ocrx_word' id='word_1_96' title='bbox 1777 2408 2072 2480; x_wconf 85' lang='lat' dir='ltr'>falsum</span> <span class='ocrx_word' id='word_1_97' title='bbox 2144 2409 2228 2482; x_wconf 88' lang='lat' dir='ltr'>in</span> 
     </span>
     <span class='ocr_line' id='line_1_19' title="bbox 678 2525 2220 2618; baseline -0.003 -18"><span class='ocrx_word' id='word_1_98' title='bbox 678 2534 901 2602; x_wconf 88' lang='lat' dir='ltr'>motu</span> <span class='ocrx_word' id='word_1_99' title='bbox 945 2525 1363 2618; x_wconf 81' lang='lat' dir='ltr'>augmenti</span> <span class='ocrx_word' id='word_1_100' title='bbox 1404 2530 1483 2598; x_wconf 92' lang='lat' dir='ltr'>et</span> <span class='ocrx_word' id='word_1_101' title='bbox 1529 2525 1604 2596; x_wconf 89' lang='lat' dir='ltr'>in</span> <span class='ocrx_word' id='word_1_102' title='bbox 1669 2530 1894 2598; x_wconf 87' lang='lat' dir='ltr'>motu</span> <span class='ocrx_word' id='word_1_103' title='bbox 1953 2526 2220 2598; x_wconf 84' lang='lat' dir='ltr'>locali.</span> 
     </span>
    </p>

    <p class='ocr_par' dir='ltr' id='par_1_4' title="bbox 672 2644 2235 4359">
     <span class='ocr_line' id='line_1_20' title="bbox 770 2644 2219 2736; baseline -0.001 -18"><span class='ocrx_word' id='word_1_104' title='bbox 770 2649 997 2726; x_wconf 89' lang='lat' dir='ltr'>Item,</span> <span class='ocrx_word' id='word_1_105' title='bbox 1036 2646 1393 2717; x_wconf 88' lang='lat' dir='ltr'>videmus</span> <span class='ocrx_word' id='word_1_106' title='bbox 1431 2647 1742 2716; x_wconf 87' lang='lat' dir='ltr'>motum</span> <span class='ocrx_word' id='word_1_107' title='bbox 1789 2644 2219 2736; x_wconf 81' lang='lat' dir='ltr'>majorem,</span> 
     </span>
     <span class='ocr_line' id='line_1_21' title="bbox 677 2763 2226 2856; baseline 0.002 -22"><span class='ocrx_word' id='word_1_108' title='bbox 677 2769 767 2837; x_wconf 90' lang='lat' dir='ltr'>ut</span> <span class='ocrx_word' id='word_1_109' title='bbox 829 2785 973 2856; x_wconf 86' lang='lat' dir='ltr'>per</span> <span class='ocrx_word' id='word_1_110' title='bbox 1041 2783 1285 2834; x_wconf 87' lang='lat' dir='ltr'>unam</span> <span class='ocrx_word' id='word_1_111' title='bbox 1345 2763 1684 2842; x_wconf 87' lang='lat' dir='ltr'>leucam,</span> <span class='ocrx_word' id='word_1_112' title='bbox 1751 2764 2226 2856; x_wconf 77' lang='lat' dir='ltr'>quandoque</span> 
     </span>
     <span class='ocr_line' id='line_1_22' title="bbox 675 2880 2225 2971; baseline 0 -19"><span class='ocrx_word' id='word_1_113' title='bbox 675 2882 853 2953; x_wconf 84' lang='lat' dir='ltr'>fieri</span> <span class='ocrx_word' id='word_1_114' title='bbox 886 2880 1245 2953; x_wconf 84' lang='lat' dir='ltr'>breviori</span> <span class='ocrx_word' id='word_1_115' title='bbox 1298 2883 1694 2971; x_wconf 89' lang='lat' dir='ltr'>tempore,</span> <span class='ocrx_word' id='word_1_116' title='bbox 1761 2900 1999 2970; x_wconf 84' lang='lat' dir='ltr'>quani</span> <span class='ocrx_word' id='word_1_117' title='bbox 2065 2902 2225 2953; x_wconf 91' lang='lat' dir='ltr'>mo-</span> 
     </span>
     <span class='ocr_line' id='line_1_23' title="bbox 673 2994 2228 3088; baseline -0.001 -18"><span class='ocrx_word' id='word_1_118' title='bbox 673 3002 850 3070; x_wconf 84' lang='lat' dir='ltr'>tum</span> <span class='ocrx_word' id='word_1_119' title='bbox 888 2997 1310 3076; x_wconf 89' lang='lat' dir='ltr'>minorem,</span> <span class='ocrx_word' id='word_1_120' title='bbox 1350 3002 1435 3071; x_wconf 90' lang='lat' dir='ltr'>ut</span> <span class='ocrx_word' id='word_1_121' title='bbox 1480 3017 1621 3088; x_wconf 90' lang='lat' dir='ltr'>per</span> <span class='ocrx_word' id='word_1_122' title='bbox 1659 2994 1999 3067; x_wconf 86' lang='lat' dir='ltr'>mediam</span> <span class='ocrx_word' id='word_1_123' title='bbox 2072 2998 2228 3068; x_wconf 89' lang='lat' dir='ltr'>leu-</span> 
     </span>
     <span class='ocr_line' id='line_1_24' title="bbox 674 3110 2226 3204; baseline 0 -22"><span class='ocrx_word' id='word_1_124' title='bbox 674 3132 880 3195; x_wconf 86' lang='lat' dir='ltr'>cam,</span> <span class='ocrx_word' id='word_1_125' title='bbox 955 3111 1142 3204; x_wconf 91' lang='lat' dir='ltr'>quia</span> <span class='ocrx_word' id='word_1_126' title='bbox 1208 3110 1451 3184; x_wconf 82' lang='lat' dir='ltr'>citius</span> <span class='ocrx_word' id='word_1_127' title='bbox 1541 3112 1917 3182; x_wconf 86' lang='lat' dir='ltr'>movetur</span> <span class='ocrx_word' id='word_1_128' title='bbox 1975 3133 2226 3204; x_wconf 88' lang='lat' dir='ltr'>equus</span> 
     </span>
     <span class='ocr_line' id='line_1_25' title="bbox 677 3228 2229 3320; baseline 0 -20"><span class='ocrx_word' id='word_1_129' title='bbox 677 3249 820 3320; x_wconf 89' lang='lat' dir='ltr'>per</span> <span class='ocrx_word' id='word_1_130' title='bbox 866 3229 1202 3308; x_wconf 85' lang='lat' dir='ltr'>leucam,</span> <span class='ocrx_word' id='word_1_131' title='bbox 1249 3248 1487 3319; x_wconf 89' lang='lat' dir='ltr'>quam</span> <span class='ocrx_word' id='word_1_132' title='bbox 1549 3228 1790 3300; x_wconf 86' lang='lat' dir='ltr'>hoino</span> <span class='ocrx_word' id='word_1_133' title='bbox 1851 3249 1997 3320; x_wconf 85' lang='lat' dir='ltr'>per</span> <span class='ocrx_word' id='word_1_134' title='bbox 2068 3251 2229 3301; x_wconf 90' lang='lat' dir='ltr'>me-</span> 
     </span>
     <span class='ocr_line' id='line_1_26' title="bbox 672 3343 2222 3434; baseline 0 -19"><span class='ocrx_word' id='word_1_135' title='bbox 672 3343 946 3415; x_wconf 87' lang='lat' dir='ltr'>diam:</span> <span class='ocrx_word' id='word_1_136' title='bbox 996 3344 1203 3434; x_wconf 86' lang='lat' dir='ltr'>quod</span> <span class='ocrx_word' id='word_1_137' title='bbox 1270 3364 1427 3413; x_wconf 92' lang='lat' dir='ltr'>non</span> <span class='ocrx_word' id='word_1_138' title='bbox 1506 3348 1719 3413; x_wconf 85' lang='lat' dir='ltr'>esset</span> <span class='ocrx_word' id='word_1_139' title='bbox 1790 3365 2071 3415; x_wconf 83' lang='lat' dir='ltr'>verum</span> <span class='ocrx_word' id='word_1_140' title='bbox 2156 3344 2222 3415; x_wconf 86' lang='lat' dir='ltr'>si</span> 
     </span>
     <span class='ocr_line' id='line_1_27' title="bbox 682 3460 2222 3551; baseline -0.001 -21"><span class='ocrx_word' id='word_1_141' title='bbox 682 3463 951 3531; x_wconf 86' lang='lat' dir='ltr'>motus</span> <span class='ocrx_word' id='word_1_142' title='bbox 1019 3462 1098 3531; x_wconf 94' lang='lat' dir='ltr'>et</span> <span class='ocrx_word' id='word_1_143' title='bbox 1193 3463 1512 3551; x_wconf 85' lang='lat' dir='ltr'>tempus</span> <span class='ocrx_word' id='word_1_144' title='bbox 1601 3464 1871 3530; x_wconf 85' lang='lat' dir='ltr'>essent</span> <span class='ocrx_word' id='word_1_145' title='bbox 1994 3460 2222 3531; x_wconf 88' lang='lat' dir='ltr'>idem.</span> 
     </span>
     <span class='ocr_line' id='line_1_28' title="bbox 685 3573 2226 3665; baseline -0.002 -20"><span class='ocrx_word' id='word_1_146' title='bbox 685 3576 915 3656; x_wconf 84' lang='lat' dir='ltr'>Item,</span> <span class='ocrx_word' id='word_1_147' title='bbox 956 3573 1457 3665; x_wconf 80' lang='lat' dir='ltr'>Augustinus</span> <span class='ocrx_word' id='word_1_148' title='bbox 1494 3574 1643 3646; x_wconf 85' lang='lat' dir='ltr'>hoo</span> <span class='ocrx_word' id='word_1_149' title='bbox 1675 3574 1867 3647; x_wconf 90' lang='lat' dir='ltr'>dicit</span> <span class='ocrx_word' id='word_1_150' title='bbox 1905 3579 2009 3646; x_wconf 87' lang='lat'>11.</span> <span class='ocrx_word' id='word_1_151' title='bbox 2051 3579 2226 3642; x_wconf 79' lang='lat' dir='ltr'>Con-</span> 
     </span>
     <span class='ocr_line' id='line_1_29' title="bbox 679 3692 2231 3779; baseline 0.001 -23"><span class='ocrx_word' id='word_1_152' title='bbox 679 3692 1046 3775; x_wconf 72' lang='lat' dir='ltr'>fessionum</span> <span class='ocrx_word' id='word_1_153' title='bbox 1074 3713 1227 3778; x_wconf 83' lang='lat' dir='ltr'>cap.</span> <span class='ocrx_word' id='word_1_154' title='bbox 1268 3692 1378 3761; x_wconf 70' lang='lat'>24.</span> <span class='ocrx_word' id='word_1_155' title='bbox 1427 3693 1596 3757; x_wconf 79' lang='lat' dir='ltr'>Nam</span> <span class='ocrx_word' id='word_1_156' title='bbox 1626 3693 1749 3757; x_wconf 78' lang='lat' dir='ltr'>etsi</span> <span class='ocrx_word' id='word_1_157' title='bbox 1782 3694 1964 3756; x_wconf 79' lang='lat' dir='ltr'>carie</span> <span class='ocrx_word' id='word_1_158' title='bbox 1995 3714 2231 3779; x_wconf 75' lang='lat' dir='ltr'>eorpus</span> 
     </span>
     <span class='ocr_line' id='line_1_30' title="bbox 682 3807 2233 3894; baseline 0.001 -22"><span class='ocrx_word' id='word_1_159' title='bbox 682 3807 1050 3894; x_wconf 76' lang='lat' dir='ltr'>aliquando</span> <span class='ocrx_word' id='word_1_160' title='bbox 1117 3820 1431 3886; x_wconf 73' lang='lat' dir='ltr'>movetur,</span> <span class='ocrx_word' id='word_1_161' title='bbox 1478 3807 1849 3894; x_wconf 79' lang='lat' dir='ltr'>aliquando</span> <span class='ocrx_word' id='word_1_162' title='bbox 1894 3818 2049 3885; x_wconf 79' lang='lat' dir='ltr'>scat,</span> <span class='ocrx_word' id='word_1_163' title='bbox 2100 3829 2233 3873; x_wconf 81' lang='lat' dir='ltr'>non</span> 
     </span>
     <span class='ocr_line' id='line_1_31' title="bbox 682 3925 2231 4011; baseline 0 -22"><span class='ocrx_word' id='word_1_164' title='bbox 682 3925 895 3989; x_wconf 74' lang='lat' dir='ltr'>solum</span> <span class='ocrx_word' id='word_1_165' title='bbox 933 3936 1143 3991; x_wconf 76' lang='lat' dir='ltr'>molus</span> <span class='ocrx_word' id='word_1_166' title='bbox 1172 3928 1335 4011; x_wconf 73' lang='lat' dir='ltr'>eju-5,</span> <span class='ocrx_word' id='word_1_167' title='bbox 1380 3925 1494 3989; x_wconf 75' lang='lat' dir='ltr'>sed</span> <span class='ocrx_word' id='word_1_168' title='bbox 1525 3927 1728 3990; x_wconf 82' lang='lat' dir='ltr'>eciam</span> <span class='ocrx_word' id='word_1_169' title='bbox 1766 3936 2010 3990; x_wconf 75' lang='lat' dir='ltr'>statum</span> <span class='ocrx_word' id='word_1_170' title='bbox 2068 3935 2231 3989; x_wconf 78' lang='lat' dir='ltr'>tem-</span> 
     </span>
     <span class='ocr_line' id='line_1_32' title="bbox 678 4041 2227 4127; baseline -0.001 -20"><span class='ocrx_word' id='word_1_171' title='bbox 678 4063 840 4127; x_wconf 84' lang='lat' dir='ltr'>pore</span> <span class='ocrx_word' id='word_1_172' title='bbox 877 4043 1211 4121; x_wconf 79' lang='lat' dir='ltr'>melimur,</span> <span class='ocrx_word' id='word_1_173' title='bbox 1255 4052 1316 4108; x_wconf 78' lang='lat' dir='ltr'>et</span> <span class='ocrx_word' id='word_1_174' title='bbox 1354 4041 1642 4106; x_wconf 72' lang='lat' dir='ltr'>dicimus</span> <span class='ocrx_word' id='word_1_175' title='bbox 1698 4052 1959 4106; x_wconf 77' lang='lat' dir='ltr'>tantum</span> <span class='ocrx_word' id='word_1_176' title='bbox 2023 4043 2227 4119; x_wconf 75' lang='lat' dir='ltr'>stetit,</span> 
     </span>
     <span class='ocr_line' id='line_1_33' title="bbox 681 4158 2233 4244; baseline 0 -22"><span class='ocrx_word' id='word_1_177' title='bbox 681 4170 1002 4244; x_wconf 74' lang='lat' dir='ltr'>qimnlum</span> <span class='ocrx_word' id='word_1_178' title='bbox 1041 4170 1286 4224; x_wconf 74' lang='lat' dir='ltr'>molum</span> <span class='ocrx_word' id='word_1_179' title='bbox 1324 4169 1440 4237; x_wconf 78' lang='lat' dir='ltr'>esc,</span> <span class='ocrx_word' id='word_1_180' title='bbox 1476 4173 1588 4222; x_wconf 82' lang='grc' dir='ltr'>αιιι</span> <span class='ocrx_word' id='word_1_181' title='bbox 1628 4158 1855 4243; x_wconf 81' lang='lat' dir='ltr'>duplo,</span> <span class='ocrx_word' id='word_1_182' title='bbox 1895 4159 1996 4223; x_wconf 84' lang='lat' dir='ltr'>vel</span> <span class='ocrx_word' id='word_1_183' title='bbox 2028 4160 2233 4243; x_wconf 75' lang='lat' dir='ltr'>triplo</span> 
     </span>
     <span class='ocr_line' id='line_1_34' title="bbox 681 4273 2235 4359; baseline -0.001 -22"><span class='ocrx_word' id='word_1_184' title='bbox 681 4275 882 4352; x_wconf 75' lang='lat' dir='ltr'>stetit,</span> <span class='ocrx_word' id='word_1_185' title='bbox 917 4273 1008 4339; x_wconf 85' lang='lat' dir='ltr'>ad</span> <span class='ocrx_word' id='word_1_186' title='bbox 1066 4273 1138 4338; x_wconf 81' lang='lat' dir='ltr'>id</span> <span class='ocrx_word' id='word_1_187' title='bbox 1182 4273 1358 4359; x_wconf 73' lang='lat' dir='ltr'>quod</span> <span class='ocrx_word' id='word_1_188' title='bbox 1420 4283 1663 4337; x_wconf 77' lang='grc' dir='ltr'>ηιοιιιηι</span> <span class='ocrx_word' id='word_1_189' title='bbox 1703 4283 1818 4349; x_wconf 77' lang='lat' dir='ltr'>ese,</span> <span class='ocrx_word' id='word_1_190' title='bbox 1865 4284 1925 4337; x_wconf 80' lang='lat' dir='ltr'>el</span> <span class='ocrx_word' id='word_1_191' title='bbox 1963 4275 2024 4337; x_wconf 82' lang='lat' dir='ltr'>si</span> <span class='ocrx_word' id='word_1_192' title='bbox 2072 4273 2235 4358; x_wconf 75' lang='lat' dir='ltr'>qnid</span> 
     </span>
    </p>
   </div>
   <div class='ocr_carea' id='block_1_3' title="bbox 366 1378 640 1432">
    <p class='ocr_par' dir='ltr' id='par_1_5' title="bbox 366 1378 640 1432">
     <span class='ocr_line' id='line_1_35' title="bbox 366 1378 640 1432; baseline -0.022 0"><span class='ocrx_word' id='word_1_193' title='bbox 366 1378 640 1432; x_wconf 72' lang='lat' dir='ltr'>Quintum.</span> 
     </span>
    </p>
   </div>
   <div class='ocr_carea' id='block_1_4' title="bbox 364 2679 610 2729">
    <p class='ocr_par' dir='ltr' id='par_1_6' title="bbox 364 2679 610 2729">
     <span class='ocr_line' id='line_1_36' title="bbox 364 2679 610 2729; baseline -0.004 -2"><span class='ocrx_word' id='word_1_194' title='bbox 364 2679 610 2729; x_wconf 71' lang='lat' dir='ltr'>Sextum.</span> 
     </span>
    </p>
   </div>
   <div class='ocr_carea' id='block_1_5' title="bbox 344 4390 2244 5645">
    <p class='ocr_par' dir='ltr' id='par_1_7' title="bbox 685 4390 2234 4475">
     <span class='ocr_line' id='line_1_37' title="bbox 685 4390 2234 4475; baseline 0.001 -21"><span class='ocrx_word' id='word_1_195' title='bbox 685 4390 877 4455; x_wconf 80' lang='lat' dir='ltr'>aliud</span> <span class='ocrx_word' id='word_1_196' title='bbox 914 4401 1146 4455; x_wconf 79' lang='lat' dir='ltr'>nostra</span> <span class='ocrx_word' id='word_1_197' title='bbox 1186 4390 1537 4468; x_wconf 78' lang='lat' dir='ltr'>dimensio,</span> <span class='ocrx_word' id='word_1_198' title='bbox 1609 4392 1748 4455; x_wconf 81' lang='lat' dir='ltr'>sive</span> <span class='ocrx_word' id='word_1_199' title='bbox 1807 4391 2234 4475; x_wconf 78' lang='lat' dir='ltr'>comprehen-</span> 
     </span>
    </p>

    <p class='ocr_par' dir='ltr' id='par_1_8' title="bbox 686 4507 2238 4828">
     <span class='ocr_line' id='line_1_38' title="bbox 1758 4507 2236 4573; baseline 0 -2"><span class='ocrx_word' id='word_1_200' title='bbox 1758 4518 1824 4571; x_wconf 75' lang='grc' dir='ltr'>ιιι</span> <span class='ocrx_word' id='word_1_201' title='bbox 1882 4507 2020 4572; x_wconf 70' lang='lat' dir='ltr'>clici</span> <span class='ocrx_word' id='word_1_202' title='bbox 2073 4509 2236 4573; x_wconf 78' lang='lat' dir='ltr'>solet</span> 
     </span>
     <span class='ocr_line' id='line_1_39' title="bbox 686 4624 2238 4709; baseline 0.001 -23"><span class='ocrx_word' id='word_1_203' title='bbox 686 4624 838 4708; x_wconf 75' lang='lat' dir='ltr'>plus</span> <span class='ocrx_word' id='word_1_204' title='bbox 877 4625 1118 4689; x_wconf 77' lang='lat' dir='ltr'>minus.</span> <span class='ocrx_word' id='word_1_205' title='bbox 1157 4624 1307 4690; x_wconf 83' lang='lat' dir='ltr'>Non</span> <span class='ocrx_word' id='word_1_206' title='bbox 1337 4635 1428 4688; x_wconf 80' lang='lat' dir='ltr'>esc</span> <span class='ocrx_word' id='word_1_207' title='bbox 1469 4645 1623 4709; x_wconf 72' lang='lat' dir='ltr'>erqo</span> <span class='ocrx_word' id='word_1_208' title='bbox 1654 4634 1906 4709; x_wconf 75' lang='lat' dir='ltr'>tempus</span> <span class='ocrx_word' id='word_1_209' title='bbox 1935 4626 2238 4709; x_wconf 75' lang='lat' dir='ltr'>eorporis</span> 
     </span>
     <span class='ocr_line' id='line_1_40' title="bbox 691 4736 1690 4828; baseline 0.004 -27"><span class='ocrx_word' id='word_1_210' title='bbox 691 4749 924 4818; x_wconf 80' lang='lat' dir='ltr'>motus,</span> <span class='ocrx_word' id='word_1_211' title='bbox 971 4736 1138 4810; x_wconf 77' lang='lat' dir='ltr'>haec</span> <span class='ocrx_word' id='word_1_212' title='bbox 1165 4737 1690 4828; x_wconf 80' lang='lat' dir='ltr'>Augustinus.</span> 
     </span>
    </p>

    <p class='ocr_par' dir='ltr' id='par_1_9' title="bbox 344 4853 2243 5292">
     <span class='ocr_line' id='line_1_41' title="bbox 470 4853 2235 4945; baseline 0.002 -24"><span class='ocrx_word' id='word_1_213' title='bbox 470 4886 521 4934; x_wconf 71' lang='lat'>4,</span> <span class='ocrx_word' id='word_1_214' title='bbox 780 4854 1324 4932; x_wconf 85' lang='lat' dir='ltr'>Quorumdam</span> <span class='ocrx_word' id='word_1_215' title='bbox 1396 4857 1674 4925; x_wconf 86' lang='lat' dir='ltr'>autem</span> <span class='ocrx_word' id='word_1_216' title='bbox 1738 4853 2010 4945; x_wconf 87' lang='lat' dir='ltr'>opinio</span> <span class='ocrx_word' id='word_1_217' title='bbox 2085 4856 2235 4934; x_wconf 88' lang='lat' dir='ltr'>est,</span> 
     </span>
     <span class='ocr_line' id='line_1_42' title="bbox 344 4946 2241 5062; baseline 0.003 -26"><span class='ocrx_word' id='word_1_218' title='bbox 344 4946 640 5059; x_wconf 52' lang='grc' dir='ltr'>ᾖῗῇβζζξζ</span> <span class='ocrx_word' id='word_1_219' title='bbox 697 4969 902 5058; x_wconf 87' lang='lat' dir='ltr'>quod</span> <span class='ocrx_word' id='word_1_220' title='bbox 944 4972 1214 5041; x_wconf 89' lang='lat' dir='ltr'>motus</span> <span class='ocrx_word' id='word_1_221' title='bbox 1248 4972 1324 5040; x_wconf 92' lang='lat' dir='ltr'>et</span> <span class='ocrx_word' id='word_1_222' title='bbox 1369 4972 1688 5062; x_wconf 83' lang='lat' dir='ltr'>tenipus</span> <span class='ocrx_word' id='word_1_223' title='bbox 1758 4990 1915 5040; x_wconf 90' lang='lat' dir='ltr'>non</span> <span class='ocrx_word' id='word_1_224' title='bbox 1965 4970 2241 5042; x_wconf 87' lang='lat' dir='ltr'>dicunt</span> 
     </span>
     <span class='ocr_line' id='line_1_43' title="bbox 345 5071 2243 5185; baseline -0.001 -30"><span class='ocrx_word' id='word_1_225' title='bbox 345 5071 639 5185; x_wconf 54' lang='lat' dir='ltr'>rjg&#39;ffssg}</span> <span class='ocrx_word' id='word_1_226' title='bbox 687 5083 1054 5156; x_wconf 88' lang='lat' dir='ltr'>diversas</span> <span class='ocrx_word' id='word_1_227' title='bbox 1093 5106 1222 5156; x_wconf 87' lang='lat' dir='ltr'>res</span> <span class='ocrx_word' id='word_1_228' title='bbox 1266 5084 1709 5164; x_wconf 85' lang='lat' dir='ltr'>absolutas,</span> <span class='ocrx_word' id='word_1_229' title='bbox 1759 5085 1966 5155; x_wconf 90' lang='lat' dir='ltr'>sicut</span> <span class='ocrx_word' id='word_1_230' title='bbox 2004 5105 2243 5174; x_wconf 89' lang='lat' dir='ltr'>quau-</span> 
     </span>
     <span class='ocr_line' id='line_1_44' title="bbox 373 5199 2240 5292; baseline -0.001 -20"><span class='ocrx_word' id='word_1_231' title='bbox 373 5201 572 5250; x_wconf 74' lang='lat' dir='ltr'><strong><em>zucam.</em></strong></span> <span class='ocrx_word' id='word_1_232' title='bbox 689 5200 1017 5281; x_wconf 87' lang='lat' dir='ltr'>titas,et</span> <span class='ocrx_word' id='word_1_233' title='bbox 1053 5199 1407 5292; x_wconf 82' lang='lat' dir='ltr'>qualitas</span> <span class='ocrx_word' id='word_1_234' title='bbox 1466 5202 1536 5271; x_wconf 88' lang='lat' dir='ltr'>ei</span> <span class='ocrx_word' id='word_1_235' title='bbox 1603 5200 2030 5280; x_wconf 59' lang='lat' dir='ltr'>inhaerens,</span> <span class='ocrx_word' id='word_1_236' title='bbox 2109 5202 2240 5271; x_wconf 85' lang='lat' dir='ltr'>sed</span> 
     </span>
    </p>

    <p class='ocr_par' dir='ltr' id='par_1_10' title="bbox 689 5318 2244 5645">
     <span class='ocr_line' id='line_1_45' title="bbox 691 5318 2244 5401; baseline -0.001 -11"><span class='ocrx_word' id='word_1_237' title='bbox 691 5318 1311 5391; x_wconf 84' lang='lat' dir='ltr'>omninodicunt</span> <span class='ocrx_word' id='word_1_238' title='bbox 1344 5320 1700 5391; x_wconf 83' lang='lat' dir='ltr'>eamdem</span> <span class='ocrx_word' id='word_1_239' title='bbox 1735 5339 1931 5401; x_wconf 85' lang='lat' dir='ltr'>rem,</span> <span class='ocrx_word' id='word_1_240' title='bbox 1970 5340 2244 5388; x_wconf 77' lang='lat' dir='ltr'>seeun-</span> 
     </span>
     <span class='ocr_line' id='line_1_46' title="bbox 689 5433 2242 5507; baseline -0.004 -2"><span class='ocrx_word' id='word_1_241' title='bbox 689 5438 874 5505; x_wconf 87' lang='lat' dir='ltr'>dum</span> <span class='ocrx_word' id='word_1_242' title='bbox 931 5434 1294 5506; x_wconf 77' lang='lat' dir='ltr'>diversas</span> <span class='ocrx_word' id='word_1_243' title='bbox 1386 5433 2242 5507; x_wconf 86' lang='lat' dir='ltr'>rationesdeuomina—</span> 
     </span>
     <span class='ocr_line' id='line_1_47' title="bbox 698 5551 2242 5645; baseline -0.003 -17"><span class='ocrx_word' id='word_1_244' title='bbox 698 5559 894 5632; x_wconf 86' lang='lat' dir='ltr'>tam,</span> <span class='ocrx_word' id='word_1_245' title='bbox 944 5554 1374 5645; x_wconf 87' lang='lat' dir='ltr'>aliquando</span> <span class='ocrx_word' id='word_1_246' title='bbox 1418 5555 1761 5643; x_wconf 86' lang='lat' dir='ltr'>tempus,</span> <span class='ocrx_word' id='word_1_247' title='bbox 1811 5551 2242 5643; x_wconf 84' lang='lat' dir='ltr'>aliquando</span> 
     </span>
    </p>
   </div>
   <div class='ocr_carea' id='block_1_6' title="bbox 695 4506 1654 4584">
    <p class='ocr_par' dir='ltr' id='par_1_11' title="bbox 695 4506 1654 4584">
     <span class='ocr_line' id='line_1_48' title="bbox 695 4506 1654 4584; baseline 0 -14"><span class='ocrx_word' id='word_1_248' title='bbox 695 4506 871 4570; x_wconf 76' lang='lat' dir='ltr'>derit</span> <span class='ocrx_word' id='word_1_249' title='bbox 949 4507 1090 4572; x_wconf 78' lang='lat' dir='ltr'>sive</span> <span class='ocrx_word' id='word_1_250' title='bbox 1147 4507 1654 4584; x_wconf 73' lang='lat' dir='ltr'>existimaverit,</span> 
     </span>
    </p>
   </div>
   <div class='ocr_carea' id='block_1_7' title="bbox 1852 380 2692 446">
    <p class='ocr_par' dir='ltr' id='par_1_12' title="bbox 1852 380 2692 446">
     <span class='ocr_line' id='line_1_49' title="bbox 1852 380 2692 446; baseline 0.001 -2"><span class='ocrx_word' id='word_1_251' title='bbox 1852 383 1955 444; x_wconf 84' lang='lat' dir='ltr'>DE</span> <span class='ocrx_word' id='word_1_252' title='bbox 1994 381 2259 446; x_wconf 72' lang='lat' dir='ltr'><strong>RERUM</strong></span> <span class='ocrx_word' id='word_1_253' title='bbox 2303 380 2692 445; x_wconf 78' lang='lat' dir='ltr'>PRINCIPIO</span> 
     </span>
    </p>
   </div>
   <div class='ocr_carea' id='block_1_8' title="bbox 2329 543 4166 5624">
    <p class='ocr_par' dir='ltr' id='par_1_13' title="bbox 2329 543 4166 5624">
     <span class='ocr_line' id='line_1_50' title="bbox 2340 543 3861 619; baseline -0.001 -6"><span class='ocrx_word' id='word_1_254' title='bbox 2340 548 2607 616; x_wconf 89' lang='lat' dir='ltr'>motus</span> <span class='ocrx_word' id='word_1_255' title='bbox 2645 571 2657 613; x_wconf 88' lang='lat'>:</span> <span class='ocrx_word' id='word_1_256' title='bbox 2710 547 2791 614; x_wconf 89' lang='lat' dir='ltr'>ut</span> <span class='ocrx_word' id='word_1_257' title='bbox 2838 543 3039 613; x_wconf 89' lang='lat' dir='ltr'>idem</span> <span class='ocrx_word' id='word_1_258' title='bbox 3076 546 3260 614; x_wconf 88' lang='lat' dir='ltr'>sunt</span> <span class='ocrx_word' id='word_1_259' title='bbox 3299 562 3409 619; x_wconf 91' lang='lat' dir='ltr'>re,</span> <span class='ocrx_word' id='word_1_260' title='bbox 3452 561 3716 618; x_wconf 89' lang='lat' dir='ltr'>unum,</span> <span class='ocrx_word' id='word_1_261' title='bbox 3748 559 3861 611; x_wconf 81' lang='lat' dir='ltr'>ve·</span> 
     </span>
     <span class='ocr_line' id='line_1_51' title="bbox 2334 657 3865 739; baseline -0.001 -10"><span class='ocrx_word' id='word_1_262' title='bbox 2334 680 2540 739; x_wconf 88' lang='lat' dir='ltr'>rum,</span> <span class='ocrx_word' id='word_1_263' title='bbox 2582 659 2902 737; x_wconf 87' lang='lat' dir='ltr'>bonum,</span> <span class='ocrx_word' id='word_1_264' title='bbox 2953 661 3032 729; x_wconf 91' lang='lat' dir='ltr'>et</span> <span class='ocrx_word' id='word_1_265' title='bbox 3067 659 3339 730; x_wconf 87' lang='lat' dir='ltr'>eadem</span> <span class='ocrx_word' id='word_1_266' title='bbox 3380 680 3511 728; x_wconf 86' lang='lat' dir='ltr'>res</span> <span class='ocrx_word' id='word_1_267' title='bbox 3545 657 3689 728; x_wconf 87' lang='lat' dir='ltr'>sub</span> <span class='ocrx_word' id='word_1_268' title='bbox 3722 678 3865 728; x_wconf 87' lang='lat' dir='ltr'>uua</span> 
     </span>
     <span class='ocr_line' id='line_1_52' title="bbox 2334 773 3865 856; baseline 0.001 -11"><span class='ocrx_word' id='word_1_269' title='bbox 2334 775 2679 846; x_wconf 82' lang='lat' dir='ltr'>ratione.</span> <span class='ocrx_word' id='word_1_270' title='bbox 2720 775 2879 846; x_wconf 84' lang='lat' dir='ltr'>Sub</span> <span class='ocrx_word' id='word_1_271' title='bbox 2923 773 3243 847; x_wconf 86' lang='lat' dir='ltr'>ratione</span> <span class='ocrx_word' id='word_1_272' title='bbox 3314 774 3622 856; x_wconf 86' lang='lat' dir='ltr'>scilicet</span> <span class='ocrx_word' id='word_1_273' title='bbox 3688 780 3865 848; x_wconf 89' lang='lat' dir='ltr'>tem-</span> 
     </span>
     <span class='ocr_line' id='line_1_53' title="bbox 2332 890 3865 983; baseline 0.002 -23"><span class='ocrx_word' id='word_1_274' title='bbox 2332 891 2554 983; x_wconf 85' lang='lat' dir='ltr'>poris</span> <span class='ocrx_word' id='word_1_275' title='bbox 2598 895 2720 962; x_wconf 84' lang='lat' dir='ltr'>est</span> <span class='ocrx_word' id='word_1_276' title='bbox 2781 890 3169 982; x_wconf 83' lang='lat' dir='ltr'>suiipsius</span> <span class='ocrx_word' id='word_1_277' title='bbox 3244 912 3660 972; x_wconf 85' lang='lat' dir='ltr'>mensura;</span> <span class='ocrx_word' id='word_1_278' title='bbox 3734 895 3865 964; x_wconf 90' lang='lat' dir='ltr'>sub</span> 
     </span>
     <span class='ocr_line' id='line_1_54' title="bbox 2330 1009 3869 1089; baseline 0.001 -9"><span class='ocrx_word' id='word_1_279' title='bbox 2330 1009 2485 1080; x_wconf 83' lang='lat' dir='ltr'>alia</span> <span class='ocrx_word' id='word_1_280' title='bbox 2538 1011 2882 1088; x_wconf 87' lang='lat' dir='ltr'>ratione,</span> <span class='ocrx_word' id='word_1_281' title='bbox 2931 1009 3273 1089; x_wconf 84' lang='lat' dir='ltr'>scilicet,</span> <span class='ocrx_word' id='word_1_282' title='bbox 3351 1010 3501 1080; x_wconf 87' lang='lat' dir='ltr'>sub</span> <span class='ocrx_word' id='word_1_283' title='bbox 3568 1009 3869 1082; x_wconf 80' lang='lat' dir='ltr'>ratione</span> 
     </span>
     <span class='ocr_line' id='line_1_55' title="bbox 2335 1126 3859 1208; baseline 0 -11"><span class='ocrx_word' id='word_1_284' title='bbox 2335 1130 2627 1208; x_wconf 82' lang='lat' dir='ltr'>motus,</span> <span class='ocrx_word' id='word_1_285' title='bbox 2686 1131 2807 1200; x_wconf 87' lang='lat' dir='ltr'>est</span> <span class='ocrx_word' id='word_1_286' title='bbox 2881 1147 3262 1198; x_wconf 87' lang='lat' dir='ltr'>mensura</span> <span class='ocrx_word' id='word_1_287' title='bbox 3330 1126 3723 1200; x_wconf 87' lang='lat' dir='ltr'>alterius:</span> <span class='ocrx_word' id='word_1_288' title='bbox 3789 1130 3859 1197; x_wconf 86' lang='lat' dir='ltr'>et</span> 
     </span>
     <span class='ocr_line' id='line_1_56' title="bbox 2329 1245 3863 1335; baseline -0.001 -19"><span class='ocrx_word' id='word_1_289' title='bbox 2329 1245 2584 1317; x_wconf 84' lang='lat' dir='ltr'>eidem</span> <span class='ocrx_word' id='word_1_290' title='bbox 2649 1245 2759 1315; x_wconf 84' lang='lat' dir='ltr'>rei</span> <span class='ocrx_word' id='word_1_291' title='bbox 2839 1245 3323 1317; x_wconf 88' lang='lat' dir='ltr'>conveniunt</span> <span class='ocrx_word' id='word_1_292' title='bbox 3395 1245 3666 1335; x_wconf 84' lang='lat' dir='ltr'>aliqua</span> <span class='ocrx_word' id='word_1_293' title='bbox 3733 1245 3863 1314; x_wconf 84' lang='lat' dir='ltr'>sub</span> 
     </span>
     <span class='ocr_line' id='line_1_57' title="bbox 2338 1361 3863 1452; baseline -0.001 -22"><span class='ocrx_word' id='word_1_294' title='bbox 2338 1381 2491 1431; x_wconf 91' lang='lat' dir='ltr'>una</span> <span class='ocrx_word' id='word_1_295' title='bbox 2536 1362 2876 1442; x_wconf 85' lang='lat' dir='ltr'>ratione,</span> <span class='ocrx_word' id='word_1_296' title='bbox 2917 1384 3090 1452; x_wconf 76' lang='lat' dir='ltr'>quae</span> <span class='ocrx_word' id='word_1_297' title='bbox 3150 1362 3371 1432; x_wconf 88' lang='lat' dir='ltr'>nullo</span> <span class='ocrx_word' id='word_1_298' title='bbox 3420 1361 3651 1432; x_wconf 88' lang='lat' dir='ltr'>modo</span> <span class='ocrx_word' id='word_1_299' title='bbox 3693 1380 3863 1431; x_wconf 89' lang='lat' dir='ltr'>eon-</span> 
     </span>
     <span class='ocr_line' id='line_1_58' title="bbox 2334 1477 3869 1551; baseline 0 -5"><span class='ocrx_word' id='word_1_300' title='bbox 2334 1478 2670 1551; x_wconf 85' lang='lat' dir='ltr'>veniunt</span> <span class='ocrx_word' id='word_1_301' title='bbox 2718 1479 2972 1549; x_wconf 86' lang='lat' dir='ltr'>eidem</span> <span class='ocrx_word' id='word_1_302' title='bbox 3036 1478 3147 1550; x_wconf 90' lang='lat' dir='ltr'>rei</span> <span class='ocrx_word' id='word_1_303' title='bbox 3202 1479 3346 1550; x_wconf 88' lang='lat' dir='ltr'>sub</span> <span class='ocrx_word' id='word_1_304' title='bbox 3415 1477 3579 1549; x_wconf 86' lang='lat' dir='ltr'>alia</span> <span class='ocrx_word' id='word_1_305' title='bbox 3644 1478 3869 1547; x_wconf 83' lang='lat' dir='ltr'>ratio·</span> 
     </span>
     <span class='ocr_line' id='line_1_59' title="bbox 2338 1593 3871 1687; baseline -0.001 -23"><span class='ocrx_word' id='word_1_306' title='bbox 2338 1615 2460 1674; x_wconf 89' lang='lat' dir='ltr'>ne,</span> <span class='ocrx_word' id='word_1_307' title='bbox 2539 1593 2748 1668; x_wconf 88' lang='lat' dir='ltr'>sicut</span> <span class='ocrx_word' id='word_1_308' title='bbox 2788 1595 3275 1666; x_wconf 85' lang='lat' dir='ltr'>concludunt</span> <span class='ocrx_word' id='word_1_309' title='bbox 3334 1594 3719 1687; x_wconf 81' lang='lat' dir='ltr'>praedicta</span> <span class='ocrx_word' id='word_1_310' title='bbox 3758 1614 3871 1664; x_wconf 87' lang='lat' dir='ltr'>ar-</span> 
     </span>
     <span class='ocr_line' id='line_1_60' title="bbox 2339 1710 3860 1802; baseline 0 -22"><span class='ocrx_word' id='word_1_311' title='bbox 2339 1716 2755 1800; x_wconf 81' lang='lat' dir='ltr'>gumenta;</span> <span class='ocrx_word' id='word_1_312' title='bbox 2831 1710 2909 1781; x_wconf 88' lang='lat' dir='ltr'>in</span> <span class='ocrx_word' id='word_1_313' title='bbox 2989 1711 3268 1802; x_wconf 85' lang='lat' dir='ltr'>quibus</span> <span class='ocrx_word' id='word_1_314' title='bbox 3337 1710 3860 1790; x_wconf 74' lang='lat' dir='ltr'>concluditur,</span> 
     </span>
     <span class='ocr_line' id='line_1_61' title="bbox 2340 1826 3871 1918; baseline -0.001 -20"><span class='ocrx_word' id='word_1_315' title='bbox 2340 1828 2545 1918; x_wconf 91' lang='lat' dir='ltr'>quod</span> <span class='ocrx_word' id='word_1_316' title='bbox 2589 1826 2888 1918; x_wconf 85' lang='lat' dir='ltr'>aliquid</span> <span class='ocrx_word' id='word_1_317' title='bbox 2938 1827 3235 1900; x_wconf 85' lang='lat' dir='ltr'>dicitur</span> <span class='ocrx_word' id='word_1_318' title='bbox 3265 1828 3357 1898; x_wconf 88' lang='lat' dir='ltr'>de</span> <span class='ocrx_word' id='word_1_319' title='bbox 3396 1830 3645 1908; x_wconf 88' lang='lat' dir='ltr'>motu,</span> <span class='ocrx_word' id='word_1_320' title='bbox 3684 1827 3871 1918; x_wconf 87' lang='lat' dir='ltr'>quod</span> 
     </span>
     <span class='ocr_line' id='line_1_62' title="bbox 2339 1943 3867 2037; baseline -0.001 -22"><span class='ocrx_word' id='word_1_321' title='bbox 2339 1965 2497 2015; x_wconf 91' lang='lat' dir='ltr'>non</span> <span class='ocrx_word' id='word_1_322' title='bbox 2528 1945 2829 2017; x_wconf 90' lang='lat' dir='ltr'>dicitur</span> <span class='ocrx_word' id='word_1_323' title='bbox 2884 1945 2975 2016; x_wconf 85' lang='lat' dir='ltr'>de</span> <span class='ocrx_word' id='word_1_324' title='bbox 3023 1949 3414 2037; x_wconf 88' lang='lat' dir='ltr'>tempore,</span> <span class='ocrx_word' id='word_1_325' title='bbox 3455 1943 3578 2014; x_wconf 83' lang='lat' dir='ltr'>vel</span> <span class='ocrx_word' id='word_1_326' title='bbox 3630 1966 3670 2015; x_wconf 88' lang='lat' dir='ltr'>o</span> <span class='ocrx_word' id='word_1_327' title='bbox 3704 1965 3867 2014; x_wconf 89' lang='lat' dir='ltr'>con-</span> 
     </span>
     <span class='ocr_line' id='line_1_63' title="bbox 2340 2062 3868 2144; baseline -0.004 -8"><span class='ocrx_word' id='word_1_328' title='bbox 2340 2062 2631 2136; x_wconf 87' lang='lat' dir='ltr'>trario.</span> <span class='ocrx_word' id='word_1_329' title='bbox 2670 2063 2889 2144; x_wconf 85' lang='lat' dir='ltr'>Quod</span> <span class='ocrx_word' id='word_1_330' title='bbox 2933 2067 3203 2134; x_wconf 86' lang='lat' dir='ltr'>autem</span> <span class='ocrx_word' id='word_1_331' title='bbox 3243 2065 3512 2133; x_wconf 86' lang='lat' dir='ltr'>motus</span> <span class='ocrx_word' id='word_1_332' title='bbox 3567 2066 3646 2134; x_wconf 91' lang='lat' dir='ltr'>et</span> <span class='ocrx_word' id='word_1_333' title='bbox 3692 2066 3868 2134; x_wconf 91' lang='lat' dir='ltr'>tem-</span> 
     </span>
     <span class='ocr_line' id='line_1_64' title="bbox 2339 2179 3869 2270; baseline 0 -22"><span class='ocrx_word' id='word_1_334' title='bbox 2339 2199 2487 2270; x_wconf 87' lang='lat' dir='ltr'>pus</span> <span class='ocrx_word' id='word_1_335' title='bbox 2545 2180 2740 2250; x_wconf 85' lang='lat' dir='ltr'>duas</span> <span class='ocrx_word' id='word_1_336' title='bbox 2804 2179 3168 2253; x_wconf 88' lang='lat' dir='ltr'>rationes</span> <span class='ocrx_word' id='word_1_337' title='bbox 3237 2180 3655 2251; x_wconf 86' lang='lat' dir='ltr'>absolutas</span> <span class='ocrx_word' id='word_1_338' title='bbox 3724 2198 3869 2250; x_wconf 89' lang='lat' dir='ltr'>non</span> 
     </span>
     <span class='ocr_line' id='line_1_65' title="bbox 2337 2294 3872 2387; baseline -0.001 -20"><span class='ocrx_word' id='word_1_339' title='bbox 2337 2296 2632 2376; x_wconf 84' lang='lat' dir='ltr'>dicant,</span> <span class='ocrx_word' id='word_1_340' title='bbox 2696 2296 2869 2368; x_wconf 88' lang='lat' dir='ltr'>vide</span> <span class='ocrx_word' id='word_1_341' title='bbox 2917 2295 3281 2368; x_wconf 85' lang='lat' dir='ltr'>rationes</span> <span class='ocrx_word' id='word_1_342' title='bbox 3330 2295 3406 2366; x_wconf 91' lang='lat' dir='ltr'>in</span> <span class='ocrx_word' id='word_1_343' title='bbox 3440 2294 3872 2387; x_wconf 80' lang='lat' dir='ltr'>quaestione</span> 
     </span>
     <span class='ocr_line' id='line_1_66' title="bbox 2337 2401 4088 2512; baseline -0.001 -30"><span class='ocrx_word' id='word_1_344' title='bbox 2337 2412 2427 2483; x_wconf 92' lang='lat' dir='ltr'>de</span> <span class='ocrx_word' id='word_1_345' title='bbox 2502 2417 2750 2483; x_wconf 73' lang='lat' dir='ltr'>awo&#39;.</span> <span class='ocrx_word' id='word_1_346' title='bbox 2798 2414 3096 2485; x_wconf 89' lang='lat' dir='ltr'>Tamen</span> <span class='ocrx_word' id='word_1_347' title='bbox 3166 2413 3380 2485; x_wconf 89' lang='lat' dir='ltr'>istud</span> <span class='ocrx_word' id='word_1_348' title='bbox 3452 2401 4088 2512; x_wconf 64' lang='lat' dir='ltr'>probatum·,i,·{s¹·⁸‘¹·</span> 
     </span>
     <span class='ocr_line' id='line_1_67' title="bbox 2337 2530 4107 2638; baseline 0.001 -39"><span class='ocrx_word' id='word_1_349' title='bbox 2337 2534 2459 2601; x_wconf 88' lang='lat' dir='ltr'>ost</span> <span class='ocrx_word' id='word_1_350' title='bbox 2531 2531 2610 2601; x_wconf 92' lang='lat' dir='ltr'>in</span> <span class='ocrx_word' id='word_1_351' title='bbox 2682 2532 3022 2622; x_wconf 85' lang='lat' dir='ltr'>quadam</span> <span class='ocrx_word' id='word_1_352' title='bbox 3094 2531 3669 2622; x_wconf 50' lang='lat' dir='ltr'>quaistione‘†,</span> <span class='ocrx_word' id='word_1_353' title='bbox 3748 2530 4107 2638; x_wconf 50' lang='lat' dir='ltr'>ubifflftnflffi</span> 
     </span>
     <span class='ocr_line' id='line_1_68' title="bbox 2342 2647 4151 2754; baseline -0.001 -38"><span class='ocrx_word' id='word_1_354' title='bbox 2342 2647 2769 2738; x_wconf 78' lang='lat' dir='ltr'>probatum</span> <span class='ocrx_word' id='word_1_355' title='bbox 2805 2652 2928 2719; x_wconf 85' lang='lat' dir='ltr'>est</span> <span class='ocrx_word' id='word_1_356' title='bbox 2964 2647 3169 2737; x_wconf 88' lang='lat' dir='ltr'>quod</span> <span class='ocrx_word' id='word_1_357' title='bbox 3200 2668 3589 2718; x_wconf 85' lang='lat' dir='ltr'>numerus</span> <span class='ocrx_word' id='word_1_358' title='bbox 3623 2669 3871 2718; x_wconf 88' lang='lat' dir='ltr'>essen·</span> <span class='ocrx_word' id='word_1_359' title='bbox 3935 2659 4091 2714; x_wconf 67' lang='lat' dir='ltr'>etseqq·</span> <span class='ocrx_word' id='word_1_360' title='bbox 4140 2715 4151 2754; x_wconf 53' lang='grc'>1</span> 
     </span>
     <span class='ocr_line' id='line_1_69' title="bbox 2341 2757 4151 2864; baseline 0.001 -29"><span class='ocrx_word' id='word_1_361' title='bbox 2341 2763 2564 2835; x_wconf 89' lang='lat' dir='ltr'>tialis</span> <span class='ocrx_word' id='word_1_362' title='bbox 2615 2784 2774 2835; x_wconf 93' lang='lat' dir='ltr'>non</span> <span class='ocrx_word' id='word_1_363' title='bbox 2808 2763 3079 2836; x_wconf 84' lang='lat' dir='ltr'>differt</span> <span class='ocrx_word' id='word_1_364' title='bbox 3121 2784 3167 2835; x_wconf 89' lang='lat' dir='ltr'>a</span> <span class='ocrx_word' id='word_1_365' title='bbox 3200 2765 3681 2837; x_wconf 83' lang='lat' dir='ltr'>numeratis.</span> <span class='ocrx_word' id='word_1_366' title='bbox 3738 2765 3871 2836; x_wconf 82' lang='lat' dir='ltr'>Sed</span> <span class='ocrx_word' id='word_1_367' title='bbox 4140 2757 4151 2864; x_wconf 68' lang='lat' dir='ltr'>i</span> 
     </span>
     <span class='ocr_line' id='line_1_70' title="bbox 2343 2877 4153 2970; baseline -0.001 -19"><span class='ocrx_word' id='word_1_368' title='bbox 2343 2883 2658 2970; x_wconf 86' lang='lat' dir='ltr'>tempus</span> <span class='ocrx_word' id='word_1_369' title='bbox 2728 2882 2848 2950; x_wconf 87' lang='lat' dir='ltr'>est</span> <span class='ocrx_word' id='word_1_370' title='bbox 2899 2878 3456 2951; x_wconf 80' lang='lat' dir='ltr'>essentialiter</span> <span class='ocrx_word' id='word_1_371' title='bbox 3505 2900 3871 2951; x_wconf 87' lang='lat' dir='ltr'>mensura</span> <span class='ocrx_word' id='word_1_372' title='bbox 4142 2877 4153 2958; x_wconf 73' lang='grc' dir='ltr'>ξ</span> 
     </span>
     <span class='ocr_line' id='line_1_71' title="bbox 2347 2981 4155 3102; baseline 0 -36"><span class='ocrx_word' id='word_1_373' title='bbox 2347 2996 2648 3088; x_wconf 84' lang='lat' dir='ltr'>prioris</span> <span class='ocrx_word' id='word_1_374' title='bbox 2681 2999 2757 3066; x_wconf 88' lang='lat' dir='ltr'>ot</span> <span class='ocrx_word' id='word_1_375' title='bbox 2805 2995 3291 3087; x_wconf 86' lang='lat' dir='ltr'>posterioris</span> <span class='ocrx_word' id='word_1_376' title='bbox 3336 3016 3494 3066; x_wconf 90' lang='lat' dir='ltr'>non</span> <span class='ocrx_word' id='word_1_377' title='bbox 3568 3017 3871 3068; x_wconf 88' lang='lat' dir='ltr'>manen·</span> <span class='ocrx_word' id='word_1_378' title='bbox 4140 2981 4155 3102; x_wconf 51' lang='grc' dir='ltr'>’ἱ</span> 
     </span>
     <span class='ocr_line' id='line_1_72' title="bbox 2342 3105 4157 3205; baseline 0.001 -22"><span class='ocrx_word' id='word_1_379' title='bbox 2342 3110 2488 3190; x_wconf 88' lang='lat' dir='ltr'>tis;</span> <span class='ocrx_word' id='word_1_380' title='bbox 2540 3111 2695 3182; x_wconf 83' lang='lat' dir='ltr'>ista</span> <span class='ocrx_word' id='word_1_381' title='bbox 2752 3115 2936 3182; x_wconf 88' lang='lat' dir='ltr'>sunt</span> <span class='ocrx_word' id='word_1_382' title='bbox 2980 3111 3538 3185; x_wconf 70' lang='lat' dir='ltr'>essentialiter</span> <span class='ocrx_word' id='word_1_383' title='bbox 3574 3114 3652 3184; x_wconf 89' lang='lat' dir='ltr'>in</span> <span class='ocrx_word' id='word_1_384' title='bbox 3695 3135 3875 3205; x_wconf 89' lang='lat' dir='ltr'>quo·</span> <span class='ocrx_word' id='word_1_385' title='bbox 4146 3105 4157 3164; x_wconf 82' lang='lat' dir='ltr'>l</span> 
     </span>
     <span class='ocr_line' id='line_1_73' title="bbox 2343 3202 4157 3319; baseline -0.001 -20"><span class='ocrx_word' id='word_1_386' title='bbox 2343 3228 2532 3302; x_wconf 84' lang='lat' dir='ltr'>libet</span> <span class='ocrx_word' id='word_1_387' title='bbox 2578 3233 2799 3302; x_wconf 86' lang='lat' dir='ltr'>motu</span> <span class='ocrx_word' id='word_1_388' title='bbox 2840 3257 2851 3299; x_wconf 93' lang='lat'>:</span> <span class='ocrx_word' id='word_1_389' title='bbox 2903 3250 3130 3319; x_wconf 86' lang='lat' dir='ltr'>ergo,</span> <span class='ocrx_word' id='word_1_390' title='bbox 3178 3235 3328 3302; x_wconf 85' lang='lat' dir='ltr'>etc.</span> <span class='ocrx_word' id='word_1_391' title='bbox 4144 3202 4157 3317; x_wconf 57' lang='grc' dir='ltr'><strong>ξ</strong></span> 
     </span>
     <span class='ocr_line' id='line_1_74' title="bbox 2436 3347 4157 3457; baseline -0.001 -40"><span class='ocrx_word' id='word_1_392' title='bbox 2436 3350 2663 3425; x_wconf 87' lang='lat' dir='ltr'>Item,</span> <span class='ocrx_word' id='word_1_393' title='bbox 2713 3350 3127 3418; x_wconf 84' lang='lat' dir='ltr'>ostensum</span> <span class='ocrx_word' id='word_1_394' title='bbox 3198 3352 3321 3420; x_wconf 81' lang='lat' dir='ltr'>est</span> <span class='ocrx_word' id='word_1_395' title='bbox 3378 3348 3455 3418; x_wconf 91' lang='lat' dir='ltr'>in</span> <span class='ocrx_word' id='word_1_396' title='bbox 3516 3347 3875 3437; x_wconf 71' lang='lat' dir='ltr'>quoestio-</span> <span class='ocrx_word' id='word_1_397' title='bbox 3997 3413 4021 3457; x_wconf 67' lang='lat'>5</span> <span class='ocrx_word' id='word_1_398' title='bbox 4146 3368 4157 3407; x_wconf 70' lang='grc' dir='ltr'>ι</span> 
     </span>
     <span class='ocr_line' id='line_1_75' title="bbox 2345 3444 4157 3552; baseline -0.008 -20"><span class='ocrx_word' id='word_1_399' title='bbox 2345 3482 2446 3532; x_wconf 88' lang='lat' dir='ltr'>ne</span> <span class='ocrx_word' id='word_1_400' title='bbox 2505 3461 2986 3552; x_wconf 69' lang='lat' dir='ltr'>praecedenti</span> <span class='ocrx_word' id='word_1_401' title='bbox 3022 3466 3066 3542; x_wconf 81' lang='lat'>‘,</span> <span class='ocrx_word' id='word_1_402' title='bbox 3107 3462 3311 3552; x_wconf 89' lang='lat' dir='ltr'>quod</span> <span class='ocrx_word' id='word_1_403' title='bbox 3351 3462 3506 3533; x_wconf 93' lang='lat' dir='ltr'>duo</span> <span class='ocrx_word' id='word_1_404' title='bbox 3540 3461 3914 3533; x_wconf 86' lang='lat' dir='ltr'>acciden-·</span> <span class='ocrx_word' id='word_1_405' title='bbox 3946 3449 4055 3525; x_wconf 78' lang='lat' dir='ltr'>nuni.</span> <span class='ocrx_word' id='word_1_406' title='bbox 4081 3474 4113 3519; x_wconf 67' lang='lat' dir='ltr'>s.</span> <span class='ocrx_word' id='word_1_407' title='bbox 4146 3444 4157 3485; x_wconf 82' lang='lat'><strong>¹</strong></span> 
     </span>
     <span class='ocr_line' id='line_1_76' title="bbox 2341 3546 4159 3668; baseline 0 -21"><span class='ocrx_word' id='word_1_408' title='bbox 2341 3576 2458 3647; x_wconf 87' lang='lat' dir='ltr'>tia</span> <span class='ocrx_word' id='word_1_409' title='bbox 2499 3576 2854 3667; x_wconf 85' lang='lat' dir='ltr'>ejusdem</span> <span class='ocrx_word' id='word_1_410' title='bbox 2891 3577 3188 3668; x_wconf 86' lang='lat' dir='ltr'>speciei</span> <span class='ocrx_word' id='word_1_411' title='bbox 3227 3576 3464 3648; x_wconf 86' lang='lat' dir='ltr'>simul</span> <span class='ocrx_word' id='word_1_412' title='bbox 3519 3598 3693 3648; x_wconf 87' lang='lat' dir='ltr'>esse</span> <span class='ocrx_word' id='word_1_413' title='bbox 3729 3596 3877 3648; x_wconf 90' lang='lat' dir='ltr'>non</span> <span class='ocrx_word' id='word_1_414' title='bbox 3945 3546 4102 3598; x_wconf 61' lang='lat' dir='ltr'>asum.</span> <span class='ocrx_word' id='word_1_415' title='bbox 4148 3596 4159 3647; x_wconf 72' lang='lat' dir='ltr'>i</span> 
     </span>
     <span class='ocr_line' id='line_1_77' title="bbox 2349 3692 3872 3784; baseline -0.001 -21"><span class='ocrx_word' id='word_1_416' title='bbox 2349 3696 2727 3784; x_wconf 88' lang='lat' dir='ltr'>possunt;</span> <span class='ocrx_word' id='word_1_417' title='bbox 2765 3692 3185 3782; x_wconf 81' lang='lat' dir='ltr'>longitudo</span> <span class='ocrx_word' id='word_1_418' title='bbox 3220 3695 3520 3773; x_wconf 87' lang='lat' dir='ltr'>autem,</span> <span class='ocrx_word' id='word_1_419' title='bbox 3561 3694 3723 3765; x_wconf 75' lang='lat' dir='ltr'>sive</span> <span class='ocrx_word' id='word_1_420' title='bbox 3778 3692 3872 3763; x_wconf 90' lang='lat' dir='ltr'>di-</span> 
     </span>
     <span class='ocr_line' id='line_1_78' title="bbox 2344 3807 3879 3901; baseline -0.001 -22"><span class='ocrx_word' id='word_1_421' title='bbox 2344 3809 2807 3881; x_wconf 86' lang='lat' dir='ltr'>numeratio</span> <span class='ocrx_word' id='word_1_422' title='bbox 2853 3813 3147 3888; x_wconf 87' lang='lat' dir='ltr'>motus,</span> <span class='ocrx_word' id='word_1_423' title='bbox 3194 3812 3271 3879; x_wconf 92' lang='lat' dir='ltr'>et</span> <span class='ocrx_word' id='word_1_424' title='bbox 3316 3810 3735 3901; x_wconf 88' lang='lat' dir='ltr'>temporis,</span> <span class='ocrx_word' id='word_1_425' title='bbox 3790 3807 3879 3878; x_wconf 91' lang='lat' dir='ltr'>si-</span> 
     </span>
     <span class='ocr_line' id='line_1_79' title="bbox 2348 3926 3881 4016; baseline -0.001 -19"><span class='ocrx_word' id='word_1_426' title='bbox 2348 3926 2512 3997; x_wconf 89' lang='lat' dir='ltr'>mul</span> <span class='ocrx_word' id='word_1_427' title='bbox 2592 3927 2803 4006; x_wconf 87' lang='lat' dir='ltr'>sunt,</span> <span class='ocrx_word' id='word_1_428' title='bbox 2885 3930 2963 3997; x_wconf 89' lang='lat' dir='ltr'>et</span> <span class='ocrx_word' id='word_1_429' title='bbox 3044 3930 3369 3998; x_wconf 85' lang='lat' dir='ltr'>constat</span> <span class='ocrx_word' id='word_1_430' title='bbox 3441 3926 3643 4016; x_wconf 91' lang='lat' dir='ltr'>quod</span> <span class='ocrx_word' id='word_1_431' title='bbox 3710 3929 3881 3996; x_wconf 90' lang='lat' dir='ltr'>sunt</span> 
     </span>
     <span class='ocr_line' id='line_1_80' title="bbox 2345 4042 3879 4134; baseline -0.001 -20"><span class='ocrx_word' id='word_1_432' title='bbox 2345 4044 2702 4132; x_wconf 84' lang='lat' dir='ltr'>ejusdem</span> <span class='ocrx_word' id='word_1_433' title='bbox 2750 4042 3068 4134; x_wconf 89' lang='lat' dir='ltr'>speciei,</span> <span class='ocrx_word' id='word_1_434' title='bbox 3147 4064 3330 4115; x_wconf 86' lang='lat' dir='ltr'>oum</span> <span class='ocrx_word' id='word_1_435' title='bbox 3381 4043 3699 4116; x_wconf 85' lang='lat' dir='ltr'>duratio</span> <span class='ocrx_word' id='word_1_436' title='bbox 3762 4064 3879 4115; x_wconf 87' lang='lat' dir='ltr'>cu-</span> 
     </span>
     <span class='ocr_line' id='line_1_81' title="bbox 2339 4158 3877 4252; baseline -0.001 -23"><span class='ocrx_word' id='word_1_437' title='bbox 2339 4159 2674 4251; x_wconf 79' lang='lat' dir='ltr'>juslibet</span> <span class='ocrx_word' id='word_1_438' title='bbox 2737 4160 2843 4232; x_wconf 91' lang='lat' dir='ltr'>sit</span> <span class='ocrx_word' id='word_1_439' title='bbox 2888 4160 3325 4231; x_wconf 85' lang='lat' dir='ltr'>secundum</span> <span class='ocrx_word' id='word_1_440' title='bbox 3389 4162 3591 4250; x_wconf 90' lang='lat' dir='ltr'>quod</span> <span class='ocrx_word' id='word_1_441' title='bbox 3638 4158 3877 4252; x_wconf 84' lang='lat' dir='ltr'>priori</span> 
     </span>
     <span class='ocr_line' id='line_1_82' title="bbox 2348 4276 3871 4369; baseline -0.001 -22"><span class='ocrx_word' id='word_1_442' title='bbox 2348 4278 2698 4349; x_wconf 76' lang='lat' dir='ltr'>succedit</span> <span class='ocrx_word' id='word_1_443' title='bbox 2756 4276 3167 4369; x_wconf 86' lang='lat' dir='ltr'>posterius</span> <span class='ocrx_word' id='word_1_444' title='bbox 3232 4298 3374 4368; x_wconf 87' lang='lat' dir='ltr'>per</span> <span class='ocrx_word' id='word_1_445' title='bbox 3432 4276 3871 4368; x_wconf 86' lang='lat' dir='ltr'>corruptio·</span> 
     </span>
     <span class='ocr_line' id='line_1_83' title="bbox 2349 4391 3879 4485; baseline -0.003 -21"><span class='ocrx_word' id='word_1_446' title='bbox 2349 4414 2530 4464; x_wconf 89' lang='lat' dir='ltr'>nem</span> <span class='ocrx_word' id='word_1_447' title='bbox 2568 4392 2898 4485; x_wconf 86' lang='lat' dir='ltr'>prioris,</span> <span class='ocrx_word' id='word_1_448' title='bbox 2927 4398 3006 4463; x_wconf 90' lang='lat' dir='ltr'>et</span> <span class='ocrx_word' id='word_1_449' title='bbox 3043 4391 3531 4483; x_wconf 85' lang='lat' dir='ltr'>posterioris</span> <span class='ocrx_word' id='word_1_450' title='bbox 3576 4409 3879 4479; x_wconf 80' lang='lat' dir='ltr'>genera-</span> 
     </span>
     <span class='ocr_line' id='line_1_84' title="bbox 2350 4509 2682 4580; baseline -0.009 0"><span class='ocrx_word' id='word_1_451' title='bbox 2350 4509 2682 4580; x_wconf 87' lang='lat' dir='ltr'>tionem.</span> 
     </span>
     <span class='ocr_line' id='line_1_85' title="bbox 2444 4616 3878 4695; baseline -0.004 0"><span class='ocrx_word' id='word_1_452' title='bbox 2444 4624 2735 4695; x_wconf 75' lang='lat' dir='ltr'>Eodem</span> <span class='ocrx_word' id='word_1_453' title='bbox 2829 4624 3061 4694; x_wconf 89' lang='lat' dir='ltr'>modo</span> <span class='ocrx_word' id='word_1_454' title='bbox 3133 4616 3341 4695; x_wconf 71' lang='lat' dir='ltr'>sieut</span> <span class='ocrx_word' id='word_1_455' title='bbox 3401 4623 3491 4694; x_wconf 89' lang='lat' dir='ltr'>de</span> <span class='ocrx_word' id='word_1_456' title='bbox 3562 4641 3878 4694; x_wconf 87' lang='lat' dir='ltr'>numero</span> 
     </span>
     <span class='ocr_line' id='line_1_86' title="bbox 2356 4739 3880 4830; baseline -0.001 -23"><span class='ocrx_word' id='word_1_457' title='bbox 2356 4740 2677 4811; x_wconf 86' lang='lat' dir='ltr'>videtur</span> <span class='ocrx_word' id='word_1_458' title='bbox 2747 4739 3181 4830; x_wconf 78' lang='lat' dir='ltr'>aliquibus,</span> <span class='ocrx_word' id='word_1_459' title='bbox 3290 4740 3494 4830; x_wconf 89' lang='lat' dir='ltr'>quod</span> <span class='ocrx_word' id='word_1_460' title='bbox 3589 4743 3880 4830; x_wconf 88' lang='lat' dir='ltr'>tempus</span> 
     </span>
     <span class='ocr_line' id='line_1_87' title="bbox 2353 4856 3877 4929; baseline -0.003 -2"><span class='ocrx_word' id='word_1_461' title='bbox 2353 4876 2535 4927; x_wconf 87' lang='lat' dir='ltr'>cum</span> <span class='ocrx_word' id='word_1_462' title='bbox 2571 4856 2678 4926; x_wconf 79' lang='lat' dir='ltr'>sit</span> <span class='ocrx_word' id='word_1_463' title='bbox 2722 4874 3107 4926; x_wconf 81' lang='lat' dir='ltr'>numerus</span> <span class='ocrx_word' id='word_1_464' title='bbox 3149 4860 3228 4929; x_wconf 88' lang='lat' dir='ltr'>et</span> <span class='ocrx_word' id='word_1_465' title='bbox 3297 4875 3680 4927; x_wconf 82' lang='lat' dir='ltr'>mensura</span> <span class='ocrx_word' id='word_1_466' title='bbox 3739 4876 3877 4925; x_wconf 81' lang='lat' dir='ltr'>ino-</span> 
     </span>
     <span class='ocr_line' id='line_1_88' title="bbox 2356 4971 3874 5063; baseline -0.005 -19"><span class='ocrx_word' id='word_1_467' title='bbox 2356 4978 2509 5051; x_wconf 87' lang='lat' dir='ltr'>tus,</span> <span class='ocrx_word' id='word_1_468' title='bbox 2576 4973 2689 5043; x_wconf 90' lang='lat' dir='ltr'>ita</span> <span class='ocrx_word' id='word_1_469' title='bbox 2759 4971 3043 5044; x_wconf 85' lang='lat' dir='ltr'>intime</span> <span class='ocrx_word' id='word_1_470' title='bbox 3085 4975 3161 5042; x_wconf 89' lang='lat' dir='ltr'>et</span> <span class='ocrx_word' id='word_1_471' title='bbox 3236 4971 3874 5063; x_wconf 82' lang='lat' dir='ltr'>inseparabiliter</span> 
     </span>
     <span class='ocr_line' id='line_1_89' title="bbox 2354 5086 3869 5159; baseline 0.001 -6"><span class='ocrx_word' id='word_1_472' title='bbox 2354 5107 2436 5153; x_wconf 82' lang='lat' dir='ltr'>sc</span> <span class='ocrx_word' id='word_1_473' title='bbox 2480 5086 2774 5155; x_wconf 78' lang='lat' dir='ltr'>liabens</span> <span class='ocrx_word' id='word_1_474' title='bbox 2819 5087 2909 5156; x_wconf 89' lang='lat' dir='ltr'>ad</span> <span class='ocrx_word' id='word_1_475' title='bbox 2977 5090 3283 5158; x_wconf 89' lang='lat' dir='ltr'>motum</span> <span class='ocrx_word' id='word_1_476' title='bbox 3355 5087 3566 5159; x_wconf 84' lang='lat' dir='ltr'>sicut</span> <span class='ocrx_word' id='word_1_477' title='bbox 3625 5104 3869 5156; x_wconf 89' lang='lat' dir='ltr'>nume-</span> 
     </span>
     <span class='ocr_line' id='line_1_90' title="bbox 2360 5201 3872 5283; baseline -0.003 -12"><span class='ocrx_word' id='word_1_478' title='bbox 2360 5224 2495 5273; x_wconf 83' lang='lat' dir='ltr'>rus</span> <span class='ocrx_word' id='word_1_479' title='bbox 2531 5203 2623 5273; x_wconf 88' lang='lat' dir='ltr'>ad</span> <span class='ocrx_word' id='word_1_480' title='bbox 2670 5207 3124 5283; x_wconf 85' lang='lat' dir='ltr'>numerata,</span> <span class='ocrx_word' id='word_1_481' title='bbox 3172 5222 3331 5273; x_wconf 88' lang='lat' dir='ltr'>non</span> <span class='ocrx_word' id='word_1_482' title='bbox 3392 5201 3587 5273; x_wconf 87' lang='lat' dir='ltr'>dicit</span> <span class='ocrx_word' id='word_1_483' title='bbox 3653 5201 3872 5271; x_wconf 81' lang='lat' dir='ltr'>aliani</span> 
     </span>
     <span class='ocr_line' id='line_1_91' title="bbox 2360 5314 3873 5409; baseline -0.005 -20"><span class='ocrx_word' id='word_1_484' title='bbox 2360 5340 2527 5389; x_wconf 84' lang='lat' dir='ltr'>rein</span> <span class='ocrx_word' id='word_1_485' title='bbox 2600 5319 3057 5389; x_wconf 80' lang='lat' dir='ltr'>absolutam</span> <span class='ocrx_word' id='word_1_486' title='bbox 3104 5339 3149 5389; x_wconf 90' lang='lat' dir='ltr'>a</span> <span class='ocrx_word' id='word_1_487' title='bbox 3213 5323 3460 5396; x_wconf 86' lang='lat' dir='ltr'>motu,</span> <span class='ocrx_word' id='word_1_488' title='bbox 3530 5314 3873 5409; x_wconf 71' lang='lat' dir='ltr'>quamvis</span> 
     </span>
     <span class='ocr_line' id='line_1_92' title="bbox 2353 5434 4166 5509; baseline -0.003 -5"><span class='ocrx_word' id='word_1_489' title='bbox 2353 5436 2568 5509; x_wconf 83' lang='lat' dir='ltr'>dicat</span> <span class='ocrx_word' id='word_1_490' title='bbox 2602 5437 2848 5507; x_wconf 82' lang='lat' dir='ltr'>aliam</span> <span class='ocrx_word' id='word_1_491' title='bbox 2896 5434 3325 5505; x_wconf 84' lang='lat' dir='ltr'>rationein.</span> <span class='ocrx_word' id='word_1_492' title='bbox 4160 5442 4166 5499; x_wconf 79' lang='lat' dir='ltr'>l</span> 
     </span>
     <span class='ocr_line' id='line_1_93' title="bbox 2449 5546 3871 5624; baseline -0.006 0"><span class='ocrx_word' id='word_1_493' title='bbox 2449 5556 2541 5624; x_wconf 62' lang='lat' dir='ltr'>lit</span> <span class='ocrx_word' id='word_1_494' title='bbox 2616 5553 2763 5622; x_wconf 81' lang='lat' dir='ltr'>ista</span> <span class='ocrx_word' id='word_1_495' title='bbox 2834 5550 3154 5620; x_wconf 73' lang='lat' dir='ltr'>videtur</span> <span class='ocrx_word' id='word_1_496' title='bbox 3240 5570 3415 5619; x_wconf 79' lang='lat' dir='ltr'>esse</span> <span class='ocrx_word' id='word_1_497' title='bbox 3492 5546 3871 5619; x_wconf 80' lang='lat' dir='ltr'>sententia</span> 
     </span>
    </p>
   </div>
   <div class='ocr_carea' id='block_1_9' title="bbox 4162 4943 4166 5952">
    <p class='ocr_par' dir='ltr' id='par_1_14' title="bbox 4162 4943 4166 5952">
     <span class='ocr_line' id='line_1_94' title="bbox 4162 4943 4166 5952; baseline 0 0"><span class='ocrx_word' id='word_1_498' title='bbox 4162 4943 4166 5952; x_wconf 95' lang='lat' dir='ltr'> </span> 
     </span>
    </p>
   </div>
  </div>
 </body>
</html>
