4252 6393
1698 370 2060 444 QUAEsTlo
2108 371 2217 431 XX

340 525 680 614 quentia,
740 526 931 618 quia
987 529 1422 601 secundum
1476 529 1682 620 quod
1728 528 1886 601 ista.

343 649 729 722 inferiora
783 658 1061 724 essent
1106 653 1393 743 magis,
1440 654 1565 725 vel
1620 653 1886 725 minus

341 775 520 847 bene.
549 777 982 871 disposita,
1028 785 1109 852 et
1151 781 1250 850 ab
1294 779 1491 872 ipsis
1534 780 1888 851 elevare-

345 909 468 976 tur
522 904 974 987 exhalatio,
1037 907 1472 979 secundum
1518 906 1672 983 hoc
1728 929 1889 979 ma-

346 1028 456 1118 gis
504 1029 633 1100 vel
708 1032 976 1103 minus
1028 1032 1371 1107 claritas
1437 1035 1597 1108 ista
1660 1034 1889 1106 debet

346 1177 512 1229 esse
567 1156 918 1238 intensa,
991 1159 1118 1231 vel
1182 1160 1553 1241 remissa,
1621 1159 1892 1252 major

348 1284 458 1356 vel
506 1283 806 1358 minor.

424 1410 734 1490 Tertio,
790 1408 1163 1501 sequitur
1222 1410 1429 1501 quod
1484 1430 1644 1484 non
1694 1430 1893 1482 sem-

354 1560 482 1630 per
504 1557 717 1631 appa
732 1541 855 1611 ret
879 1535 1215 1610 Galaxia
1244 1537 1389 1608 sub
1413 1536 1691 1610 iisdem
1717 1539 1899 1611 stel-

352 1663 439 1734 lis
463 1663 674 1735 eueli.
703 1669 1222 1754 Consequens
1254 1667 1379 1737 est
1429 1667 1722 1737 contra
1766 1685 1896 1737 cx·

354 1790 857 1883 perientiam.
925 1788 1334 1863 Probatur
1407 1810 1897 1883 consequen·

355 1918 480 2001 tia,
527 1915 723 2010 quia
763 1937 949 1987 cum
1001 1915 1352 1989 elevatio
1409 1914 1548 1988 illa
1582 1916 1899 1990 elevata.

354 2045 449 2119 sit
490 2044 714 2117 infra
813 2042 1091 2114 orbem
1151 2043 1424 2123 Lunze,
1508 2048 1892 2116 causaret

354 2182 728 2253 magnam
787 2159 1349 2232 diversitatem
1402 2164 1806 2253 aspectus.

433 2279 751 2359 Quarto
794 2273 1165 2364 sequitur
1206 2272 1411 2363 quod
1450 2272 1528 2344 in
1561 2273 1903 2346 Zodiaco

351 2393 570 2467 debet
634 2411 1039 2486 apparere
1088 2389 1454 2470 Galaxia,
1510 2390 1719 2481 quod
1778 2393 1903 2463 est

354 2517 643 2584 contra
758 2508 1375 2601 experientiam.
1497 2507 1908 2581 Probatur

351 2628 956 2720 consequentia,
1002 2625 1190 2718 quia
1224 2625 1303 2698 in
1345 2626 1686 2699 Zodiaco
1720 2632 1907 2702 sunt

362 2747 638 2839 plures
700 2745 984 2824 stellze,
1032 2764 1208 2835 quae
1254 2741 1432 2835 plus
1492 2742 1907 2816 sufficiunt

352 2864 701 2941 elevare,
740 2881 981 2952 quam
1035 2859 1291 2931 stella}
1356 2857 1575 2931 illius
1616 2858 1902 2952 partiS,

358 2980 429 3051 in
489 2998 651 3070 qua
702 2980 1050 3071 apparet
1082 2975 1450 3048 Galaxia.

441 3096 592 3168 Sed
638 3094 1072 3187 respondet
1096 3090 1584 3166 Aristoteles
1616 3109 1908 3180 negan-

354 3211 449 3285 ‹lo
524 3209 1224 3303 consequentiam,
1290 3209 1479 3300 quia
1539 3206 1909 3300 quamvis

354 3329 616 3402 stellae
643 3328 723 3400 in
746 3326 1090 3399 Zodiaco
1121 3326 1301 3418 plus
1327 3323 1738 3397 sufficiant
1760 3324 1910 3395 cle-

352 3466 584 3525 vare,
623 3445 738 3518 sic
771 3443 1021 3519 etiam
1066 3443 1246 3537 plus
1280 3441 1695 3515 sufficiunt
1727 3461 1911 3513 con-

354 3583 708 3635 sumere.

445 3680 597 3752 Sed
668 3683 964 3751 contra
1025 3677 1178 3751 hoc
1251 3675 1660 3770 objicitur,
1725 3672 1915 3767 quia

358 3799 553 3868 tune
588 3796 964 3887 sequitur
996 3793 1202 3887 qnod
1242 3791 1465 3864 nulla
1509 3793 1743 3883 parte
1777 3791 1913 3861 Zo-

357 3913 572 3985 diaci
603 3913 833 3986 debet
876 3930 1276 4004 apparere
1318 3907 1692 3981 Galaxia:
1731 3926 1915 3980 con-

363 4050 708 4123 sequens
740 4032 1036 4103 contra
1075 4025 1692 4121 experientiam,
1728 4023 1917 4117 quia

365 4145 445 4217 in
487 4145 851 4221 Geminis
874 4149 956 4220 et
989 4143 1444 4235 Sagittario
1473 4143 1917 4215 intersecat

364 4263 828 4336 Zodiacum.
867 4264 1102 4335 Patet
1147 4259 1402 4352 igitur
1432 4279 1531 4331 ex
1576 4256 1758 4331 istis
1796 4276 1918 4327 ra-

363 4378 752 4461 tionibus,
787 4398 948 4449 una
989 4396 1173 4450 cum
1216 4375 1402 4448 aliis
1441 4379 1628 4448 ante
1674 4393 1920 4466 oppo-

365 4496 645 4577 situm,
683 4495 894 4588 quod
933 4494 1271 4568 Galaxia
1302 4513 1463 4565 non
1515 4492 1623 4567 sit
1658 4491 1750 4563 de
1789 4510 1921 4561 na-

367 4616 568 4686 tura.
603 4611 808 4686 coeli.

888 4933 1324 4992 ARTICULUS
1354 4934 1421 4989 11.

382 5127 592 5186 Verus
604 5126 962 5199 modusque
974 5126 1244 5199 apparet
1266 5119 1576 5193 Galaoeia,
1599 5082 1925 5181 statuitur.

194 5344 235 5393 τ,
474 5314 885 5393 Quantum
927 5308 1023 5379 ad
1044 5307 1478 5378 secundum
1521 5303 1935 5396 praeinitto

110 5404 364 5535 55:30?
390 5433 571 5504 tres
610 5423 1229 5519 suppositiones».

99 5541 208 5580 Γῆν.

486 5542 765 5617 Prima
807 5543 957 5619 est,
1009 5536 1213 5630 quod
1263 5537 1549 5611 coelum
1583 5540 1708 5609 est
1757 5557 1941 5608 cor-

3465 371 3545 431 99

2009 549 2156 620 pus
2190 527 2732 621 perspicuum,
2761 533 2842 602 et
2878 533 3439 620 transparens,
3470 533 3559 603 ut

2002 665 2095 737 pa
2111 649 2227 718 tet
2259 647 2352 717 ad
2384 645 3000 738 experientiam.

2092 763 2451 834 Secunda
2479 762 2937 856 suppositio
2960 769 3083 838 est
3110 764 3319 855 quod
3339 786 3552 857 pers·
3575 776 3909 902 &agere-:3

2004 876 2355 969 picuitas
2397 877 2577 951 coeli
2617 884 2748 951 est
2789 879 3216 953 difformis.
3258 881 3552 953 Proba·
3599 899 3879 965 amm-msa.

2004 998 2165 1075 tur,
2214 994 2402 1085 quia
2440 994 2506 1066 si
2553 996 3096 1088 perspicuitas
3128 997 3307 1072 coeli
3339 1002 3557 1072 esset

2004 1110 2464 1192 uniformis,
2505 1118 2989 1203 sequeretur
3031 1116 3236 1206 quod
3282 1120 3558 1207 partes

2004 1228 2210 1309 coeli,
2273 1248 2321 1300 a
2385 1227 2670 1319 quibus
2748 1231 3281 1305 reflectuntur
3355 1231 3558 1304 radii

2008 1343 2224 1416 Solis
2244 1364 2406 1417 non
2435 1345 2698 1418 solum
2726 1347 3238 1421 reflecterent
3267 1347 3555 1428 lucem,

2008 1459 2142 1531 sed
2172 1459 2422 1533 etiam
2454 1458 2830 1551 figuram.
2879 1468 3394 1553 Consequens
3435 1466 3562 1534 est

2007 1579 2303 1649 contra
2370 1577 2990 1669 experientiam,
3082 1598 3270 1650 nam
3335 1580 3562 1650 Luna

2013 1693 2358 1768 reflectit
2411 1694 2678 1767 lumen
2733 1694 2968 1776 Solis,
3015 1699 3094 1768 et
3154 1716 3314 1768 non
3367 1697 3562 1786 figu-

2013 1829 2190 1881 ram
2246 1810 2525 1902 ipsius;
2563 1816 2643 1883 et
2693 1831 2851 1883 non
2903 1816 3028 1884 est
3074 1832 3348 1893 causa,
3402 1813 3562 1888 nisi

2010 1927 2502 2000 difformitas
2541 1929 3153 2022 perspicuitatis
3191 1929 3270 2001 in
3315 1932 3564 2024 parti-

2012 2045 2161 2119 bus
2178 2051 2444 2128 Lumo,
2474 2067 2659 2118 nam
2681 2047 2871 2121 talis
2893 2045 3409 2132 difformitaS,
3436 2049 3564 2120 vel

2013 2163 2458 2256 disparitas
2481 2166 2605 2234 est
2633 2161 3041 2234 sufficiens
3074 2183 3347 2247 causa,
3378 2185 3564 2256 qua-

2019 2297 2106 2348 re
2130 2276 2230 2348 ab
2250 2277 2525 2369 aliquo
2550 2297 2903 2370 corpore
2931 2279 3404 2353 reflectatur
3428 2279 3568 2351 lux

2016 2395 2143 2466 vel
2185 2394 2443 2476 color,
2489 2399 2570 2468 et
2619 2416 2779 2467 non
2821 2397 3112 2487 figura.
3160 2397 3572 2472 Probatur

2018 2511 2623 2602 consequentia,
2689 2511 2877 2604 quia
2940 2513 3302 2585 videmus
3365 2515 3571 2606 quod

2018 2648 2377 2720 corpora
2404 2628 2846 2701 uniformia
2875 2629 3330 2723 perspicua,
3363 2630 3574 2704 sicut

2019 2750 2145 2819 est
2213 2764 2422 2837 aqua
2494 2746 2914 2840 profunda,
2993 2748 3420 2823 reflectunt
3478 2749 3575 2823 ad

2023 2863 2350 2934 modum
2402 2864 2708 2955 speculi
2771 2883 2933 2935 non
2997 2865 3228 2937 modo
3281 2865 3570 2952 lucem,

2019 2977 2148 3049 vel
2181 2979 2568 3061 colorem,
2616 2979 2749 3051 sed
2790 2981 3151 3055 cumhoc
3194 2984 3571 3074 figura-m,

2025 3098 2111 3166 ut
2150 3098 2372 3186 patet
2414 3095 2507 3166 ad
2539 3096 3158 3188 experientiam.

2119 3212 2399 3285 Tertia
2475 3213 2933 3305 suppositio
3004 3220 3155 3295 est,
3229 3216 3436 3307 quod
3497 3216 3579 3289 in

2024 3327 2397 3420 partibus
2445 3328 2650 3410 coeli,
2712 3330 2843 3402 ubi
2884 3335 3010 3405 est
3059 3332 3330 3405 minor
3365 3354 3580 3426 pers-

2029 3443 2401 3536 picuitaS‚
2435 3448 2560 3516 est
2613 3446 2881 3517 minor
2918 3446 3286 3531 claritaS,
3329 3452 3410 3521 et
3451 3448 3582 3521 ubi

2024 3563 2151 3633 est
2173 3560 2443 3652 major
2461 3560 2905 3653 spissitudo
2940 3567 3285 3656 apparet
3312 3564 3581 3656 major

2026 3676 2394 3751 claritas.
2464 3677 2898 3760 Probatur,
2972 3679 3160 3771 quia
3216 3680 3581 3753 videmus

2032 3792 2110 3864 in
2133 3793 2554 3865 alabastro
2580 3795 2786 3885 quod
2809 3800 3087 3887 partes
3114 3816 3350 3879 rarae,
3382 3818 3581 3889 quas

2031 3913 2617 4002 pertranseunt
2656 3910 2857 3983 radii
2894 3911 3132 3993 Solis,
3180 3913 3305 3985 vel
3351 3914 3581 3987 lumi-

2029 4026 2181 4108 niS,
2255 4032 2656 4119 apparent
2730 4029 2990 4119 magis
3054 4029 3448 4113 obscurae,
3495 4038 3583 4108 ‘et

2030 4142 2212 4214 aliae
2246 4147 2525 4236 partes
2573 4164 2873 4236 opacm,
2899 4149 2978 4218 et
3004 4144 3316 4239 spissae,
3346 4167 3586 4240 appa-

2033 4263 2217 4332 rent
2260 4259 2521 4349 magis
2556 4260 2802 4332 clarae
2835 4265 2915 4335 et
2948 4260 3175 4335 albae.
3225 4264 3584 4336 Secundo

2035 4378 2260 4467 patet
2303 4374 2455 4447 hoc
2508 4375 2712 4447 idem
2754 4377 2845 4449 de
2896 4397 3248 4469 corpore
3311 4380 3581 4461 Lunae,

2033 4511 2224 4562 nam
2269 4489 2399 4562 ubi
2433 4490 2660 4566 Luna.
2709 4495 2833 4565 est
2882 4492 3160 4565 rarior
3203 4493 3281 4565 in
3339 4494 3589 4587 parti-

2034 4609 2181 4679 bus
2225 4607 2420 4688 suis,
2460 4606 2563 4679 ibi
2587 4612 2932 4700 apparet
2969 4609 3312 4691 macula,
3340 4613 3424 4684 et
3455 4610 3589 4683 ubi

2035 4728 2160 4797 est
2191 4722 2520 4796 densior
2560 4728 2904 4815 apparet
2939 4724 3074 4796 lux
3105 4729 3186 4799 et
3217 4726 3585 4800 claritas

2109 4841 2230 4910 Ex
2248 4837 2427 4911 istis
2443 4843 2786 4931 appa-ret
2809 4859 3058 4912 causa
3083 4861 3592 4934 quareappa-

2043 4959 2168 5028 ret
2209 4953 2575 5036 Galaxia,
2621 4953 2808 5048 quia
2831 4955 3373 5049 perspicuitas
3413 4957 3592 5030 coeli

2044 5185 2428 5268 sioribus,
2465 5202 2653 5258 nam
2680 5192 3023 5279 apparet
3066 5189 3334 5281 major
3363 5188 3601 5261 clari-

2046 5310 2174 5379 tas
2204 5306 2540 5395 propter
2574 5302 3350 5395 incorporationem,
3373 5309 3453 5376 ct
3485 5324 3604 5375 re-

2048 5420 2505 5494 flectionem
2535 5420 3010 5493 intensioris
3045 5420 3400 5501 luminis;
3438 5442 3602 5494 mo·

2051 5539 2148 5609 do
2207 5541 2480 5630 partes
2531 5536 2733 5617 caeli,
2797 5536 2874 5608 in
2924 5536 3208 5627 quibus
3261 5540 3604 5629 apparet

3623 4945 3736 4997 Om-
3763 4919 3811 4995 a·
3833 4960 3944 5006 pa-

3619 5016 3739 5059 reat
3817 5008 3945 5055 ala-

2039 5072 2164 5143 est
2213 5068 2613 5143 difformis
2667 5068 2746 5141 in
2770 5070 2939 5142 suis
3002 5073 3370 5165 partibus
3420 5073 3596 5144 den·
3620 5072 3774 5123 xia?
