4252 6393
719 377 828 452 158

698 551 1118 631 tinctione,
1187 553 1341 624 etc.
1411 546 1683 639 Major
1741 551 1991 640 patet,
2061 544 2250 637 quia

703 667 841 742 isti
872 670 1028 740 duo
1070 668 1450 741 videntur
1498 687 1677 739 esse
1746 664 2244 743 consimiles,

700 804 845 858 nec
889 785 1273 858 differunt
1330 784 1428 855 ab
1492 782 1866 862 invicem,
1932 782 2090 854 nisi
2136 804 2249 852 se-

702 904 1051 975 cundum
1097 922 1485 992 magnum
1565 906 1646 975 et
1711 920 2084 994 parvum,
2144 899 2251 970 in·

706 1023 1026 1093 tensum
1095 1023 1176 1092 et
1254 1019 1689 1090 remissum
1744 1045 1759 1087 :
1834 1022 1915 1090 et
1978 1016 2253 1088 minor

708 1140 957 1229 patet,
1039 1135 1229 1227 quia
1313 1155 1564 1208 sonus
1651 1134 1785 1206 ille
1853 1137 2253 1206 causatur

707 1274 807 1323 ex
858 1251 1361 1325 extinctione
1432 1249 1634 1322 ferri
1694 1249 2112 1321 candentis
2176 1248 2252 1319 in

710 1388 943 1460 aqua,
996 1368 1077 1440 in
1108 1387 1347 1459 quam
1394 1366 1751 1460 ponitur.

798 1486 1191 1568 Secundo,
1238 1485 1421 1576 quia
1467 1484 1547 1554 in
1582 1482 2111 1574 generatione
2146 1485 2256 1554 to-

710 1601 969 1675 nitrui
1060 1601 1279 1692 ignis
1365 1600 1809 1674 includitur
1896 1599 1975 1671 in
2051 1598 2259 1670 nube

710 1738 1047 1811 aquosa,
1120 1718 1247 1789 vel
1313 1716 1604 1792 saltem
1656 1716 1983 1807 aliquid,
2049 1714 2258 1807 quod

709 1839 833 1910 est
863 1835 954 1908 de
997 1838 1297 1909 natura
1343 1834 1587 1916 illius,
1673 1833 1990 1906 scilicet
2021 1831 2259 1903 exha-

709 1950 909 2023 latio
952 1950 1215 2024 calida
1267 1954 1348 2024 et
1392 1949 1647 2030 sicca;
1693 1969 1893 2038 ergo
1937 1949 2014 2020 in
2056 1947 2260 2019 nube

709 2088 809 2138 ex
840 2066 1342 2140 extinctione
1392 2069 1795 2138 causatur
1837 2083 2112 2144 3011113,
2163 2062 2262 2134 si-

712 2204 864 2256 cur
908 2203 1053 2276 per
1092 2182 1709 2255 similitudinem
1756 2181 1834 2252 in
1895 2179 2079 2252 aliis
2133 2201 2261 2251 ex-

713 2300 1247 2375 tinctionibus
1292 2299 1423 2372 hie
1469 2298 1853 2370 inferius:
1891 2317 2089 2387 ergo
2126 2297 2263 2368 ille

716 2437 964 2489 sonus
1014 2417 1336 2490 videtur
1394 2436 1573 2488 esse
1625 2415 2110 2493 tonitruum,
2184 2419 2263 2487 et

719 2552 865 2625 per
913 2552 1418 2624 consequens
1462 2535 1931 2621 generatur,
1970 2533 2122 2601 etc.

808 2648 1088 2722 Tertio
1132 2647 1523 2737 arguitur
1556 2667 1700 2738 per
1733 2645 2264 2719 Aristotelem

722 2769 802 2839 et
885 2764 1570 2844 Lincolniensem,
1637 2766 1860 2851 primo
1936 2765 2265 2829 Posterio-

718 2907 894 2963 rum,
961 2881 1093 2953 ubi
1136 2879 1522 2953 definiunt
1592 2881 2079 2960 tonitruum,
2153 2878 2268 2949 ‹li-

726 3003 1030 3078 centes,
1097 2998 1301 3090 quod
1370 3000 1761 3065 Tom’erunm
1798 3009 1890 3063 est
1946 2999 2269 3062 emtinceio

721 3116 904 3205 iynis
934 3118 1009 3184 in
1055 3116 1246 3183 nube.

491 3254 547 3306 2.
815 3231 1297 3324 Oppositum
1329 3228 1718 3320 arguitur
1762 3248 1905 3321 per
1957 3226 2267 3299 Aristo-

370 3317 699 3431 Mum-310-
729 3347 969 3421 telem
1016 3346 1093 3418 in
1149 3347 1305 3419 isto
1337 3348 1403 3418 9..
1463 3348 1554 3417 In
1616 3345 1775 3418 ista
1818 3344 2267 3436 quaestione

724 3462 1145 3535 videndum
1197 3465 1320 3533 est
1384 3461 1475 3531 de
1546 3460 1917 3540 materia,
1965 3461 2055 3531 de
2098 3459 2267 3530 sor-

724 3599 878 3660 ma,
916 3582 1232 3669 agente,
1268 3577 1449 3658 fine,
1487 3580 1568 3649 et
1608 3576 2027 3649 effectibus
2062 3574 2266 3649 toni·

723 3696 918 3769 trui.
976 3697 1075 3770 Et
1119 3695 1234 3767 sic
1306 3693 1575 3787 prima
1636 3694 2060 3766 conclusio
2160 3692 2266 3763 sit

725 3812 945 3886 ista:
1012 3813 1219 3904 quod
1278 3812 1742 3885 tonitruum
1821 3815 2269 3902 generatur

720 3950 820 4001 ex
898 3928 1420 4000 exhalatione
1496 3928 1758 4001 calida
1853 3932 1934 4001 et
2021 3927 2261 3999 sicca.

725 4046 1142 4119 Probatur
1205 4044 1494 4137 prime,
1534 4044 1722 4135 quia
1755 4044 2028 4115 eadem
2062 4043 2267 4115 vide-

724 4167 864 4236 tur
903 4185 1080 4234 esse
1143 4162 1492 4235 materia
1542 4160 2148 4234 coruscationis
2189 4164 2270 4233 et

723 4278 1119 4359 fulminis,
1196 4282 1277 4351 et
1375 4277 1749 4357 tonitrui,
1833 4298 2023 4350 nam
2108 4277 2270 4349 ista

727 4395 970 4467 simul
1011 4399 1092 4468 et
1126 4394 1369 4466 semel
1404 4393 1606 4467 fiunt
1644 4394 1723 4465 in
1754 4396 2027 4466 eadem
2064 4394 2271 4465 nube

724 4511 894 4584 sive
962 4510 1043 4583 in
1101 4510 1376 4582 eodem
1423 4510 1599 4582 loeo
1646 4537 1659 4579 ε
1718 4510 1850 4581 30(1
1918 4512 2272 4583 materia

726 4626 1327 4700 coruscationis
1360 4631 1439 4700 et
1471 4626 1833 4698 fulminis
1876 4632 2000 4700 est
2031 4627 2272 4699 exha-

727 4743 930 4817 latio
966 4767 981 4825 ;
1030 4742 1236 4815 idem
1278 4742 1530 4815 etiam
1566 4742 1939 4815 tonitrui.
1983 4746 2276 4814 Secun-

728 4861 851 4942 do,
890 4860 1080 4952 quia
1122 4859 1363 4931 simul
1425 4859 1868 4932 ascendunt
1925 4879 2274 4950 vapores

729 4980 809 5049 et
842 4975 1255 5049 exhalatio
1301 4997 1550 5068 usque
1611 4977 1704 5048 ad
1758 4976 2100 5048 mediam
2165 4997 2278 5049 re-

732 5092 1055 5183 gionem
1090 5091 1333 5174 aeris;
1408 5112 1607 5183 ergo
1672 5092 2085 5184 probabile
2154 5098 2278 5166 est

734 5209 939 5301 quod
985 5208 1063 5279 in
1108 5208 1248 5280 illa
1285 5208 1543 5280 media
1589 5207 1919 5297 regione
1954 5209 2277 5281 exhala-

736 5325 852 5398 tio
891 5324 1356 5397 includatur
1390 5324 1603 5395 infra
1660 5344 2054 5416 vaporem
2092 5349 2106 5406 ;
2155 5346 2275 5397 er-

738 5461 838 5533 go
920 5441 998 5514 in
1090 5440 1231 5512 illo
1303 5460 1611 5533 vapore
1698 5440 2282 5515 fortificabitur

743 5559 1161 5635 exhalatio
1219 5557 1297 5630 in
1365 5557 1697 5638 virtute,
1776 5563 1855 5641 et
1924 5556 2072 5630 hoc
2137 5580 2282 5651 per

371 1514 682 1571 Secundum

403 2675 669 2727 Tertium.

1897 375 2036 449 Lm.
2089 388 2160 449 ll.
2209 373 2748 448 ME'l'EOllORUM

2362 544 3012 638 antiperistasin‚
3060 563 3155 614 eo
3228 543 3435 633 quod
3466 543 3908 616 circumda-

2363 668 2447 736 ta
2514 662 2982 744 contrario;
3031 681 3230 752 ergo
3282 683 3381 732 ex
3444 661 3584 733 illa
3626 661 3911 735 fortifi-

2361 778 2682 850 catione
2726 778 2928 870 petit
2961 778 3280 851 exitum
3325 796 3371 847 a
3413 778 3641 858 nube,
3683 798 3914 871 prop-

2368 899 2498 969 ter
2540 896 2666 967 sui
2711 896 3158 976 levitatem,
3222 900 3301 968 et
3355 893 3507 966 hoc
3552 915 3709 965 non
3751 894 3909 966 nisi

2367 1013 2889 1104 percutiendo
2924 1012 3188 1084 latera
3220 1012 3454 1083 nubis
3485 1037 3500 1094 ;
3532 1011 3789 1102 igitur
3819 1032 3915 1082 ex

2367 1128 2513 1201 tali
2553 1128 3079 1220 percussione
3111 1128 3588 1201 causabitur
3637 1148 3910 1207 sonus,

2375 1242 2510 1335 qui
2556 1264 2804 1315 sonus
2883 1249 3234 1318 vocatur
3274 1248 3689 1326 Tonitruum,
3727 1245 3918 1336 quia

2369 1381 2467 1432 ex
2513 1360 2658 1432 tali
2720 1361 3243 1453 percussione
3299 1366 3748 1451 generatur
3791 1381 3918 1432 so-

2370 1497 2546 1557 nus,
2594 1484 2682 1550 ut
2734 1482 2960 1570 patet
3003 1481 3070 1549 2.
3131 1480 3214 1544 de
3269 1482 3537 1546 Anium.
3603 1477 3914 1556 Tertio,

2373 1593 2558 1684 quia
2595 1594 2861 1666 simile
2901 1601 3024 1668 est
3083 1594 3174 1666 de
3218 1594 3760 1684 generatione
3804 1614 3921 1665 so-

2372 1711 2450 1782 ni
2487 1711 2681 1785 facti
2717 1714 3030 1804 quando
3063 1713 3413 1793 flamma,
3449 1713 3572 1784 vel
3609 1713 3921 1784 serrum

2373 1829 2891 1920 extinguitur
2964 1830 3040 1902 in
3112 1851 3346 1921 aqua,
3403 1835 3483 1903 et
3548 1831 3638 1902 de
3710 1850 3912 1902 sono

2377 1947 2595 2019 sacto
2642 1947 2720 2018 in
2762 1948 3104 2020 nubibus
3149 1976 3163 2017 :
3224 1948 3458 2020 modo
3494 1969 3748 2021 sonus
3784 1948 3919 2020 ille

2375 2067 2771 2136 causatur
2811 2084 2910 2135 ex
2945 2062 3418 2154 quibusdam
3454 2062 3699 2135 sumis
3735 2062 3923 2134 levi-

2375 2178 2545 2258 bus,
2604 2180 2740 2270 qui
2800 2184 3143 2272 propter
3211 2180 3627 2253 levitatem
3693 2199 3927 2272 appe-

2378 2298 2560 2367 tunt
2593 2296 3026 2366 ascendere
3060 2316 3106 2367 a
3149 2296 3373 2367 ferro
3404 2315 3547 2387 per
3581 2315 3920 2387 aquam,

2378 2414 2493 2485 ita
2534 2413 2941 2484 consimili
2997 2414 3231 2485 modo
3275 2433 3524 2486 sonus
3571 2412 3927 2486 tonitrui

2377 2533 2771 2602 causatur
2802 2551 2899 2600 ex
2945 2533 3168 2602 motu
3215 2529 3404 2603 talis
3441 2528 3669 2612 sumi,
3708 2528 3927 2602 scili·

2380 2648 2507 2717 cet
2583 2644 3132 2718 exhalationis
3201 2666 3348 2738 per
3404 2646 3722 2726 nubem,
3800 2644 3923 2716 vel

2380 2783 2655 2834 aerem
2717 2763 2980 2856 ipsum
3049 2763 3494 2835 dividendo.
3578 2765 3922 2845 Quart0,

2381 2878 2569 2970 quia
2640 2880 3001 2952 omnium
3055 2879 3684 2972 impressionum
3753 2901 3928 2972 quae

2379 2998 2606 3078 fiunt,
2672 2997 3019 3069 materia
3091 3001 3216 3070 est
3273 2997 3717 3078 exhalatio,
3796 2997 3923 3068 vel

2378 3133 2686 3206 vapor:
2746 3112 2877 3184 sed
2912 3133 3070 3183 non
3112 3117 3457 3206 apparet
3518 3116 3923 3206 quomodo
4181 3135 4182 3174 l

2380 3251 2641 3323 vapor
2701 3234 2970 3323 potest
3045 3251 3224 3301 0330
3295 3232 3643 3304 materia
3731 3232 3927 3305 talis

2383 3346 2647 3428 soni;
2750 3367 2949 3438 ergo
3057 3351 3386 3441 oportet
3500 3348 3706 3439 quod
3821 3348 3928 3422 sit

2379 3462 2821 3537 exhalatio,

2467 3580 2686 3652 Tunc
2739 3580 2993 3669 igitur
3024 3581 3114 3652 de
3167 3580 3400 3653 modo
3456 3579 3925 3671 generatio·
4062 3597 4089 3646 3

3947 3636 4113 3717 modu}
4130 3632 4183 3725 Α

2381 3694 2504 3766 nis
2549 3695 2897 3769 tonitrui
2941 3718 3036 3767 ex
3067 3695 3611 3776 exhalatione,
3662 3697 3925 3769 scien-
3949 3723 4183 3798 „mangi

2379 3812 2589 3893 dum,
2639 3812 2844 3903 quod
2878 3812 3337 3885 tonitruum
3375 3817 3645 3905 potest
3688 3832 3926 3903 gene·
3984 3795 4183 3839 ‘mm‘

2388 3928 2558 4000 rari
2594 3929 3041 4020 tripliciter
3084 3955 3097 3998 z
3140 3949 3296 3999 uno
3343 3932 3574 4001 modo
3609 3951 3706 4001 cx
3749 3950 3929 4024 per-

2381 4046 2756 4117 cussione
2844 4045 3390 4119 exhalationis
3471 4047 3563 4118 ad
3659 4046 3931 4120 latera

2383 4162 2640 4241 nubis,
2699 4163 2778 4233 in
2812 4183 2966 4253 qua
3002 4162 3465 4235 includitur.
3519 4162 3697 4234 Alio
3768 4184 3928 4235 mo-

2382 4281 2478 4351 do
2508 4301 2605 4351 ex
2646 4280 3136 4371 diruptione,
3195 4281 3320 4351 vel
3374 4281 3785 4353 fractione
3842 4280 3926 4351 il·

2386 4395 2542 4465 lius
2575 4396 2808 4467 nubis
2854 4416 2995 4488 per
3039 4395 3429 4487 impetum
3472 4396 3928 4469 exhalatio·

2384 4511 2535 4582 nis.
2610 4511 2910 4591 Tertio,
2981 4532 3123 4603 per
3195 4516 3504 4584 motum
3577 4512 3927 4585 flammae

2387 4649 2534 4720 per
2575 4648 2873 4711 aerem,
2915 4631 3028 4702 ita
3089 4629 3297 4721 quod
3346 4630 3766 4704 exhalatio
3818 4632 3932 4703 sic

2390 4744 2890 4818 inflammata
2923 4751 3001 4817 et
3039 4750 3436 4825 movetur,
3464 4751 3545 4820 et
3575 4768 3672 4818 ex
3708 4752 3932 4822 motu

2391 4860 2609 4933 illius
2673 4862 3018 4932 flammfe²
3053 4862 3143 4935 fit
3203 4884 3473 4943 sonus,
3523 4883 3758 4954 quem
3794 4882 3934 4934 an-

2393 4977 2596 5068 tiqui
2628 4978 3031 5051 vocabant
3063 4983 3288 5047 Risum
3332 4983 3632 5062 Vulcani,
3664 4999 3931 5071 quom·

2393 5094 2818 5165 admodum
2886 5095 3248 5167 videmus
3325 5097 3530 5187 quod
3606 5096 3934 5167 flamma

2393 5210 2742 5281 candela}
2779 5230 2922 5303 per
2955 5231 3228 5282 aerem
3262 5210 3460 5284 facit
3494 5231 3810 5283 sonum.
3851 5209 3932 5283 si

2399 5325 2664 5417 primo
2708 5327 2943 5398 modo
3004 5327 3146 5400 fiat
3213 5329 3700 5410 tonitruum,
3781 5327 3930 5399 hoc

2396 5446 2666 5534 potest
2700 5465 2878 5514 0330
2919 5443 3353 5535 dupliciter
3392 5469 3404 5512 :
3460 5465 3619 5516 uno
3667 5445 3925 5526 mode,

2397 5558 2584 5651 quia
2651 5560 3066 5635 exhalatio
3147 5564 3613 5656 percutiens
3664 5562 3929 5635 latera
