4252 6393
68 4954 81 5109 uun—‘—

116 1512 227 1561 Num.
253 1509 318 1558 2¹.

112 1578 146 1621 el
163 1587 276 1637 seqq.

1602 393 1961 470 QUAESTlo
2007 393 2085 456 XI

338 557 499 627 sent
563 553 645 625 in
690 554 1176 628 substantia.
1233 555 1682 628 Secundum
1740 575 1868 626 ex-

340 670 866 761 perimentum
913 675 1065 753 est,
1141 672 1343 763 quod
1390 669 1633 743 simul
1666 668 1871 742 vide-

338 806 500 857 mus
531 807 672 859 eas
716 786 1116 881 separari,
1174 807 1360 859 cum
1400 790 1667 859 tamen
1711 784 1870 857 sor-

340 927 471 978 niae
531 912 833 999 quanto
870 906 1551 1000 imperfectiores,
1608 905 1676 978 si
1710 905 1873 978 sint

337 1019 599 1094 divisae
636 1022 714 1095 in
748 1023 1235 1104 substantia,
1283 1026 1516 1095 tanto
1580 1021 1872 1094 ultimo

340 1143 1002 1231 corrumpuntur.
1075 1136 1342 1231 Hujus
1444 1135 1873 1229 positionis

342 1252 650 1328 falsitas
685 1256 946 1347 quoad
988 1253 1165 1335 hoc,
1214 1254 1421 1345 quod
1452 1253 1646 1327 dicit
1706 1273 1875 1325 sen-

345 1370 667 1444 sitivum
708 1371 807 1444 ab
864 1377 1101 1446 extra
1135 1371 1337 1452 fieri,
1373 1395 1578 1461 supra
1613 1370 1878 1463 patuit

347 1488 419 1559 in
500 1488 987 1581 praecedenti
1070 1488 1521 1581 quaestione
1570 1492 1588 1513 ·
1650 1487 1879 1560 valde

345 1604 583 1678 clare.

907 1804 991 1860 SC
1001 1804 1308 1861 HOLIUM.

409 1956 674 2028 Rejectis
702 1955 946 2012 duabus
983 1953 1389 2027 opinionibus
1420 1954 1629 2010 minus
1659 1953 1884 2025 proba-

343 2052 584 2121 hilibuS,
618 2054 812 2110 refert
840 2055 1111 2119 tertiam,
1137 2068 1275 2125 quae
1311 2052 1512 2120 magis
1542 2050 1787 2107 accedit
1808 2050 1885 2107 ad

342 2153 686 2214 veritatem,
738 2150 847 2207 sed
895 2152 1227 2222 impugnat
1272 2164 1348 2205 ex
1396 2164 1467 2206 ea
1514 2154 1712 2222 parte,
1764 2164 1886 2221 qua

343 2250 626 2305 convenit
656 2263 800 2304 cum
831 2247 1364 2314 antecedentibuS,
1399 2253 1461 2304 et
1489 2261 1562 2302 ex
1597 2246 1743 2313 alia,
1764 2259 1887 2317 qua

343 2346 485 2403 dicit
510 2347 786 2403 animam
819 2361 942 2419 qua
988 2347 1467 2412 intellectivam,
1502 2344 1678 2401 nullo
1710 2343 1887 2401 modo

347 2445 505 2500 uniri
547 2445 902 2502 formaliter
939 2447 1205 2517 corpori.
1262 2444 1497 2502 Deinde
1534 2442 1752 2516 probat
1782 2445 1893 2500 hos

346 2546 463 2597 tres
492 2540 729 2612 gradus
760 2543 1126 2613 vegetativi,
1161 2543 1472 2607 sensitivi,
1508 2546 1570 2598 et
1599 2540 1892 2597 intellec-

346 2640 453 2697 tivi
486 2641 552 2696 in
584 2654 709 2696 una
740 2638 1089 2711 eademque
1127 2641 1339 2697 anima
1379 2637 1666 2696 rationali
1709 2652 1894 2709 repe-

348 2738 485 2808 riri;
519 2742 581 2795 et
634 2737 1100 2796 intellectivum
1136 2736 1521 2804 virtualiter,
1571 2739 1679 2791 aut
1724 2734 1897 2791 radi-

352 2834 567 2892 caliter
596 2836 663 2892 in
695 2850 759 2891 se
789 2836 1112 2891 continere
1144 2834 1573 2904 vegetativum
1606 2838 1666 2889 et
1695 2833 1898 2889 sensi-

352 2938 571 2993 tivum.
605 2934 758 2991 Vide
784 2948 924 3006 quae
956 2934 1233 2989 diximus
1262 2937 1477 3003 quaest.
1502 2930 1901 3003 praecedenti,

354 3029 581 3086 scholio
610 3030 667 3084 6.
711 3031 805 3084 An
838 3042 990 3084 vero
1030 3031 1394 3083 mereantur
1431 3028 1711 3098 aliquam
1751 3040 1901 3081 cen-

355 3139 560 3181 suram
609 3126 852 3198 priores
902 3123 1041 3180 duae
1089 3126 1433 3191 sententiae,
1485 3123 1588 3179 vel
1636 3124 1744 3194 qui
1776 3127 1902 3178 sta-

357 3228 532 3283 tuunt
561 3231 691 3283 tres
722 3225 1047 3282 distinctas
1078 3228 1320 3282 animas
1352 3226 1417 3281 in
1449 3224 1722 3290 homine,
1756 3222 1902 3278 vide

358 3323 679 3379 Cavellum
698 3323 763 3380 in
786 3324 1228 3395 supplemento
1247 3321 1553 3379 librorum
1577 3320 1653 3377 de
1675 3322 1902 3376 Anima

358 3418 512 3494 disp.
550 3424 604 3479 1.
637 3427 786 3479 sect.
816 3426 874 3479 7.
919 3436 1093 3479 num.
1127 3424 1182 3479 5.

444 3578 585 3648 Est
628 3580 709 3649 et
768 3576 1122 3649 aliorum
1195 3574 1468 3669 opinio
1530 3573 1610 3645 in
1671 3576 1903 3665 parte

318 3693 968 3766 'communicans
1000 3713 1185 3766 cum
1240 3693 1423 3774 ista,
1480 3696 1561 3764 et
1602 3690 1682 3762 in
1727 3708 1906 3782 par-

366 3811 436 3880 te
499 3809 904 3891 differens,
1004 3831 1178 3901 quac
1246 3808 1440 3881 dicit
1518 3804 1907 3899 praedicta

368 3925 524 3998 tria
583 3948 667 3998 se
736 3925 1033 3999 habere
1104 3927 1197 3998 ad
1240 3924 1628 4004 animam,
1696 3922 1907 3996 sicut

368 4047 636 4133 partes
659 4043 1050 4116 sormales
1068 4064 1308 4115 unam
1331 4040 1690 4114 animam
1714 4039 1908 4112 inte-

365 4165 718 4249 grantes,
740 4160 920 4234 etin
940 4160 1089 4233 hoc
1109 4180 1291 4236 cum
1314 4158 1699 4252 praedicta
1721 4176 1911 4228 con-

363 4277 601 4350 venit.
653 4274 873 4349 Dicit
924 4282 1220 4357 autem,
1260 4274 1465 4366 quod
1521 4273 1677 4345 illae
1738 4276 1909 4345 tres

370 4397 641 4483 partes
748 4392 1214 4466 innituntur
1292 4390 1430 4460 uni
1540 4386 1910 4462 materiae

374 4507 809 4600 spirituali,
850 4508 925 4579 in
970 4527 1126 4599 qua
1161 4506 1402 4578 simul
1448 4508 1638 4577 sunt
1698 4522 1910 4575 com-

372 4626 822 4708 municatae,
894 4629 974 4697 et
1009 4625 1086 4695 in
1120 4623 1271 4695 hoc
1312 4622 1583 4694 differt
1625 4640 1669 4689 a
1714 4641 1912 4712 prze-

373 4740 603 4824 dicta‚
640 4748 720 4817 et
754 4740 1019 4814 salvat
1045 4740 1298 4814 totius
1331 4738 1706 4809 humanm
1749 4736 1913 4809 ani·

381 4878 525 4929 mae
592 4856 1335 4931 immortalitatem.
1406 4853 1707 4926 Unitur
1785 4872 1916 4923 au-

385 4978 542 5047 tem
634 4972 1097 5065 hujusmodi
1201 4970 1474 5043 anima
1559 4968 1918 5041 humana

384 5091 706 5184 corpori
749 5112 893 5184 per
924 5088 1476 5181 vegetativum
1535 5091 1614 5160 et
1668 5084 1916 5158 sensi-

386 5206 629 5279 tivum
699 5206 1166 5279 formaliter
1204 5209 1286 5278 et
1366 5203 1688 5281 inti1ne;
1773 5221 1919 5294 per

386 5323 961 5398 intellectivum
1006 5342 1199 5394 vero
1237 5321 1542 5400 intime,
1582 5320 1713 5391 scd
1746 5316 1916 5390 nul-

387 5437 461 5510 lo
532 5442 754 5523 modo
791 5437 1280 5512 formaliter.

474 5560 691 5639 Quod
718 5562 990 5632 autem
1041 5555 1209 5626 haec
1242 5551 1540 5645 positio
1582 5550 1921 5627 veritati

3412 381 3528 453 463

1984 554 2161 626 fidei
2203 572 2387 625 cum
2447 550 2990 624 fundamentis
3022 550 3244 624 circa
3278 548 3535 621 unita-

1986 673 2148 743 tem
2186 668 2493 744 Christi
2521 669 3055 751 contradicat,
3085 674 3165 742 et
3195 667 3534 741 veritati

1988 787 2363 870 rationis,
2393 792 2785 879 quantum
2830 788 2923 858 ad
2954 785 3328 859 ultimam
3360 784 3535 877 ejus

1988 908 2334 995 partem,
2411 908 2828 977 ostensum
2887 906 3012 977 est
3047 904 3330 992 supm‘,
3407 894 3885 978 ubi·ouae⁸t.9.

1987 1018 2531 1109 quaerebatur,
2604 1022 2882 1091 utrum
2951 1015 3223 1089 anima
3263 1013 3538 1086 huma·

1989 1151 2092 1204 na
2157 1134 2496 1206 uniatur
2563 1132 3120 1207 essentialiter
3178 1130 3536 1224 corpori.

1992 1252 2352 1324 Secunda
2428 1271 2624 1322 vero
2683 1270 2897 1342 pars,
2964 1249 3171 1341 quod
3229 1247 3540 1321 scilicet

1993 1366 2158 1441 sint
2221 1371 2499 1459 partes
2592 1365 3011 1445 formales,
3090 1363 3351 1455 magis
3418 1366 3544 1435 est

1994 1482 2456 1564 rationalis,
2504 1487 2584 1556 et
2619 1482 2942 1555 minora
2987 1477 3544 1553 inconvenien-

1996 1599 2113 1674 tia
2209 1599 2501 1681 habet,
2632 1620 2777 1672 nec
2899 1603 3176 1673 tamen
3295 1595 3549 1670 etiam

1996 1717 2256 1810 quoad
2291 1716 2516 1789 illam
2559 1720 2881 1810 partem
2925 1734 2972 1786 a
3025 1713 3304 1787 multis
3364 1733 3546 1785 con-

1996 1832 2313 1906 ceditur
2351 1854 2530 1905 esse
2551 1852 2860 1904 veram.
2890 1829 3167 1903 Primo
3201 1829 3543 1922 quidem,

1998 1948 2190 2040 quia
2220 1966 2382 2020 non
2425 1948 2658 2041 plane
2699 1946 3141 2020 concordat
3209 1943 3546 2016 verbum

2001 2067 2530 2145 Sanctorum,
2615 2062 2804 2154 quia
2879 2060 3383 2152 Augustinus
3467 2058 3546 2130 in

2003 2179 2559 2272 praeallegatis
2633 2176 3295 2257 auctoritatibus,
3357 2179 3436 2249 et
3473 2176 3541 2245 2.

1999 2298 2115 2365 lib.
2162 2298 2244 2365 de
2284 2299 2446 2365 Gen.
2501 2308 2737 2364 contra
2784 2297 3205 2376 Manicheum,
3269 2317 3415 2382 cap.
3475 2293 3543 2363 8.

1998 2411 2255 2485 eidem
2299 2412 2591 2485 animae
2625 2410 3009 2485 attribuit
3043 2414 3318 2484 actum
3359 2409 3549 2483 vitae

2002 2533 2082 2602 et
2194 2551 2539 2610 sensus,
2621 2533 2700 2601 et
2800 2527 3208 2603 rationis.
3333 2526 3556 2597 Unde.

2003 2645 2197 2720 dicit
2274 2665 2687 2739 exponens
2774 2644 2990 2726 illud,
3060 2646 3426 2734 [aspiravit
3485 2647 3558 2710 in

2005 2765 2253 2848 faciem
2296 2768 2459 2852 ejus,
2530 2781 2690 2833 non
2743 2761 3011 2834 solum
3057 2759 3318 2834 vitam
3380 2779 3558 2831 sen-

2012 2901 2175 2960 sus,
2260 2879 2392 2950 sed
2444 2876 2708 2949 omnis
2766 2881 2998 2951 actus
3043 2876 3178 2969 qui
3237 2877 3335 2948 ab
3391 2874 3559 2947 ani-

2013 3016 2144 3067 ma
2176 2994 2458 3068 haberi
2502 2997 2795 3087 potest,
2846 2993 2925 3066 in
2985 2993 3143 3065 ista
3203 2992 3557 3064 insuffla-

2014 3113 2234 3186 tione
2289 3111 2602 3184 infusus
2653 3114 2802 3184 est.
2852 3111 3022 3182 Hoc
3071 3109 3278 3182 idem
3333 3111 3554 3202 patet

2017 3231 2097 3304 in
2171 3229 2579 3323 praedictis
2641 3226 3273 3301 auctoritatibus
3329 3250 3344 3294 ε
3420 3226 3554 3297 sed

2020 3346 2319 3439 positio
2361 3346 2580 3427 dicit,
2635 3346 2844 3440 quod
2905 3344 3067 3416 sint
3138 3348 3308 3417 tres
3378 3361 3557 3434 par-

2016 3468 2140 3538 tes
2234 3463 2652 3545 formaleS‚
2746 3481 3094 3554 quarum
3189 3479 3349 3533 una
3482 3457 3562 3528 in

2018 3584 2410 3673 quantum
2480 3578 2697 3661 talis,
2755 3598 2918 3649 non
2975 3581 3102 3651 est
3162 3576 3350 3658 alia,
3434 3575 3567 3648 sed

2020 3718 2268 3769 unum
2347 3696 2885 3770 constituunt.
2996 3698 3197 3768 Cum
3306 3693 3566 3784 igitur

2020 3812 2501 3886 sensitivum
2540 3811 3018 3903 inquantum
3059 3808 3564 3890 sensitivum,

2019 3951 2181 4003 non
2243 3928 2350 4003 sit
2418 3928 2901 4002 sensitivum
2982 3947 3128 4020 per
3205 3926 3560 3999 intellec-

2022 4048 2318 4129 tivum‚
2428 4067 2575 4119 nec
2705 4065 2852 4138 per
2979 4044 3559 4135 vegetativum,

2024 4164 2157 4236 sed
2230 4183 2371 4256 per
2458 4184 2540 4234 se
2624 4167 2704 4236 et
2794 4182 2939 4255 per
3000 4181 3231 4233 suam
3289 4180 3561 4232 essen-

2023 4280 2252 4363 tiam,
2350 4299 2494 4351 nec
2563 4300 2605 4351 e
2672 4277 3161 4352 contrario:
3245 4276 3563 4349 sensiti-

2021 4417 2214 4467 vum
2309 4399 2583 4467 autem
2678 4392 3159 4485 inquantum
3248 4390 3564 4465 sensiti-

2019 4533 2237 4593 vum‚
2290 4514 2415 4582 est
2491 4510 2762 4582 forma
2839 4506 3405 4581 substantialis
3456 4506 3566 4579 vi·

2026 4632 2130 4701 tae
2172 4626 2499 4708 animam
2580 4644 2779 4716 crgo
2854 4624 2921 4696 si
2987 4623 3567 4714 vegetativum,

2030 4743 2538 4824 sensitivum‚
2612 4746 2692 4815 et
2729 4739 3322 4814 intellectivum
3385 4744 3575 4813 sunt

2029 4867 2203 4935 tres
2236 4857 2552 4940 formae,
2599 4855 3067 4930 necessario
3110 4859 3353 4930 erunt
3403 4859 3576 4930 tres

2029 4975 2346 5048 animae.

2118 5091 2677 5166 Conl'irmatur
2735 5092 3011 5162 autem
3086 5088 3260 5162 haec
3314 5087 3570 5169 ratio;

2030 5206 2221 5298 quia
2290 5204 2685 5285 intimior,
2729 5202 2855 5277 vel
2911 5205 2984 5276 ei
3038 5203 3326 5277 intima
3373 5203 3580 5275 vide-

2028 5326 2170 5397 tur
2228 5322 2377 5396 sibi
2439 5344 2616 5394 esse
2696 5321 2911 5395 ratio
2969 5321 3287 5403 animae,
3365 5319 3578 5393 sicut

2033 5441 2248 5513 ratio
2283 5440 2597 5521 formae,
2632 5438 2819 5530 quia
2863 5437 3077 5511 ratio
3121 5437 3409 5509 animae
3451 5441 3577 5510 cst

2032 5555 2187 5633 sibi
2219 5555 2479 5648 magis
2521 5553 2884 5648 propria,
2920 5559 3001 5630 et
3035 5554 3251 5629 ratio
3284 5556 3572 5630 formae

3612 994 3673 1031 n.
3710 978 3796 1032 39.
3831 982 3884 1029 et

3657 1056 3801 1107 ”qq-
