4252 6393
398 3580 592 3656 Cama}
617 3613 722 3654 ter·
877 3636 890 3649 .
1532 3643 1544 3656 .

417 3678 693 3720 mmm„
751 3638 1239 3715 Aristoteles
1318 3648 1442 3716 est
1528 3647 1710 3725 ista,

760 437 874 505 152

741 602 820 676 in
888 604 1174 695 quibus
1244 604 1656 681 exhalatio
1719 608 2062 681 interius
2126 608 2286 679 vir-

740 723 914 794 tute
973 728 1394 797 astrorum
1446 725 1911 808 includitur,
1984 731 2064 799 et
2141 747 2286 819 per

740 835 925 909 illas
972 839 1223 914 rimas
1269 841 1347 913 in
1392 841 1819 934 superficie
1852 842 2015 915 alia
2047 842 2283 914 exha-

740 954 938 1027 latio
974 955 1405 1031 subintrat.

849 1069 1150 1154 Tertio,
1234 1074 1419 1165 quia
1498 1074 1926 1166 aliquande
1992 1079 2283 1150 ventus

740 1188 1104 1268 decurrit
1142 1212 1286 1284 per
1330 1193 1842 1285 superficiem
1887 1198 2158 1277 terrm,
2205 1201 2284 1271 et

745 1308 1217 1399 quandoque
1251 1307 1662 1383 subintrat
1697 1314 2009 1382 terram
2054 1333 2285 1405 prop-

743 1426 871 1495 ter
921 1424 1045 1496 sui
1098 1425 1663 1507 subtilitatem,
1718 1432 1797 1500 et
1851 1431 2038 1500 tunc
2082 1429 2285 1503 acei-

740 1538 854 1612 dit
895 1540 1099 1630 qued
1144 1542 1324 1634 peri
1369 1546 1615 1615 terrae
1657 1544 2168 1627 clauduntur,
2206 1550 2284 1619 et

739 1653 1246 1730 exhalationi
1281 1680 1441 1730 nen
1475 1664 1698 1752 patet
1739 1660 1944 1733 liber
1984 1662 2280 1745 exituS,

743 1777 936 1846 tunc
972 1772 1418 1847 includitur
1459 1775 1674 1847 infra
1733 1780 2073 1851 terram.

829 1892 1162 1972 Quarto,
1224 1890 1410 1981 quia
1471 1891 1898 1985 aliquande
1942 1915 2107 1975 aer,
2157 1897 2285 1968 vel

740 2003 1179 2086 exhalatio,
1244 2008 1369 2079 vel
1432 2029 1641 2101 aqua.
1696 2010 2011 2083 inclusa
2069 2013 2287 2087 infra

740 2122 1052 2216 terram
1113 2124 1661 2198 condensatur
1728 2147 1774 2197 a
1833 2127 2286 2218 frigiditate

740 2235 1185 2311 intrinseca
1236 2244 1507 2321 terrae,
1564 2247 1644 2316 et
1703 2245 2287 2335 comprimitur

739 2352 879 2435 ita,
946 2356 1151 2446 quod
1204 2355 1619 2432 exhalatio
1674 2359 1837 2440 illa,
1892 2362 2017 2432 vel
2077 2384 2287 2455 aqua

743 2477 1089 2563 occupat
1188 2473 1584 2547 minorem
1676 2477 1947 2549 locum
2044 2500 2286 2571 quam

744 2589 1214 2679 occupabat,
1284 2595 1364 2664 et
1420 2594 1609 2664 tune
1661 2594 1756 2666 ad
1820 2596 2286 2688 replendum

742 2701 1011 2775 lecum
1108 2705 1517 2780 subintrat
1603 2709 1817 2782 alter
1901 2733 2067 2794 aer,
2162 2716 2285 2786 vel

736 2817 1173 2902 exhalatio,
1242 2844 1416 2914 quae
1485 2832 1770 2918 postea
1848 2828 2289 2904 includitur

742 2934 823 3005 in
926 2939 1573 3032 concavitatibus
1678 2947 1949 3016 terrae.
2066 2949 2287 3028 Quod

739 3056 1012 3124 autem
1066 3056 1212 3128 sub
1267 3061 1494 3129 terra
1544 3059 1708 3135 sint
1750 3061 1953 3134 tales
2003 3084 2286 3136 cenea-

740 3169 1062 3253 vitates,
1132 3177 1355 3265 patet
1404 3198 1500 3248 ex
1557 3180 2137 3269 quaestionibus
2195 3184 2286 3255 de

739 3288 1264 3376 generatione
1361 3292 1746 3375 fontium,
1845 3300 1925 3370 et
2011 3299 2287 3371 fluvio-

742 3422 949 3473 rum.

839 3524 1195 3594 Secunda
1261 3527 1703 3608 conclusie,
1763 3550 2003 3620 quain
2063 3534 2287 3625 penit

1803 3648 2007 3737 qued
2094 3651 2287 3723 talis

746 3754 1161 3830 exhalatio
1208 3758 1516 3831 inclusa
1552 3761 1765 3833 infra
1817 3767 2130 3838 terram
2163 3773 2288 3842 est

741 3874 979 3946 velox
1049 3880 1241 3948 nata
1317 3876 1517 3949 ferri
1589 3880 1681 3949 ad
1759 3879 2285 3973 longinquam

740 3990 1241 4072 distantiam,
1278 3996 1359 4065 et
1394 3993 1845 4065 fortissime
1900 3999 2280 4087 percutit,

744 4106 858 4178 ita
910 4109 1116 4197 qued
1159 4112 1284 4180 est
1334 4110 1580 4183 fertis
1634 4110 1709 4182 in
1755 4113 2143 4204 pellendo,
2206 4122 2286 4191 et

744 4232 823 4303 in
869 4234 1258 4303 movendo
1305 4258 1318 4300 :
1370 4238 1449 4307 et
1514 4232 1663 4307 hec
1722 4237 1948 4328 ponit
2016 4253 2279 4311 tractae.

738 4361 802 4428 3.
867 4380 1012 4445 cap.
1082 4359 1149 4429 2.
1224 4361 1427 4446 hujus
1497 4363 1797 4430 secundi.
1866 4364 2033 4436 Ista
2092 4386 2283 4436 con-

741 4481 998 4553 clusio
1044 4482 1442 4573 probatur
1498 4504 1596 4555 ex
1658 4485 1938 4567 medis,
1998 4488 2282 4579 quibus

741 4606 1156 4680 exhalatio
1242 4606 1555 4679 inclusa
1635 4609 1849 4682 insra
1936 4617 2276 4698 terram,

745 4738 1013 4825 petest
1065 4735 1361 4806 habere
1410 4735 1782 4825 vigerem
1835 4743 1914 4810 et
1962 4739 2281 4814 fortitu-

743 4858 1034 4939 dinem,
1100 4864 1253 4933 etc.
1293 4860 1593 4941 Primo,
1633 4861 1818 4952 quia
1869 4863 2282 4940 exhalatio

743 4985 856 5057 sie
912 4985 1225 5057 inclusa
1283 4990 1407 5059 est
1470 4986 1693 5068 leviS,
1758 4992 1951 5061 nata
2012 5011 2282 5063 ascen-

739 5114 925 5185 dere
978 5133 1331 5192 sursum‚
1379 5118 1458 5185 et
1516 5114 1607 5184 de
1650 5114 1867 5187 sacto
1921 5120 2283 5193 ascendit

706 5240 954 5313 'infra
1013 5243 1322 5312 terram
1384 5244 1773 5330 quantum
1836 5246 2126 5333 potest,
2201 5248 2281 5317 et

738 5367 925 5459 quia
948 5366 1219 5438 obviat
1245 5365 1704 5457 superficiei
1738 5370 2007 5451 terra),
2039 5390 2280 5461 quam

739 5515 898 5564 non
942 5491 1243 5565 sufficit
1283 5491 1660 5571 dividere,
1722 5496 2279 5585 repercutitur

738 5620 835 5692 ab
871 5619 1008 5692 illa
1050 5617 1477 5716 superficie
1525 5617 1737 5691 infra
1785 5619 2159 5713 seipsam,
2197 5627 2278 5699 ct

1917 440 2057 508 Lm.
2107 447 2178 508 11.
2226 434 2768 508 Mss'rssououuu

2395 627 2492 678 ex
2553 605 2694 677 illa
2745 603 3039 676 unione
3092 602 3173 675 in
3230 600 3584 695 seipsam
3645 598 3934 674 fortifi-

2397 725 2637 796 catur
2689 721 2768 792 in
2840 720 3174 793 virtute.

2487 838 2870 918 Secunde,
2928 837 3117 929 quia
3165 836 3306 908 illa
3356 834 3770 907 exhalatio
3825 833 3938 906 in-

3991 830 4193 883 Quomodo

3983 890 4198 944 exhalatio

2404 956 2634 1029 clusa
2687 956 3060 1037 interius,
3141 954 3412 1027 calefit
3481 957 3560 1026 et
3597 953 3936 1026 rarefit:
3989 954 4196 1014 somnon-

2398 1076 2478 1145 et
2536 1076 2881 1165 prepter
2928 1072 3053 1144 sui
3108 1069 3766 1152 rarefactionem,
3814 1091 3942 1162 ap-

2397 1187 2600 1280 petit
2632 1187 2986 1280 seipsam
3024 1187 3396 1268 dilatare,
3434 1192 3513 1259 et
3555 1185 3742 1277 quia
3781 1206 3942 1258 nen

2398 1304 2637 1378 habet
2669 1304 2963 1385 lecum,
3003 1304 3082 1376 in
3117 1326 3273 1396 quo
3308 1325 3392 1377 se
3423 1303 3731 1383 dilatet,
3770 1302 3941 1374 ideo

2400 1420 2615 1492 infra
2676 1420 3030 1514 seipsam
3097 1421 3626 1501 fortificatur,
3692 1423 3773 1492 et
3833 1419 3946 1491 in-

2398 1536 2791 1618 tenditur;
2853 1537 3520 1629 quemadmodum
3582 1535 3945 1608 videmus

2401 1653 2607 1744 qued
2670 1652 2879 1742 ignis
2930 1652 3291 1727 inclusus
3355 1652 3640 1730 muris,
3707 1656 3796 1725 ut
3864 1651 3945 1722 in

2399 1769 2770 1853 caminiS,
2815 1775 2940 1844 est
3000 1770 3331 1853 fortier,
3387 1775 3467 1843 et
3511 1768 3940 1850 intensior,

2400 1905 2639 1976 quam
2695 1886 2761 1958 si
2807 1887 3152 1980 undique
3205 1886 3541 1960 haberet
3600 1886 3942 1958 liberam

2396 2002 2936 2076 diffusionem.

2486 2120 2787 2200 Tertio,
2862 2121 3333 2212 quandoque
3363 2118 3778 2192 exhalatio
3803 2118 3946 2190 illa

2400 2230 2716 2306 inclusa
2759 2234 3345 2328 comprimitur
3387 2234 3484 2306 ab
3526 2253 3733 2324 aqua
3768 2231 3948 2303 sub-

2396 2336 2806 2433 terranea,
2851 2351 2975 2423 vel
3029 2351 3192 2423 alia
3250 2350 3772 2424 exhalatione
3818 2369 3947 2420 su-

2402 2466 2944 2558 perveniente,
3018 2471 3098 2540 et
3165 2489 3263 2540 ex
3330 2465 3946 2559 compressione

2400 2582 2871 2664 intenditur,
2897 2589 2976 2657 et
3009 2584 3516 2658 fortificatur
3547 2584 3790 2675 vigor
3821 2603 3948 2653 ex-

2400 2697 2865 2781 halationis,
2931 2701 3600 2791 quemadmodum
3652 2705 3943 2776 ventus

2401 2815 2814 2888 transiens
2893 2816 3071 2888 loce
3148 2815 3562 2890 strictiori
3638 2817 3942 2891 fortius

2400 2931 2777 3024 impellit,
2850 2933 3176 3006 caeteris
3254 2933 3612 3026 paribus,
3697 2955 3941 3027 quam

2398 3054 2686 3122 ventus
2729 3049 3027 3122 habens
3065 3051 3551 3142 ampliorem
3585 3053 3944 3126 diffusio·

2399 3185 2604 3238 nem.

2487 3290 2822 3367 (marte,
2851 3306 2997 3377 per
3017 3285 3633 3377 antiperistasin
3668 3292 3945 3380 potest

2398 3401 2832 3474 fortificari
2874 3403 2996 3474 vis
3054 3401 3622 3484 exhalationis,
3667 3410 3748 3478 et
3789 3405 3946 3479 hec

2400 3539 2444 3590 a
2487 3518 2938 3609 frigiditate
2980 3519 3594 3621 circumstante.

2494 3636 2639 3709 Isti
2684 3642 2872 3711 sunt
2917 3635 3128 3708 medi
3170 3640 3249 3708 et
3303 3656 3592 3716 causae,
3651 3639 3948 3729 quibus

2400 3752 2521 3824 vis
2562 3752 3114 3827 exhalationis
3151 3753 3482 3824 inclusae
3528 3754 3738 3827 infra
3774 3761 3946 3830 ter-

2402 3893 2577 3943 ram
2651 3877 2920 3966 potest
2989 3873 3449 3947 fortificari.
3523 3877 3622 3947 Et
3694 3875 3945 3947 istam

2397 3987 3005 4060 conclusionem
3047 3988 3407 4061 declarat
3450 3989 3946 4063 Aristoteles

2395 4106 2701 4177 duobus
2764 4106 3018 4195 signis
3063 4132 3076 4174 :
3127 4106 3437 4179 scilicet
3488 4108 3694 4197 qued
3746 4108 3943 4179 talis

2396 4221 2812 4295 exhalatio
2895 4223 3000 4296 sit
3063 4242 3374 4311 magnae
3432 4222 3771 4296 virtutis
3843 4224 3943 4295 ad

2399 4340 2901 4421 movendum,
2939 4344 3018 4412 et
3053 4339 3685 4431 percutiendum,
3750 4340 3945 4431 quia

2395 4454 2756 4526 videmus
2819 4454 3020 4546 qued
3092 4454 3393 4526 fulmen
3455 4462 3943 4545 generatum

2399 4569 2476 4641 in
2521 4572 2748 4651 nube,
2808 4592 2982 4661 qum
3033 4575 3157 4644 est
3212 4573 3570 4664 quandam
3613 4571 3945 4643 exhala—

2398 4686 2512 4760 tio
2567 4687 3062 4761 mirabiliter
3128 4692 3257 4761 est
3309 4708 3620 4777 magnae
3680 4687 3945 4761 virtu-

2398 4804 2502 4877 tis
2595 4805 2944 4886 inetivae,
2993 4810 3071 4878 et
3130 4804 3634 4877 vehementis
3697 4804 3938 4888 ictus,

2396 4921 2473 4993 in
2524 4926 2842 4996 tantum
2894 4921 3099 5013 qued
3156 4922 3515 4995 eradicat
3567 4922 3940 5003 arbores,

2391 5039 2668 5132 dejicit
2728 5040 3011 5111 domus
3105 5044 3185 5112 et
3243 5043 3543 5119 castra,
3602 5044 3682 5112 et
3745 5038 3944 5111 inci-

2393 5161 2628 5229 nerat
2690 5156 3032 5229 sructus.

2483 5273 2868 5354 Secunde,
2918 5272 3105 5364 quia
3174 5273 3537 5344 videmus
3608 5272 3688 5345 in
3755 5294 3939 5345 cer-

2394 5389 2725 5481 poribus
2777 5389 3113 5471 nostris,
3171 5390 3376 5480 qued
3433 5390 3776 5482 spiritus
3826 5391 3942 5461 in-

2390 5505 2595 5577 clusi
2666 5505 2880 5577 infra
2954 5526 3127 5587 nes,
3203 5505 3515 5579 scilicet
3585 5506 3939 5598 spiritus

2389 5623 2705 5706 vitales,
2780 5624 3252 5715 quandoque
3316 5628 3747 5698 moventur
3812 5623 3935 5699 ita

4050 1024 4137 1069 tur.

4037 5344 4199 5432 ,vlumss
