4252 6393
124 1482 162 1535 7,

123 1612 232 1658 'ela

124 1681 215 1720 otus

129 1750 228 1781 nte-a
238 1748 288 1781 n·

138 1808 191 1843 le!
178 1814 245 1845 111·

123 1875 203 1907 ore.

131 3931 217 3978 quo

124 3993 244 4031 ’rant

124 4048 263 4109 iiras,

123 4122 195 4167 ειη,
220 4122 266 4162 ec

123 4186 221 4232 pas.

1671 455 2033 531 QUAESTIO
2082 457 2244 518 xxi:

315 619 624 712 quidem
671 640 1051 692 mensura
1091 617 1668 691 conformatur
1709 638 1856 690 suo

315 743 810 819 mensurato,
869 737 1348 829 inquantum
1384 741 1508 810 est
1559 737 1862 808 durans

313 851 980 927 immutabilitate
1023 860 1102 928 et
1137 853 1458 934 fixione,
1518 854 1726 925 sicut
1759 853 1866 923 di-

310 972 543 1039 cetur
607 968 793 1040 dum
876 970 967 1041 de
1038 990 1209 1041 aevo
1280 968 1861 1062 disputabitur.

312 1085 513 1156 Nam
578 1085 765 1157 talis
822 1106 1242 1169 mensura,
1307 1091 1431 1160 est
1484 1105 1863 1159 mensura

314 1200 959 1274 substantiarum
1086 1206 1684 1295 separatarui‘n,
1784 1206 1863 1275 et

311 1323 661 1391 vocatur
691 1343 922 1388 oezntm

402 1434 769 1508 Tertium
810 1460 943 1503 ess-e
971 1441 1120 1519 est,
1160 1439 1364 1529 quod
1427 1436 1725 1528 incepit
1783 1441 1860 1509 et

123 1551 649 1654 madesmei,
696 1575 851 1626 non
913 1554 1212 1626 liabens
1254 1556 1659 1637 tixionem,
1723 1558 1861 1629 aut

321 1672 1019 1760 pelseve1antiam
1077 1671 1155 1742 in
1211 1674 1611 1753 dulando;
1660 1676 1859 1747 unde

311 1804 470 1858 non
516 1808 659 1879 per
710 1787 859 1860 hoc
917 1789 1217 1863 dicitul
1271 1790 1593 1871 dur’alc,
1653 1792 1858 1883 quod

311 1902 543 1986 idem,
618 1909 697 1978 et
757 1906 1191 1978 secundum
1266 1906 1466 1977 idem
1545 1927 1857 1999 peima-

306 2026 516 2104 neat,
567 2024 699 2094 sed
742 2021 979 2096 habet
1024 2044 1256 2094 suum
1317 2048 1450 2092 esse
1492 2023 1570 2095 in
1608 2024 1849 2107 fluxu,

303 2145 379 2214 et
452 2142 845 2214 continua
911 2142 1430 2217 innovatione
1484 2169 1497 2211 :
1571 2147 1650 2216 et
1712 2162 1854 2234 per

302 2257 450 2329 lioc
492 2259 760 2340 durat,
801 2258 1030 2349 quasi
1065 2280 1386 2351 semper
1419 2261 1852 2331 secundum

301 2373 539 2455 aliud,
586 2377 664 2447 et
699 2375 913 2447 aliud
956 2376 1103 2447 sibi
1153 2376 1549 2457 succedat,
1589 2376 1851 2467 qualis

298 2495 420 2564 est
476 2494 747 2565 motus
794 2492 1058 2584 primo
1102 2496 1179 2565 ct
1243 2513 1385 2584 per
1429 2515 1536 2574 se,
1599 2497 1675 2565 et
1719 2518 1852 2561 esse

298 2609 887 2699 generabilium
921 2616 999 2682 ct
1033 2610 1721 2703 corruptibilium,
1763 2617 1850 2686 ut

300 2729 640 2800 subsunt
721 2727 1071 2800 motibus
1140 2729 1699 2819 generationis
1768 2734 1845 2802 et

297 2842 857 2935 corruptionis
906 2869 919 2911 :
959 2863 1304 2935 quorum
1348 2845 1700 2927 durati0‚
1750 2846 1846 2917 si-

296 2981 387 3031 ve
424 2960 869 3052 quantitas,
935 2966 1014 3034 et
1076 2982 1453 3033 mensura
1498 2961 1848 3033 duratio·

297 3076 419 3149 nis
465 3078 546 3149 in
587 3080 920 3151 essendo
968 3083 1305 3171 proptor
1364 3099 1648 3150 eorum
1710 3079 1845 3149 flu-

294 3215 513 3278 xum,
577 3202 658 3271 et
699 3198 1171 3270 continuam
1231 3198 1842 3270 innovationem

293 3317 370 3385 ct
415 3314 1040 3396 successionem,
1086 3313 1623 3404 distinguitur
1665 3337 1844 3386 con-

294 3433 425 3501 tra
505 3431 1056 3505 aeternitatem
1126 3433 1203 3503 et
1274 3453 1562 3514 aevum,
1632 3433 1839 3505 sicut

292 3548 541 3619 etiam
574 3573 707 3616 esse
730 3548 1279 3621 successivum
1309 3548 1844 3638 distinguitur

291 3668 585 3738 contra
641 3665 1028 3758 praedicta
1096 3666 1248 3736 duo
1309 3690 1463 3749 esse,
1522 3671 1607 3738 ut
1668 3668 1840 3758 jam

294 3787 543 3874 patet.

414 3901 582 3972 Nec
664 3898 1078 3988 intellige,
1150 3900 1359 3989 quod
1459 3921 1601 3991 pei
1686 3901 1837 3973 lioc

290 4017 715 4090 aeternitas
755 4016 987 4088 diffei
994 4018 1075 4087 at
1120 4017 1218 4088 ab
1270 4038 1444 4088 aevo
1508 4021 1587 4090 et
1644 4022 1838 4091 t1m-

295 4154 517 4225 pore,
555 4133 743 4226 quia
777 4138 1116 4202 celet-nitas
1156 4154 1302 4206 nec
1347 4133 1588 4208 habet
1631 4136 1839 4227 plin

289 4251 446 4343 cip
464 4272 619 4331 um,
715 4272 857 4323 nec
928 4251 1203 4331 finem;
1305 4277 1513 4320 semem
1598 4251 1840 4327 habet

292 4366 809 4460 principium,
875 4368 1007 4439 sed
1046 4386 1206 4438 non
1252 4367 1490 4441 habet
1530 4369 1769 4440 finem
1820 4395 1833 4438 :

286 4497 542 4572 tempus
624 4487 896 4555 autem
976 4484 1255 4558 habuit
1312 4486 1830 4578 principium,

283 4603 362 4673 et
417 4599 739 4673 habebit
782 4599 1046 4671 finem.
1113 4602 1301 4673 Haec
1360 4600 1575 4672 enim
1624 4601 1835 4674 dill‘e-

287 4716 557 4788 rentia
596 4721 721 4788 est
751 4738 889 4809 per
922 4717 1313 4798 accidens,
1351 4739 1510 4789 non
1548 4740 1689 4810 per
1723 4742 1830 4802 se,

288 4853 432 4904 nec
510 4832 1017 4914 essentialis3
1095 4833 1281 4924 quia
1360 4834 1545 4906 dato
1628 4837 1834 4926 quod

286 4952 635 5042 tempus,
670 4946 787 5023 'et
827 4970 1113 5030 aevum,
1169 4970 1311 5021 nec
1362 4951 1625 5032 finem,
1690 4972 1832 5023 nec

290 5065 781 5158 principium
862 5065 1358 5147 habuissent,
1414 5067 1665 5140 adhue
1736 5091 1831 5140 00.-

288 5182 638 5256 ter-nitas
690 5183 790 5254 ab
837 5181 1022 5254 aliis
1073 5181 1463 5256 differret.
1538 5188 1828 5254 AEeerm'-

284 5312 386 5365 tas
416 5298 632 5368 enim
672 5301 796 5370 est
839 5302 1014 5371 tota
1065 5297 1332 5382 simul,
1390 5300 1592 5390 quod
1640 5305 1831 5372 tem-

286 5435 486 5505 pore
547 5435 708 5487 non
766 5414 1264 5498 conveniret,
1345 5415 1556 5500 date,
1624 5420 1831 5509 quod

283 5551 608 5624 semper
647 5533 961 5615 suisset,
1006 5538 1087 5606 et
1146 5554 1555 5625 nunquam
1632 5537 1830 5608 desi-

280 5649 538 5718 neret.
577 5646 1085 5719 AEvnmetiam
1120 5647 1356 5721 habet
1381 5649 1630 5720 aliuin
1669 5673 1828 5724 mo-

3438 463 3549 528 691

1979 617 2163 688 dum
2200 618 2655 692 durationis
2692 624 2806 707 (ut
2849 621 3054 693 alias
3099 623 3527 715 videbitur)

1976 735 2101 805 vel
2178 736 2470 809 saltem
2546 741 2810 829 potest
2881 739 3248 812 desinere
3318 763 3520 822 esse,

1980 854 2184 943 quod
2227 853 2678 928 aeternitati
2740 876 2894 926 non
2967 858 3373 929 convenit.
3452 859 3529 932 Si

1979 974 2252 1041 autem
2343 973 2578 1039 habere
2669 977 3088 1063 principium
3181 987 3243 1042 et
3332 980 3530 1061 linem

1978 1089 2431 1182 accipiatur
2480 1110 2638 1162 non
2681 1097 2891 1173 actu,
2967 1094 3099 1165 sed
3143 1095 3531 1186 potentia,

1980 1206 2138 1279 isto
2240 1208 2471 1279 modo
2583 1210 2971 1300 prtrdicta
3075 1210 3526 1284 differentia

1976 1324 2450 1415 aliqualiter
2548 1327 2789 1407 valet,
2857 1328 3045 1419 quia
3105 1330 3527 1402 aeternitas

1980 1441 2385 1533 principio
2430 1445 2508 1513 et
2559 1441 2712 1513 fine
2758 1446 2993 1516 caret
3041 1446 3224 1518 actu
3277 1447 3354 1515 et
3400 1464 3525 1535 po·

1976 1557 2254 1630 tentia.

2064 1676 2180 1743 Ex
2237 1672 2644 1765 praedictis
2708 1677 2950 1766 patet,
3008 1676 3211 1767 quod
3271 1690 3523 1766 tempus

1976 1790 2145 1862 ideo
2189 1795 2311 1864 est
2357 1812 2739 1862 mensura
2780 1813 3054 1864 rerum
3116 1796 3521 1887 tempora-

1972 1906 2196 1989 lium,
2245 1907 2428 2001 quia
2468 1909 2660 1981 dicit
2695 1908 3236 2000 quantitatem
3281 1912 3520 1984 fluen-

1970 2023 2245 2095 tem'in
2309 2026 2692 2098 continua
2736 2029 3272 2112 successione,
3311 2030 3521 2102 sicut

1966 2163 2098 2207 esse
2149 2139 2437 2213 talium
2498 2162 2776 2214 rerum
2825 2145 2946 2215 est
3005 2143 3081 2215 in
3131 2144 3518 2219 continuo

1968 2258 2212 2341 fluxu,
2268 2265 2346 2333 et
2391 2261 2927 2334 successione.
2969 2264 3112 2335 Sed
3144 2289 3354 2333 (evum
3396 2269 3518 2337 est

1969 2395 2349 2448 mensura
2396 2378 3042 2452 substantiarum
3099 2387 3520 2473 separata-

1968 2511 2174 2575 rum,
2226 2492 2408 2585 quia
2470 2494 2662 2568 dicit
2725 2495 3291 2586 quantitatem,
3342 2518 3516 2590 quae

1970 2608 2265 2700 incepit
2341 2614 2421 2682 et
2521 2615 2788 2702 potest
2866 2612 3254 2696 desinere,
3341 2635 3515 2707 quac

1962 2746 2123 2797 non
2165 2729 2286 2797 est
2323 2730 2497 2799 tota
2533 2727 2773 2798 simul
2813 2755 2825 2797 :
2865 2729 2988 2801 vel
3027 2728 3238 2801 forte
3275 2730 3514 2805 habet

1963 2841 2320 2933 aliquam
2354 2848 2735 2914 naturam
2775 2845 3338 2930 successioniS,
3371 2848 3515 2921 sci·
3577 2900 3581 2904 -

1961 2958 2176 3040 licet,
2235 2961 2467 3049 quale
2511 2965 2633 3033 est
2691 2986 2844 3043 esse,
2911 2966 2987 3033 et
3043 2965 3321 3035 modus
3392 2988 3515 3037 es-

1962 3070 2176 3141 sendi
2213 3074 2289 3141 et
2333 3072 2672 3142 durandi
2745 3072 3077 3143 illarum
3143 3075 3513 3148 substan-

1959 3184 2292 3257 tiarum.
2334 3192 2702 3256 <merassas
2732 3190 3253 3264 vcrodicitur
3295 3213 3513 3264 men-

1960 3323 2152 3374 sura
2216 3303 2527 3374 essendi
2613 3304 2778 3377 vivi
2843 3306 3018 3379 veri
3089 3311 3165 3379 et
3234 3307 3507 3392 divini,

1959 3442 2132 3512 quse
2174 3422 2365 3494 dicit
2401 3422 2581 3512 quid
2608 3422 2952 3515 simplex
2979 3423 3507 3506 immutabile,

1956 3542 2033 3608 et
2079 3539 2558 3610 invariabile
2592 3543 2774 3612 actu
2810 3543 2888 3611 et
2926 3542 3312 3633 potentia,
3351 3564 3509 3616 non

1958 3652 2259 3726 habens
2307 3655 2821 3747 principium,
2870 3661 3005 3728 aut
3038 3661 3302 3741 finem,
3362 3681 3504 3732 nec

1957 3774 2168 3853 actu,
2235 3793 2376 3843 nec
2450 3773 2873 3864 potentia:
2943 3774 3057 3847 sic
3126 3801 3261 3843 esse
3316 3777 3505 3849 divi-

1954 3909 2144 3958 num
2189 3887 2334 3959 has
2381 3889 2921 3981 perfectiones
2962 3890 3052 3962 de
3115 3913 3196 3962 se
3239 3892 3500 3968 habet.

2042 4002 2334 4076 Differt
2369 4007 2642 4075 tamen
2704 4010 3043 4073 (eternitas
3085 4027 3130 4077 a
3173 4008 3504 4098 prfrdic-

1954 4118 2086 4203 tis,
2143 4121 2326 4212 quia
2390 4121 2467 4192 in
2522 4124 2893 4214 tempore
2936 4126 3014 4196 et
3075 4145 3246 4197 aevo
3294 4146 3503 4196 rnen-

1956 4257 2150 4307 sura
2241 4237 2511 4310 differt
2599 4259 2644 4308 a
2733 4246 3202 4315 mensurato
3294 4243 3505 4316 sicut

1954 4353 2320 4426 accidens
2366 4375 2408 4426 a
2452 4355 2843 4448 subjectO,
2885 4359 3314 4430 secundum
3366 4361 3504 4432 ali-

1954 4491 2179 4561 quos,
2249 4471 2379 4561 qui
2460 4477 2806 4564 ponunt,
2886 4477 3090 4567 quod
3158 4482 3349 4564 prius
3425 4482 3505 4551 et

1945 4593 2277 4674 posterius
2352 4589 2424 4659 ill
2520 4591 2740 4659 motu
2809 4595 3076 4682 potest
3157 4593 3503 4686 intelligi

1949 4700 2409 4792 dupliciter,
2458 4703 2581 4772 vel
2676 4704 2751 4774 in
2827 4713 3077 4791 motu,
3154 4713 3238 4782 ut
3309 4730 3500 4802 pars

1952 4806 2031 4876 in
2086 4811 2260 4880 toto
2311 4834 2323 4874 :
2369 4812 2447 4882 et
2506 4810 2661 4880 isto
2720 4814 2954 4883 inodo
2987 4819 3181 4902 prius
3223 4817 3299 4887 in
3337 4839 3497 4890 mo-

1950 4924 2035 4991 tu
2073 4925 2150 4992 et
2187 4928 2539 5011 posterius,
2606 4944 2764 4995 non
2802 4931 2987 4999 sunt
3023 4929 3250 5010 idem,
3292 4938 3496 5023 quod

1947 5040 2296 5130 tempus,
2337 5040 2469 5110 sed
2504 5045 2688 5113 sunt
2717 5047 2988 5132 partes
3016 5049 3308 5118 motus.
3349 5054 3492 5122 Eo-

1946 5155 2120 5225 dem
2163 5155 2392 5226 modo
2424 5156 2696 5230 dicunt
2736 5157 2825 5227 dc
2859 5179 3031 5229 aevo
3075 5160 3152 5231 in
3177 5164 3496 5236 aeviter-

1947 5289 2074 5346 no,
2145 5274 2531 5360 quantum
2595 5272 2689 5343 ad
2735 5271 3303 5349 inhaerentiam
3364 5299 3495 5352 ac-

1945 5384 2450 5458 cidentalein.
