4252 6393
786 453 899 533 ‘162
1966 441 2110 516 tin.
2163 449 2230 515 u.
2279 435 2821 515 Mss'rnono'nuu

775 626 1007 698 nubis
1068 618 1722 699 circumstantis,
1798 635 1972 708 quae
2033 611 2322 685 fortifi-

772 748 979 816 catae
1026 743 1309 834 petunt
1356 737 1668 810 exitum
1712 754 1758 806 a
1800 730 2030 813 nube,
2079 750 2124 801 a
2165 748 2323 820 qua

776 858 1245 952 propellunt
1341 853 1815 945 quandoque
1909 848 2316 924 deorsum,

776 976 1248 1069 quandoque
1343 971 1439 1043 ad
1533 968 1740 1040 alias
1818 962 2321 1037 differentias

777 1090 1212 1186 positionis
1270 1115 1285 1157 :
1350 1090 1431 1159 et
1500 1085 1689 1177 quia
1752 1086 2021 1155 motus
2081 1078 2321 1150 habet

774 1208 1224 1281 calefacere
1283 1208 1364 1276 et
1426 1201 1961 1278 inflammare,
2036 1200 2123 1269 ut
2169 1194 2322 1266 ‹lic-

776 1331 949 1400 tum
1011 1322 1188 1403 fuit,
1251 1321 1420 1392 ideo
1475 1317 1945 1411 quandoque
2018 1311 2323 1384 inflam-

782 1445 1111 1514 mantur
1183 1434 1750 1510 exhalationes
1804 1432 1979 1504 istae
2034 1449 2082 1500 a
2134 1448 2323 1521 pro-

674 1539 677 1540 *
786 1559 1022 1652 pulsu
1065 1576 1111 1627 a
1143 1554 1347 1626 nube
1388 1557 1468 1626 et
1503 1552 1903 1644 apparent
1944 1565 2325 1618 corusca-

789 1675 1079 1754 tioneS,
1126 1674 1207 1743 et
1259 1675 1448 1743 tunc
1484 1667 1733 1738 nubes
1781 1662 2196 1741 dividitur,
2245 1662 2325 1732 ct

765 1805 884 1863 :ex
921 1790 1059 1862 illa
1088 1786 1482 1860 divisione
1522 1783 1610 1856 fit
1645 1802 1918 1862 sonuS,
1960 1783 2041 1852 et
2086 1797 2326 1869 appa-

792 1911 918 1980 ret
961 1906 1256 1996 fulgor,
1319 1907 1400 1975 et
1443 1902 1785 1993 propter
1825 1895 2323 1970 claritatem,

787 2028 867 2097 et
925 2021 1434 2115 splendorem
1504 2017 1853 2088 vocatur
1928 2012 2320 2088 coruscaliO,

779 2141 903 2214 iita
963 2137 1171 2230 quod
1243 2136 1519 2207 eadem
1588 2135 1712 2203 est
1802 2127 2177 2207 materia,
2249 2128 2329 2198 et

780 2253 1130 2350 ‘propter
1198 2272 1487 2324 sonum
1539 2251 1890 2320 vocatur
1932 2247 2323 2312 tonitruum.

785 2365 794 2414 ’ἶ
879 2370 1266 2449 Secundo,
1315 2365 1725 2439 sciendum
1772 2361 1981 2454 quod
2012 2379 2172 2430 non
2209 2378 2327 2428 so-

788 2490 955 2561 lum
998 2486 1157 2557 illae
1215 2480 1778 2555 exhalationes
1823 2475 2329 2548 inflamman-

790 2611 927 2679 tur
977 2604 1453 2697 permotum
1495 2595 1866 2674 localem,
1903 2592 2037 2664 sed
2088 2610 2328 2682 quan·

788 2724 1043 2814 doque
1086 2718 1512 2812 igniuntur
1544 2735 1692 2807 per
1738 2710 2002 2782 solam
2046 2707 2329 2779 fortifi-

790 2836 1199 2912 cationem
1277 2829 1581 2906 caloris
1659 2848 1705 2898 a
1788 2825 2082 2916 frigido
2178 2821 2329 2894 cir-

792 2959 1280 3028 cumstante.

882 3072 1001 3142 Ex
1078 3067 1261 3142 istis
1322 3069 1570 3159 patet,
1635 3061 1815 3155 quis
1878 3059 1984 3132 sit
2047 3055 2329 3128 modus

792 3183 1349 3280 generationis
1382 3176 2011 3257 coruscationis,
2049 3177 2130 3247 et
2154 3191 2328 3264 quae

792 3308 980 3377 sunt
1026 3321 1291 3375 causae
1362 3298 1538 3391 ejus
1600 3324 1614 3367 ε
1662 3317 1850 3367 nam
1893 3311 2144 3366 causa
2201 3309 2327 3361 co-

792 3418 1288 3494 ruscationis
1358 3413 1841 3492 materialis,
1908 3413 2034 3482 est
2090 3405 2329 3479 exha-

786 3538 986 3612 latio
1055 3535 1314 3608 calida
1371 3536 1452 3606 et
1523 3530 1769 3627 sicca,
1853 3521 2329 3616 aliqualiter

789 3658 1218 3727 unctuosa.
1261 3650 1406 3723 Sed
1463 3667 1712 3720 causa
1776 3642 2138 3716 efficiens
2203 3659 2328 3709 re-

789 3775 1012 3843 mota
1066 3773 1191 3842 est
1234 3764 1642 3855 frigiditas
1701 3760 1934 3835 nubis
1985 3756 2327 3829 circum-

785 3886 1051 3960 dantis
1130 3880 1759 3954 exhalationem.
1848 3875 1993 3949 Sed
2080 3891 2330 3944 causa

790 4000 1246 4093 propinqua
1318 4000 1398 4068 et
1443 3990 1908 4066 immediata
1949 3988 2149 4079 ejuS,
2204 3984 2329 4055 vcl

788 4122 913 4189 cst
948 4119 1217 4188 motus
1264 4112 1771 4183 inflammans
1816 4108 2156 4197 propter
2203 4124 2331 4173 ve-

789 4233 1236 4309 locitatem,
1319 4226 1446 4297 vel
1524 4224 1755 4296 calor
1831 4219 2326 4293 fortifica-tus

787 4370 934 4444 per
966 4341 1610 4438 antiperistasin.
1672 4338 1816 4412 Sed
1873 4356 2121 4407 causa
2153 4335 2327 4426 ejus

786 4462 1161 4537 formalis
1195 4463 1319 4532 est
1357 4456 1757 4550 splendor,
1796 4455 1921 4525 vel
1953 4451 2322 4532 claritaS,

788 4583 973 4675 quia
1007 4601 1054 4651 a
1085 4576 1468 4651 claritate
1519 4570 1936 4644 exhalatio
1978 4574 2326 4642 vocatur

782 4698 1175 4777 οονιιεεαιίο,
1243 4697 1322 4765 et
1400 4689 1645 4762 aliter
1703 4706 1887 4760 non.
1944 4688 2043 4758 Et
2111 4684 2327 4757 forte

780 4831 1029 4885 causa
1060 4808 1326 4882 finalis
1361 4809 1486 4877 est
1536 4802 1755 4873 salus
1791 4800 2325 4892 quorumdam

779 4926 1226 5000 viventium
1285 4922 1417 4994 hic
1488 4917 1852 4997 inseriuS,
1925 4915 2112 5006 quia
2182 4934 2326 5005 per

780 5045 1026 5120 talem
1061 5034 1785 5113 inflammationem
1842 5049 2325 5104 consumun-

781 5168 921 5237 tur
954 5159 1227 5231 multae
1260 5151 1784 5225 humiditates
1823 5148 2191 5227 viscosae,
2244 5149 2324 5218 et

783 5278 1254 5350 infectuosae
1316 5268 1559 5346 aeris,
1643 5263 2012 5357 quamvis
2072 5247 2323 5334 ctiam

784 5389 1427 5481 corrumpantur
1486 5382 1758 5473 aliqua
1814 5378 2197 5459 viventia,
2239 5384 2326 5453 ut

790 5515 1077 5606 postea
1117 5504 1457 5577 dicetur.

882 5623 1183 5699 Tertio,
1232 5615 1642 5690 sciendum
1694 5610 1901 5703 quod
1953 5611 2322 5702 quamvis

2440 610 2903 684 tonitruum
2965 613 3045 682 et
3105 604 3578 680 coruscatio
3647 605 3845 679 fiant
3879 622 3964 676 ex
3987 631 4197 686 rom-erum

2439 727 2717 798 eadem
2798 726 3174 806 materia,
3240 729 3514 798 tamen
3571 705 4197 825 diffe1·unt,{f‚1,·,}‘⁰,}'.·¹‘53

2439 842 2628 934 quia
2681 842 2907 935 prius
2964 846 3360 916 causatur
3408 862 3655 914 sonus
3696 862 3794 912 ex
3841 839 3968 914 illa
4048 831 4156 872 ''W“

2438 946 2787 1033 materia
2883 980 3126 1051 quam
3229 960 3370 1033 flat
3473 958 3962 1040 coruscatio,

2439 1074 2753 1149 scilieet
2786 1097 2883 1147 ex
2926 1097 3022 1147 eo
3059 1077 3268 1167 quod
3298 1075 3716 1150 exhalatio
3755 1075 3968 1168 prius

2440 1196 2818 1265 movetur
2863 1212 3006 1284 per
3073 1192 3393 1274 nubem,
3460 1212 3707 1284 quam
3771 1192 3969 1264 suffi-

2437 1306 2603 1381 ciat
2671 1308 2959 1380 nubem
3035 1308 3434 1391 dividere3
3510 1314 3591 1382 et
3661 1331 3759 1381 ex
3839 1309 3970 1381 tali

2442 1428 2662 1498 motu
2720 1429 3116 1498 causatur
3167 1446 3442 1508 sonuS,
3497 1430 3580 1499 et
3642 1426 3973 1519 quando·

2441 1560 2590 1630 que
2635 1539 2873 1612 simul
2909 1541 3109 1614 fiunt
3141 1541 3614 1615 coruscatio
3656 1544 3738 1615 et
3785 1541 3975 1615 toni-

2440 1660 2744 1738 truum,
2801 1661 3077 1730 tamen
3128 1657 3626 1751 partialiter.
3679 1660 3977 1730 Verum

2440 1774 2712 1843 tamen
2744 1777 2894 1854 est,
2934 1775 3138 1865 quod
3175 1774 3551 1865 quamvis
3585 1774 3822 1867 prius
3847 1773 3976 1846 fiat

2441 1887 2927 1971 tonitruum,
3006 1890 3234 1982 prius
3307 1895 3579 1964 tamen
3641 1897 3977 1984 apparet

2441 2007 2939 2081 coruscatio.
3004 2007 3254 2100 Cujus
3297 2029 3549 2081 causa
3597 2014 3747 2090 est,
3798 2009 3978 2100 quia

2442 2123 2716 2195 lumen
2786 2123 3280 2216 multiplicat
3351 2146 3433 2196 se
3497 2146 3640 2218 per
3690 2126 3976 2198 altera-

2442 2237 2773 2320 tionem,
2821 2245 2902 2314 et
2937 2243 3523 2332 quodammodo
3568 2242 3863 2323 subito,
3907 2247 3981 2314 et

2441 2375 2600 2426 non
2645 2359 3197 2448 temporanee,
3272 2358 3404 2428 sed
3439 2378 3686 2428 sonus
3722 2357 3982 2430 multi-

2445 2470 2804 2563 plicatur
2847 2492 2992 2564 per
3026 2476 3338 2544 motum
3375 2473 3740 2555 localem,
3802 2473 3983 2566 quia

2442 2586 2539 2657 ad
2588 2585 2739 2657 hoc
2797 2587 3002 2678 quod
3053 2588 3432 2662 audiatur
3499 2589 3979 2670 tonitruum,

2445 2702 2901 2794 requiritur
2933 2704 3140 2796 quod
3174 2704 3280 2779 sit
3314 2706 3636 2797 quidam
3671 2711 3985 2780 tremor

2443 2819 2662 2891 aeris
2724 2819 3214 2911 proveniens
3277 2822 3368 2893 de
3435 2823 3641 2894 nube
3710 2823 3810 2895 ad
3867 2843 3984 2895 ae·

2444 2955 2617 3006 rem
2670 2962 2684 3004 ε
2728 2936 2958 3008 modo
3003 2956 3326 3029 semper
3379 2943 3646 3012 motus
3700 2939 3982 3012 localis

2447 3051 2796 3144 requirit
2864 3057 3484 3145 tempora-neam
3543 3057 3986 3129 successio-

2442 3188 2652 3241 nem.
4195 3262 4196 3265 Ἴ

2531 3287 2866 3367 Quarto,
2916 3285 3326 3358 sciendum
3370 3287 3461 3358 de
3501 3289 3985 3379 magnitudi-
4117 3284 4196 3369 ⁵4

2442 3419 2538 3470 ne
2580 3400 3212 3481 coruscationis,
3281 3402 3469 3494 quia
3503 3424 3665 3476 non
3715 3406 3984 3477 solum
4195 3388 4196 3391 ¹

2442 3516 2533 3589 fit
2609 3517 3083 3590 coruscatio
3177 3540 3322 3612 per
3415 3521 3985 3595 inflammatio-

2443 3652 2624 3704 nem
2712 3635 3108 3715 materiae,
3183 3636 3317 3707 sed
3371 3637 3644 3709 multae
3707 3643 3988 3730 partes

2441 3749 2614 3841 ejus
2649 3750 2852 3823 fiunt
2885 3771 3029 3842 per
3063 3752 3588 3824 reflexionem
3622 3753 3986 3827 luminiS.

2441 3865 2588 3937 Ubi
2651 3866 3085 3948 sciendum,
3160 3870 3367 3960 quod
3408 3891 3770 3963 corpora
3810 3873 3990 3944 den-

2443 3980 2669 4052 siora
2740 3982 2998 4071 magis
3072 3989 3266 4056 nata
3315 3990 3501 4059 sunt
3562 3986 3992 4062 reflectere

2442 4096 2710 4168 lumen
2781 4118 3021 4188 quam
3078 4120 3432 4192 corpora
3503 4104 3867 4187 rariora,
3914 4110 3993 4179 ct

2445 4212 2616 4285 ideo
2698 4215 2943 4286 nubes
3015 4216 3648 4295 circumstantes
3742 4227 3992 4296 mate-

2446 4330 2653 4402 riam
2755 4332 3341 4409 inssammatam
3431 4338 3986 4430 resplendent,

2445 4454 2783 4541 propter
2853 4452 3375 4524 reflexionem
3460 4454 3793 4529 luminis
3895 4458 3990 4529 ad

2444 4563 2660 4656 ipsas
2711 4567 2982 4650 nubes,
3055 4574 3135 4642 et
3204 4568 3375 4641 ideo
3443 4569 3572 4641 hic
3635 4578 3991 4666 apparet

2441 4683 2909 4757 coruscatio
2985 4685 3274 4776 maior,
3351 4706 3590 4777 quam
3680 4689 3749 4761 si
3824 4710 3988 4761 non

2440 4802 2655 4872 essct
2696 4798 2968 4869 nubes.
3008 4802 3107 4873 Et
3142 4800 3257 4873 sic
3292 4805 3513 4893 patet
3546 4804 3753 4894 quod
3789 4809 3989 4878 tem·

2443 4931 2641 5001 pore
2700 4913 3086 4986 nebuloso
3157 4919 3237 4988 et
3299 4914 3672 4999 obscure,
3733 4919 3992 5011 majo·

2442 5050 2572 5100 res
2614 5029 2895 5103 debent
2929 5051 3330 5125 apparere
3362 5036 3991 5110 coruscationes

2440 5163 2680 5234 quam
2732 5149 3101 5238 tempore
3163 5170 3482 5233 sereno,
3546 5154 3627 5224 et
3685 5150 3986 5234 lucido,

2441 5265 2779 5353 propter
2834 5262 3036 5334 duo:
3087 5265 3395 5348 Prim0,
3461 5271 3807 5360 propter
3869 5289 3990 5340 re-

2437 5374 2866 5459 flexionem
2930 5379 3271 5470 majoris
3329 5381 3767 5456 claritatis.
3860 5388 3991 5457 Se-

2436 5496 2716 5577 cunde,
2765 5496 2954 5586 quia
2999 5500 3370 5590 tempore
3413 5498 3787 5581 obscuro,
3844 5500 3990 5573 mi-

2435 5631 2586 5682 nus
2648 5610 3127 5685 obfuscatur
3192 5613 3533 5688 claritas
3593 5635 3987 5704 corusca·
