4252 6393
433 5516 515 5566 ¹0.

720 367 837 434 672

704 534 946 615 rium,
984 534 1192 625 quod
1225 532 1416 605 licet
1450 533 1532 606 in
1566 552 1650 604 se
1686 532 1793 605 sit
1825 529 2252 610 divisibile,

709 654 971 724 totum
1006 651 1280 722 tamen
1318 648 1410 722 fit
1454 647 1721 729 simul,
1767 644 1864 718 ut'
1907 644 2256 736 alicujus

1892 368 1995 431 DE
2037 363 2303 434 RERUM
2349 367 2735 433 PRINCIPIO

2373 532 2606 621 parte
2642 530 3082 622 temporisz
3129 547 3328 619 ergo
3386 528 3586 602 idem
3627 531 3745 599 est
3799 526 3893 601 fa-

2369 667 2555 718 cere
2599 667 2771 719 rem
2821 647 2902 719 in
2952 646 3319 728 instanti,
3372 652 3453 719 ct
3496 646 3577 719 in
3619 650 3891 738 tempo·

701 768 1265 840 determinatae
1298 765 1561 859 partis
1592 762 1964 856 expulsio
2004 762 2095 832 de
2140 760 2258 832 la-
2371 781 2485 841 re,
2566 769 2646 837 et
2682 764 2797 837 sic
2843 764 3048 837 idem
3097 769 3221 838 est
3272 764 3544 836 facere
3586 784 3755 835 rem
3809 764 3891 837 si-

704 883 881 976 pide
921 884 1011 959 fit
1045 883 1312 966 simul,
1351 887 1430 958 et
1463 903 1623 954 non
1658 901 1849 974 pars
1890 878 2092 972 ejus,
2130 899 2255 949 ex-

704 1002 1040 1094 pellitur
1088 1024 1135 1075 a
1197 1006 1429 1099 parte
1473 1004 1897 1093 guttarum
1962 1017 2255 1070 cavan-

705 1121 910 1194 tium
953 1119 1033 1193 in
1078 1125 1310 1213 parte
1367 1117 1791 1210 temporis,
1884 1115 2017 1187 sed
2076 1118 2253 1188 tota

703 1235 845 1309 illa
914 1256 1106 1328 pars
1150 1235 1390 1308 simul
1450 1239 1529 1308 et
1578 1234 1653 1305 in
1724 1230 2060 1305 instanti
2122 1252 2250 1302 ex-

706 1352 1061 1444 pellitur.
1146 1355 1243 1423 Et
1323 1351 1472 1425 hoc
1542 1354 1691 1431 est,
1766 1348 1971 1440 quod
2058 1347 2249 1420 dicit

700 1469 1189 1542 Aristotcles
1240 1469 1329 1541 de
1370 1466 1797 1541 cavatione
1859 1464 2147 1557 lapidis
2178 1468 2243 1533 8.

698 1590 1163 1675 mimicorum,
1201 1600 1358 1656 text.
1402 1609 1634 1655 comm.
1666 1586 1775 1656 23.
1815 1586 1963 1652 Non
1987 1587 2166 1651 enim
2189 1586 2251 1649 si

701 1716 956 1771 tantum
995 1705 1257 1791 effodit,
1319 1704 1471 1775 ete.
1520 1704 1617 1775 Et
1679 1700 1883 1773 idem
1942 1700 2119 1773 dico
2156 1698 2246 1768 (10

700 1819 1235 1900 alteratione,
1358 1822 1440 1892 et
1549 1815 2240 1909 augmentatione,

698 1936 903 2027 quod
939 1935 1252 2008 scilicet
1289 1934 1507 2017 illud,
1555 1935 1636 2007 in
1668 1953 1824 2025 quo
1858 1931 1947 2004 fit
1977 1931 2245 2024 prima

696 2051 1108 2134 alteratio,
1135 2055 1214 2126 et
1236 2049 1795 2143 augmentatio
1820 2049 1909 2123 fit
1944 2047 2238 2128 subito,

693 2172 774 2243 et
836 2170 917 2241 in
959 2167 1324 2250 instanti,
1394 2167 1830 2241 secundum
1882 2165 2242 2256 aliquam

698 2286 1156 2377 portionem
1186 2286 1839 2361 determinatam.

783 2405 882 2476 Et
924 2402 1075 2477 hoc
1119 2403 1326 2477 idcm
1367 2403 1540 2477 vult
1583 2400 1968 2476 similiter
2019 2401 2239 2472 Aris-

692 2520 988 2596 totcles
1038 2521 1348 2594 ibidem:
1398 2523 1732 2589 Similiter
1769 2533 1987 2588 autem
2025 2532 2118 2586 est
2159 2520 2239 2586 de

689 2638 1087 2705 alteratione
1152 2639 1465 2728 qnalibet,
1557 2639 1709 2709 etc.
1808 2634 1957 2706 Ubi
2043 2632 2239 2706 dicit

692 2754 1349 2837 Commentator;
1387 2758 1466 2822 Si
1489 2757 1714 2843 prima
1742 2776 1927 2842 pars,
1964 2775 2107 2840 qtae
2129 2755 2207 2836 sit

687 2895 771 2939 m:
812 2874 1389 2953 transmutatione,
1435 2892 1569 2938 non
1616 2881 1775 2936 esset
1828 2870 2235 2936 determina-

688 3003 777 3072 ta,
822 3004 884 3059 et
921 3014 1123 3080 aqens
1162 3000 1615 3058 transmutans
1654 2991 1871 3077 ipsam
1912 3009 2044 3054 non
2075 2998 2236 3053 esset

689 3109 1150 3176 determinatae
1202 3108 1493 3188 virtutis,
1559 3118 1711 3172 tunc
1766 3105 1992 3171 omnia
2064 3105 2234 3169 sient

684 3227 795 3292 illi
829 3228 1116 3315 linqunt,
1161 3235 1373 3293 essent
1419 3226 1489 3290 in
1526 3223 1845 3290 continua
1904 3233 2234 3287 transmu-

685 3344 932 3409 tatione
964 3369 984 3408 .·
1024 3341 1138 3408 sed
1173 3343 1399 3430 prima
1436 3360 1599 3428 pars
1624 3341 1695 3406 in
1723 3349 1874 3404 actu
1913 3349 2226 3418 motuum,

683 3461 800 3546 qui
824 3460 1023 3543 liunt,
1056 3460 1193 3524 sive
1223 3459 1433 3542 faerit
1466 3456 1935 3523 transmutatio
1957 3457 2033 3521 in
2064 3457 2226 3535 loce,

680 3584 797 3639 aut
863 3573 938 3640 in
1000 3573 1345 3662 qualitate,
1390 3583 1505 3638 aut
1572 3573 1645 3638 in
1699 3571 2093 3658 quantitate,
2155 3570 2234 3652 sit

677 3691 913 3769 subita,
952 3689 1024 3756 id
1054 3699 1167 3769 est,
1204 3691 1278 3755 in
1319 3688 1622 3767 instanti,
1659 3698 1720 3752 et
1767 3707 1903 3752 non
1947 3688 2019 3752 in
2070 3697 2232 3751 tem-

677 3827 838 3891 pore
880 3807 1084 3873 :etsi
1115 3827 1270 3885 non,
1309 3815 1467 3871 tunc
1513 3814 1669 3870 ante
1727 3803 2229 3869 transmutatio-

675 3943 825 3991 nem
855 3933 1017 3990 esset
1066 3923 1561 4001 transmutatae,
1605 3931 1666 3987 et
1708 3941 1842 3986 non
1893 3919 2228 3986 invenire-

679 4051 788 4107 tur
854 4040 1324 4106 transmutatio
1392 4059 1563 4104 noua
1639 4037 1933 4103 omnino.
2020 4035 2227 4104 Ecce

676 4155 960 4246 aperte
1024 4155 1105 4226 et
1165 4152 1597 4225 secundum
1666 4148 2221 4229 Aristotelem,

675 4272 753 4342 et
878 4269 1316 4342 secundum
1439 4268 2219 4347 commentatorem,

679 4386 887 4476 quod
930 4388 1055 4459 est
1113 4385 1307 4457 dare
1386 4382 1764 4475 primam,
1845 4385 1925 4453 ct
1992 4379 2225 4452 1111111-

677 4520 917 4583 mam,
972 4505 1054 4574 et
1106 4519 1405 4572 novam
1451 4502 1778 4590 partem
1825 4501 2094 4570 motus
2144 4499 2224 4570 et

671 4616 1098 4708 temporis,
1215 4617 1697 4707 inquantum
1788 4615 1947 4686 ista
2035 4618 2225 4688 sunt

686 4734 1132 4809 accidentia
1241 4732 1681 4813 naturalia,
1803 4731 2013 4804 sicut
2148 4733 2226 4804 in

681 4851 881 4944 ipsis
1009 4848 1540 4941 qualitatibus
1641 4869 1783 4939 per
1914 4852 2225 4923 motum

668 4967 1092 5057 acquisitis
1184 4967 1309 5038 vel
1445 4963 1954 5044 introductis,
2100 4969 2225 5040 est

672 5086 866 5157 darc
947 5082 1372 5155 minimum
1432 5081 1832 5162 naturale,
1911 5085 1995 5155 ut
2091 5080 2225 5152 ha-

668 5202 907 5275 betur
963 5203 1026 5273 1.
1114 5203 1442 5286 physicor-
1509 5211 1668 5266 teaet.
1740 5222 1901 5268 com.
1986 5201 2097 5271 38.
2168 5213 2228 5266 et

674 5321 1009 5407 deinceps.

763 5435 845 5509 Si
885 5452 1085 5525 crgo
1131 5432 1495 5523 objicias,
1563 5436 1647 5504 ut
1690 5452 1963 5523 supra,
2016 5431 2222 5523 quod

2372 879 2537 948 mul
2580 883 2656 951 et
2693 879 2960 953 facere
3005 879 3486 952 successive.

2459 997 2735 1070 Potest
2801 997 2981 1077 dici,
3049 998 3254 1089 quod
3310 1017 3558 1089 supra
3615 996 3892 1070 diceba·
3946 985 4105 1039 δοιώ·

2369 1116 2533 1194 tur,
2574 1114 2782 1203 quod
2833 1138 2991 1196 esse,
3041 1116 3245 1206 quod
3297 1116 3385 1187 fit
3432 1115 3672 1186 simul
3712 1120 3783 1188 ct
3826 1116 3892 1187 111

2367 1234 2735 1317 instanti,
2805 1235 3017 1310 sicut
3062 1237 3540 1329 inquantum
3582 1241 3707 1311 est
3748 1258 3894 1310 ma·

2364 1370 2588 1430 nens,
2632 1357 3380 1435 mensuraturaevo,
3416 1374 3579 1425 non
3611 1357 3896 1447 tempo·

2365 1487 2452 1537 rc
2491 1490 2505 1533 :
2545 1467 2660 1539 sic
2709 1468 2885 1558 ejus
2928 1467 3177 1542 factio
3231 1474 3757 1542 mensuratur
3809 1468 3896 1541 ab

2363 1581 2704 1655 instanti
2756 1584 2932 1664 mvi,
2978 1605 3139 1656 non
3182 1585 3603 1679 temporis,
3658 1588 3736 1659 ct
3793 1585 3892 1657 ita

2362 1717 2523 1770 non
2564 1699 3075 1783 contradicit,
3133 1702 3337 1793 quod
3404 1702 3679 1775 eadem
3750 1721 3889 1781 reS,

2362 1835 2535 1905 quae
2579 1816 2772 1890 fitin
2810 1817 3178 1902 instanti,
3215 1822 3353 1893 iiat
3384 1818 3466 1891 in
3505 1823 3889 1911 tempore;

2358 1931 2482 2002 vel
2541 1953 2717 2023 quae
2767 1936 2857 2009 111
2912 1935 3177 2016 simul,
3222 1936 3365 2011 fiat
3416 1934 3888 2015 successive,

2357 2046 2545 2138 quia
2616 2048 2810 2121 illud
2854 2051 3171 2125 instans
3221 2072 3382 2124 non
3423 2057 3549 2127 est
3593 2051 3893 2127 instans

2357 2166 2780 2257 temporis,
2841 2172 2928 2240 ut
3001 2167 3389 2261 supponis
3454 2192 3470 2236 :
3528 2170 3721 2261 quia
3779 2189 3892 2243 ac-

2353 2279 2715 2372 cipiendo
2807 2284 3120 2358 instans
3211 2287 3651 2360 secundum
3743 2307 3890 2361 mo·

2351 2395 2536 2469 dum
2601 2399 2978 2493 superius
3045 2401 3374 2485 dictum,
3440 2406 3524 2476 ut
3596 2405 3894 2479 scilicet

2352 2511 2832 2604 inquantum
2920 2518 3115 2594 dicit
3208 2519 3726 2613 principium,
3777 2522 3894 2595 vel

2350 2630 2589 2705 finem
2649 2635 3073 2727 temporis,
3136 2656 3295 2708 non
3353 2637 3545 2713 dicit
3604 2638 3896 2730 aliquid

2353 2750 2818 2841 positivum,
2866 2753 2999 2824 sed
3052 2753 3317 2825 solum
3352 2754 3894 2846 privationem

2350 2867 2826 2950 anterioris,
2881 2869 3006 2942 vel
3053 2870 3479 2944 ulterioris
3546 2873 3896 2947 duratio-

2349 2981 2498 3054 nis.
2543 2984 2710 3057 Isto
2749 2985 2982 3058 modo
3029 2986 3228 3059 nihil
3270 2987 3360 3061 fit
3406 2988 3487 3061 in
3527 2987 3890 3069 instanti,

2348 3118 2491 3172 nec
2535 3105 2834 3183 motus,
2880 3122 3023 3175 nec
3069 3124 3198 3176 res
3250 3103 3528 3199 aliqua
3581 3126 3896 3200 perma-

2345 3237 2568 3289 nens.
2625 3218 2706 3291 Si
2748 3222 3021 3291 autem
3058 3220 3371 3296 instans
3413 3224 3893 3316 accipiatur,

2347 3338 2434 3408 ut
2491 3333 2687 3408 dicit
2741 3334 3093 3426 primam
3124 3341 3204 3411 et
3248 3339 3672 3412 minimam
3717 3359 3897 3432 par-

2347 3454 2508 3522 tem
2548 3451 2970 3542 temporis,
3018 3452 3496 3544 inquantum
3526 3460 3656 3529 est
3699 3455 3897 3528 acci-

2343 3566 2533 3637 dens
2594 3569 2997 3649 naturale,
3047 3569 3205 3642 isto
3277 3573 3507 3644 modo
3552 3575 3762 3665 quod
3811 3573 3897 3644 111

2345 3682 2426 3754 111
2489 3682 2856 3768 instanti,
2929 3689 3015 3760 lit
3107 3686 3187 3760 in
3256 3692 3656 3782 tompore.
3734 3692 3894 3764 Nec

2345 3804 2617 3873 tamen
2673 3801 3044 3893 sequitur
3103 3803 3472 3888 ulterius,
3537 3808 3750 3899 quod
3819 3809 3897 3881 Iit

2343 3916 2423 3989 in
2519 3915 2886 4001 instanti,
2969 3921 3057 3994 fit
3147 3921 3432 4004 simul;
3527 3925 3740 4014 quod
3809 3924 3895 3996 fit

2345 4031 2421 4103 in
2478 4036 2871 4125 tempore,
2958 4037 3046 4110 111
3126 4040 3618 4119 success-ivm
3696 4059 3893 4129 crgo

2341 4147 2544 4220 idem
2595 4153 2684 4224 fit
2718 4151 2959 4222 simul
3001 4157 3082 4227 ct
3133 4155 3620 4236 successive,
3710 4156 3898 4249 quia

2337 4264 2805 4357 accipiendo
2839 4279 3090 4358 tempus
3136 4289 3284 4360 pro
3332 4271 3672 4345 minima
3712 4293 3895 4366 par-

2341 4382 2416 4453 te
2489 4382 2909 4474 temporiS,
2966 4387 3173 4476 quod
3214 4388 3301 4459 111
3364 4386 3446 4460 111
3497 4389 3646 4463 tali
3701 4395 3898 4465 tcm-

2341 4517 2561 4590 porc,
2622 4519 2780 4570 non
2820 4500 2909 4575 fit
2971 4503 3473 4587 successive,
3539 4511 3627 4581 ut
3673 4510 3897 4600 patet

2339 4636 2483 4707 per
2541 4618 3096 4702 Aristotelem,
3150 4626 3230 4696 01
3281 4627 3898 4699 Commentato-

2341 4753 2537 4805 rem.

2431 4852 2662 4925 l‘atct
2688 4873 2887 4945 ergo
2919 4855 3184 4947 prima
3206 4856 3654 4941 conclusiO,
3688 4858 3897 4952 quod

2342 4967 2654 5040 instans
2700 4991 3204 5064 quocumque
3250 4975 3483 5047 modo
3544 4976 3899 5070 accipia-

2340 5088 2501 5166 tur,
2538 5107 2696 5158 non
2728 5092 2851 5160 est
2886 5088 3186 5180 aliquid
3225 5091 3572 5182 positive
3605 5093 3831 5166 aliud
3855 5113 3900 5166 a

2343 5203 2944 5295 tempore,quia
2996 5205 3400 5298 accipitur
3438 5229 3586 5300 pro
3623 5210 3897 5302 priva-

2339 5317 2562 5391 tione
2583 5320 3055 5403 antcrioris,
3091 5323 3667 5400 velulterioris
3705 5349 3897 5400 con-

2337 5432 2846 5518 tinuationis,
2890 5441 2970 5511 et
3014 5438 3130 5513 sic
3170 5460 3330 5512 non
3369 5440 3564 5518 dicit
3600 5443 3898 5537 positi—

360 5577 616 5643 objectio.
675 5550 745 5622 si
797 5549 1109 5624 instans
1151 5544 1350 5617 nihil
1391 5545 1582 5619 dicit
1623 5545 2083 5620 absolutum
2124 5566 2222 5617 ex
2332 5569 2559 5631 vu1n;
2640 5550 2767 5622 vel
2845 5552 3250 5648 accipitur
3327 5576 3476 5649 pro
3548 5559 3898 5634 minima
