<?xml version="1.0" encoding="UTF-8"?>
<!DOCTYPE html PUBLIC "-//W3C//DTD XHTML 1.0 Transitional//EN"
    "http://www.w3.org/TR/xhtml1/DTD/xhtml1-transitional.dtd">
<html xmlns="http://www.w3.org/1999/xhtml" xml:lang="en" lang="en">
 <head>
  <title>
</title>
<meta http-equiv="Content-Type" content="text/html;charset=utf-8" />
  <meta name='ocr-system' content='tesseract 3.04.00' />
  <meta name='ocr-capabilities' content='ocr_page ocr_carea ocr_par ocr_line ocrx_word'/>
</head>
<body>
  <div class='ocr_page' id='page_1' title='image "./joannisdunsscot03waddgoog_0796.png"; bbox 0 0 4252 6393; ppageno 0'>
   <div class='ocr_carea' id='block_1_1' title="bbox 690 383 806 464">
    <p class='ocr_par' dir='ltr' id='par_1_1' title="bbox 690 383 806 464">
     <span class='ocr_line' id='line_1_1' title="bbox 690 383 806 464; baseline 0.009 -19"><span class='ocrx_word' id='word_1_1' title='bbox 690 383 806 464; x_wconf 77' lang='lat'>762</span> 
     </span>
    </p>
   </div>
   <div class='ocr_carea' id='block_1_2' title="bbox 301 550 2218 5583">
    <p class='ocr_par' dir='ltr' id='par_1_2' title="bbox 301 550 2218 3534">
     <span class='ocr_line' id='line_1_2' title="bbox 667 550 2218 648; baseline 0.013 -39"><span class='ocrx_word' id='word_1_2' title='bbox 667 550 787 611; x_wconf 82' lang='lat' dir='ltr'>taS.</span> <span class='ocrx_word' id='word_1_3' title='bbox 822 551 1054 617; x_wconf 90' lang='lat' dir='ltr'>Nescio</span> <span class='ocrx_word' id='word_1_4' title='bbox 1086 554 1282 648; x_wconf 83' lang='lat' dir='ltr'>enim,</span> <span class='ocrx_word' id='word_1_5' title='bbox 1318 575 1449 636; x_wconf 91' lang='lat' dir='ltr'>quo</span> <span class='ocrx_word' id='word_1_6' title='bbox 1482 560 1620 621; x_wconf 88' lang='lat' dir='ltr'>zelo</span> <span class='ocrx_word' id='word_1_7' title='bbox 1653 559 1890 625; x_wconf 89' lang='lat' dir='ltr'>ductus</span> <span class='ocrx_word' id='word_1_8' title='bbox 1947 563 2218 628; x_wconf 87' lang='lat' dir='ltr'>Guillel-</span> 
     </span>
     <span class='ocr_line' id='line_1_3' title="bbox 380 656 2212 745; baseline 0.011 -30"><span class='ocrx_word' id='word_1_9' title='bbox 380 666 607 742; x_wconf 57' lang='lat' dir='ltr'>accitam</span> <span class='ocrx_word' id='word_1_10' title='bbox 664 672 811 717; x_wconf 87' lang='lat' dir='ltr'>mus</span> <span class='ocrx_word' id='word_1_11' title='bbox 843 656 1158 735; x_wconf 88' lang='lat' dir='ltr'>Oecham,</span> <span class='ocrx_word' id='word_1_12' title='bbox 1191 663 1300 724; x_wconf 93' lang='lat' dir='ltr'>ubi</span> <span class='ocrx_word' id='word_1_13' title='bbox 1342 681 1563 742; x_wconf 88' lang='lat' dir='ltr'>supra,</span> <span class='ocrx_word' id='word_1_14' title='bbox 1612 673 1680 729; x_wconf 90' lang='lat' dir='ltr'>et</span> <span class='ocrx_word' id='word_1_15' title='bbox 1722 668 2104 745; x_wconf 77' lang='lat' dir='ltr'>Quodlibet.</span> <span class='ocrx_word' id='word_1_16' title='bbox 2149 675 2212 736; x_wconf 93' lang='lat'>7.</span> 
     </span>
     <span class='ocr_line' id='line_1_4' title="bbox 321 738 2208 853; baseline 0.01 -33"><span class='ocrx_word' id='word_1_17' title='bbox 321 738 640 843; x_wconf 51' lang='lat' dir='ltr'>{ssffflgtssg</span> <span class='ocrx_word' id='word_1_18' title='bbox 665 768 887 842; x_wconf 80' lang='lat' dir='ltr'>quaest.</span> <span class='ocrx_word' id='word_1_19' title='bbox 942 767 1034 830; x_wconf 89' lang='lat'>17.</span> <span class='ocrx_word' id='word_1_20' title='bbox 1090 773 1157 831; x_wconf 81' lang='lat' dir='ltr'>et</span> <span class='ocrx_word' id='word_1_21' title='bbox 1201 776 1661 850; x_wconf 89' lang='lat' dir='ltr'>sequentibus,</span> <span class='ocrx_word' id='word_1_22' title='bbox 1715 783 1779 838; x_wconf 89' lang='lat' dir='ltr'>et</span> <span class='ocrx_word' id='word_1_23' title='bbox 1830 779 2208 853; x_wconf 73' lang='lat' dir='ltr'>Quodlibet.</span> 
     </span>
     <span class='ocr_line' id='line_1_5' title="bbox 319 860 2213 982; baseline 0.012 -53"><span class='ocrx_word' id='word_1_24' title='bbox 319 860 613 982; x_wconf 47' lang='grc' dir='ltr'>ξζξιξζῖἓζξάῗ</span> <span class='ocrx_word' id='word_1_25' title='bbox 660 873 719 934; x_wconf 90' lang='grc'>3.</span> <span class='ocrx_word' id='word_1_26' title='bbox 756 880 990 951; x_wconf 84' lang='lat' dir='ltr'>quaest.</span> <span class='ocrx_word' id='word_1_27' title='bbox 1033 878 1084 939; x_wconf 96' lang='lat' dir='ltr'>l.</span> <span class='ocrx_word' id='word_1_28' title='bbox 1121 885 1395 942; x_wconf 85' lang='lat' dir='ltr'>conatus</span> <span class='ocrx_word' id='word_1_29' title='bbox 1426 888 1530 944; x_wconf 88' lang='lat' dir='ltr'>est</span> <span class='ocrx_word' id='word_1_30' title='bbox 1574 888 1783 947; x_wconf 91' lang='lat' dir='ltr'>totum</span> <span class='ocrx_word' id='word_1_31' title='bbox 1826 904 2213 964; x_wconf 84' lang='lat' dir='ltr'>processum</span> 
     </span>
     <span class='ocr_line' id='line_1_6' title="bbox 418 979 2208 1074; baseline 0.017 -45"><span class='ocrx_word' id='word_1_32' title='bbox 418 995 501 1032; x_wconf 78' lang='lat' dir='ltr'>re.</span> <span class='ocrx_word' id='word_1_33' title='bbox 664 979 959 1044; x_wconf 86' lang='lat' dir='ltr'>Doctoris</span> <span class='ocrx_word' id='word_1_34' title='bbox 990 982 1055 1044; x_wconf 92' lang='lat' dir='ltr'>in</span> <span class='ocrx_word' id='word_1_35' title='bbox 1085 983 1211 1047; x_wconf 88' lang='lat' dir='ltr'>hoc</span> <span class='ocrx_word' id='word_1_36' title='bbox 1242 988 1559 1065; x_wconf 85' lang='lat' dir='ltr'>capitulo,</span> <span class='ocrx_word' id='word_1_37' title='bbox 1603 998 1667 1054; x_wconf 88' lang='lat' dir='ltr'>et</span> <span class='ocrx_word' id='word_1_38' title='bbox 1703 999 2011 1073; x_wconf 75' lang='lat' dir='ltr'>sequenti</span> <span class='ocrx_word' id='word_1_39' title='bbox 2056 1014 2208 1074; x_wconf 90' lang='lat' dir='ltr'>per-</span> 
     </span>
     <span class='ocr_line' id='line_1_7' title="bbox 351 1088 2207 1180; baseline 0.01 -31"><span class='ocrx_word' id='word_1_40' title='bbox 351 1103 568 1175; x_wconf 52' lang='lat' dir='ltr'>Scotum</span> <span class='ocrx_word' id='word_1_41' title='bbox 660 1088 925 1149; x_wconf 86' lang='lat' dir='ltr'>turbare</span> <span class='ocrx_word' id='word_1_42' title='bbox 960 1109 975 1161; x_wconf 89' lang='grc'><strong>;</strong></span> <span class='ocrx_word' id='word_1_43' title='bbox 1009 1096 1125 1152; x_wconf 88' lang='lat' dir='ltr'>aut</span> <span class='ocrx_word' id='word_1_44' title='bbox 1154 1096 1307 1172; x_wconf 87' lang='lat' dir='ltr'>quia</span> <span class='ocrx_word' id='word_1_45' title='bbox 1335 1098 1674 1176; x_wconf 65' lang='lat' dir='ltr'>Anglii-us,</span> <span class='ocrx_word' id='word_1_46' title='bbox 1707 1106 1774 1161; x_wconf 86' lang='lat' dir='ltr'>et</span> <span class='ocrx_word' id='word_1_47' title='bbox 1803 1101 1924 1163; x_wconf 90' lang='lat' dir='ltr'>iste</span> <span class='ocrx_word' id='word_1_48' title='bbox 1953 1103 2207 1180; x_wconf 81' lang='lat' dir='ltr'>ScotuS,</span> 
     </span>
     <span class='ocr_line' id='line_1_8' title="bbox 317 1164 2210 1290; baseline 0.012 -42"><span class='ocrx_word' id='word_1_49' title='bbox 317 1164 635 1290; x_wconf 52' lang='grc' dir='ltr'>πῗζξρζξζζξκ</span> <span class='ocrx_word' id='word_1_50' title='bbox 661 1193 771 1270; x_wconf 86' lang='lat' dir='ltr'>qui</span> <span class='ocrx_word' id='word_1_51' title='bbox 803 1210 948 1257; x_wconf 88' lang='lat' dir='ltr'>raro</span> <span class='ocrx_word' id='word_1_52' title='bbox 1009 1199 1414 1262; x_wconf 77' lang='lat' dir='ltr'>concordant</span> <span class='ocrx_word' id='word_1_53' title='bbox 1460 1222 1475 1274; x_wconf 90' lang='lat'>;</span> <span class='ocrx_word' id='word_1_54' title='bbox 1530 1211 1642 1266; x_wconf 87' lang='lat' dir='ltr'>aut</span> <span class='ocrx_word' id='word_1_55' title='bbox 1693 1206 1848 1284; x_wconf 86' lang='lat' dir='ltr'>quia</span> <span class='ocrx_word' id='word_1_56' title='bbox 1896 1209 2210 1273; x_wconf 88' lang='lat' dir='ltr'>subtilem</span> 
     </span>
     <span class='ocr_line' id='line_1_9' title="bbox 662 1303 2210 1396; baseline 0.014 -36"><span class='ocrx_word' id='word_1_57' title='bbox 662 1307 729 1360; x_wconf 88' lang='lat' dir='ltr'>et</span> <span class='ocrx_word' id='word_1_58' title='bbox 771 1303 1190 1380; x_wconf 88' lang='lat' dir='ltr'>ingeniosum</span> <span class='ocrx_word' id='word_1_59' title='bbox 1234 1307 1712 1390; x_wconf 77' lang='lat' dir='ltr'>impugnandO,</span> <span class='ocrx_word' id='word_1_60' title='bbox 1745 1314 1971 1377; x_wconf 88' lang='lat' dir='ltr'>similis</span> <span class='ocrx_word' id='word_1_61' title='bbox 2000 1333 2210 1396; x_wconf 92' lang='lat' dir='ltr'>appa-</span> 
     </span>
     <span class='ocr_line' id='line_1_10' title="bbox 658 1411 2207 1495; baseline 0.012 -28"><span class='ocrx_word' id='word_1_62' title='bbox 658 1423 808 1470; x_wconf 91' lang='lat' dir='ltr'>rere</span> <span class='ocrx_word' id='word_1_63' title='bbox 839 1411 1047 1473; x_wconf 88' lang='lat' dir='ltr'>voluit</span> <span class='ocrx_word' id='word_1_64' title='bbox 1080 1432 1096 1485; x_wconf 93' lang='lat'>;</span> <span class='ocrx_word' id='word_1_65' title='bbox 1132 1420 1247 1476; x_wconf 82' lang='lat' dir='ltr'>aut</span> <span class='ocrx_word' id='word_1_66' title='bbox 1276 1417 1429 1495; x_wconf 88' lang='lat' dir='ltr'>quia</span> <span class='ocrx_word' id='word_1_67' title='bbox 1460 1416 1628 1481; x_wconf 80' lang='lat' dir='ltr'>forte</span> <span class='ocrx_word' id='word_1_68' title='bbox 1661 1421 1877 1483; x_wconf 84' lang='lat' dir='ltr'>Fidem</span> <span class='ocrx_word' id='word_1_69' title='bbox 1910 1423 2207 1486; x_wconf 85' lang='lat' dir='ltr'>Christia-</span> 
     </span>
     <span class='ocr_line' id='line_1_11' title="bbox 671 1519 2208 1598; baseline 0.012 -22"><span class='ocrx_word' id='word_1_70' title='bbox 671 1531 824 1577; x_wconf 89' lang='lat' dir='ltr'>nam</span> <span class='ocrx_word' id='word_1_71' title='bbox 868 1519 1374 1598; x_wconf 84' lang='lat' dir='ltr'>magnificande,</span> <span class='ocrx_word' id='word_1_72' title='bbox 1418 1525 1621 1587; x_wconf 88' lang='lat' dir='ltr'>voluit</span> <span class='ocrx_word' id='word_1_73' title='bbox 1663 1530 1877 1591; x_wconf 87' lang='lat' dir='ltr'>omnia</span> <span class='ocrx_word' id='word_1_74' title='bbox 1907 1530 2026 1592; x_wconf 86' lang='lat' dir='ltr'>ista</span> <span class='ocrx_word' id='word_1_75' title='bbox 2059 1547 2208 1595; x_wconf 88' lang='lat' dir='ltr'>esse</span> 
     </span>
     <span class='ocr_line' id='line_1_12' title="bbox 663 1623 2208 1716; baseline 0.011 -34"><span class='ocrx_word' id='word_1_76' title='bbox 663 1623 935 1701; x_wconf 90' lang='lat' dir='ltr'>credita,</span> <span class='ocrx_word' id='word_1_77' title='bbox 997 1631 1063 1687; x_wconf 88' lang='lat' dir='ltr'>et</span> <span class='ocrx_word' id='word_1_78' title='bbox 1090 1627 1174 1690; x_wconf 87' lang='lat' dir='ltr'>ad</span> <span class='ocrx_word' id='word_1_79' title='bbox 1207 1629 1332 1691; x_wconf 88' lang='lat' dir='ltr'>hoc</span> <span class='ocrx_word' id='word_1_80' title='bbox 1365 1637 1592 1709; x_wconf 89' lang='lat' dir='ltr'>posset</span> <span class='ocrx_word' id='word_1_81' title='bbox 1621 1635 1829 1712; x_wconf 83' lang='lat' dir='ltr'>accipi</span> <span class='ocrx_word' id='word_1_82' title='bbox 1857 1653 2208 1716; x_wconf 87' lang='lat' dir='ltr'>argumen-</span> 
     </span>
     <span class='ocr_line' id='line_1_13' title="bbox 669 1731 2206 1820; baseline 0.012 -30"><span class='ocrx_word' id='word_1_83' title='bbox 669 1733 807 1791; x_wconf 89' lang='lat' dir='ltr'>tum</span> <span class='ocrx_word' id='word_1_84' title='bbox 836 1731 912 1793; x_wconf 92' lang='lat' dir='ltr'>ad</span> <span class='ocrx_word' id='word_1_85' title='bbox 945 1733 1282 1799; x_wconf 89' lang='lat' dir='ltr'>hominem</span> <span class='ocrx_word' id='word_1_86' title='bbox 1326 1738 1428 1801; x_wconf 76' lang='lat' dir='ltr'>liic</span> <span class='ocrx_word' id='word_1_87' title='bbox 1464 1760 1478 1801; x_wconf 75' lang='grc' dir='ltr'>ε</span> <span class='ocrx_word' id='word_1_88' title='bbox 1515 1745 1665 1820; x_wconf 88' lang='lat' dir='ltr'>quia</span> <span class='ocrx_word' id='word_1_89' title='bbox 1709 1744 1774 1804; x_wconf 93' lang='lat' dir='ltr'>in</span> <span class='ocrx_word' id='word_1_90' title='bbox 1816 1745 2206 1808; x_wconf 84' lang='lat' dir='ltr'>Theorema-</span> 
     </span>
     <span class='ocr_line' id='line_1_14' title="bbox 659 1836 2207 1923; baseline 0.012 -27"><span class='ocrx_word' id='word_1_91' title='bbox 659 1836 829 1898; x_wconf 90' lang='lat' dir='ltr'>tibus</span> <span class='ocrx_word' id='word_1_92' title='bbox 858 1853 981 1900; x_wconf 90' lang='lat' dir='ltr'>seu</span> <span class='ocrx_word' id='word_1_93' title='bbox 1011 1841 1075 1902; x_wconf 89' lang='lat' dir='ltr'>in</span> <span class='ocrx_word' id='word_1_94' title='bbox 1109 1845 1386 1905; x_wconf 86' lang='lat' dir='ltr'>tractatu</span> <span class='ocrx_word' id='word_1_95' title='bbox 1415 1849 1939 1923; x_wconf 75' lang='lat' dir='ltr'>propositionum</span> <span class='ocrx_word' id='word_1_96' title='bbox 1999 1851 2207 1913; x_wconf 91' lang='lat' dir='ltr'>credi·</span> 
     </span>
     <span class='ocr_line' id='line_1_15' title="bbox 661 1945 2207 2036; baseline 0.011 -31"><span class='ocrx_word' id='word_1_97' title='bbox 661 1950 896 2020; x_wconf 89' lang='lat' dir='ltr'>tarum,</span> <span class='ocrx_word' id='word_1_98' title='bbox 930 1945 1130 2010; x_wconf 87' lang='lat' dir='ltr'>habet</span> <span class='ocrx_word' id='word_1_99' title='bbox 1157 1948 1305 2025; x_wconf 72' lang='lat' dir='ltr'>iste.</span> <span class='ocrx_word' id='word_1_100' title='bbox 1339 1952 1517 2030; x_wconf 86' lang='lat' dir='ltr'>quod</span> <span class='ocrx_word' id='word_1_101' title='bbox 1550 1972 1681 2018; x_wconf 91' lang='lat' dir='ltr'>non</span> <span class='ocrx_word' id='word_1_102' title='bbox 1704 1963 1921 2034; x_wconf 91' lang='lat' dir='ltr'>potest</span> <span class='ocrx_word' id='word_1_103' title='bbox 1946 1960 2207 2036; x_wconf 87' lang='lat' dir='ltr'>probari</span> 
     </span>
     <span class='ocr_line' id='line_1_16' title="bbox 657 2053 2200 2146; baseline 0.012 -34"><span class='ocrx_word' id='word_1_104' title='bbox 657 2053 867 2114; x_wconf 90' lang='lat' dir='ltr'>Deum</span> <span class='ocrx_word' id='word_1_105' title='bbox 917 2070 1065 2117; x_wconf 90' lang='lat' dir='ltr'>esse</span> <span class='ocrx_word' id='word_1_106' title='bbox 1115 2059 1623 2140; x_wconf 84' lang='lat' dir='ltr'>intelligentem,</span> <span class='ocrx_word' id='word_1_107' title='bbox 1679 2067 1782 2127; x_wconf 87' lang='lat' dir='ltr'>vel</span> <span class='ocrx_word' id='word_1_108' title='bbox 1839 2067 2200 2146; x_wconf 84' lang='lat' dir='ltr'>volentem,</span> 
     </span>
     <span class='ocr_line' id='line_1_17' title="bbox 655 2158 2204 2250; baseline 0.013 -32"><span class='ocrx_word' id='word_1_109' title='bbox 655 2160 761 2220; x_wconf 90' lang='lat' dir='ltr'>vel</span> <span class='ocrx_word' id='word_1_110' title='bbox 790 2158 1139 2237; x_wconf 86' lang='lat' dir='ltr'>infinitum,</span> <span class='ocrx_word' id='word_1_111' title='bbox 1175 2170 1241 2227; x_wconf 89' lang='lat' dir='ltr'>et</span> <span class='ocrx_word' id='word_1_112' title='bbox 1270 2168 1362 2229; x_wconf 88' lang='lat' dir='ltr'>sic</span> <span class='ocrx_word' id='word_1_113' title='bbox 1395 2169 1477 2231; x_wconf 89' lang='lat' dir='ltr'>de</span> <span class='ocrx_word' id='word_1_114' title='bbox 1506 2170 1672 2247; x_wconf 80' lang='lat' dir='ltr'>aliiS,</span> <span class='ocrx_word' id='word_1_115' title='bbox 1706 2188 1857 2250; x_wconf 83' lang='lat' dir='ltr'>quae</span> <span class='ocrx_word' id='word_1_116' title='bbox 1889 2174 1994 2235; x_wconf 86' lang='lat' dir='ltr'>hic</span> <span class='ocrx_word' id='word_1_117' title='bbox 2040 2181 2204 2238; x_wconf 90' lang='lat' dir='ltr'>trac·</span> 
     </span>
     <span class='ocr_line' id='line_1_18' title="bbox 665 2267 2202 2359; baseline 0.014 -35"><span class='ocrx_word' id='word_1_118' title='bbox 665 2267 905 2339; x_wconf 88' lang='lat' dir='ltr'>tantur,</span> <span class='ocrx_word' id='word_1_119' title='bbox 942 2272 1009 2329; x_wconf 90' lang='lat' dir='ltr'>et</span> <span class='ocrx_word' id='word_1_120' title='bbox 1039 2271 1428 2347; x_wconf 89' lang='lat' dir='ltr'>probantur;</span> <span class='ocrx_word' id='word_1_121' title='bbox 1461 2274 1722 2339; x_wconf 89' lang='lat' dir='ltr'>videtur</span> <span class='ocrx_word' id='word_1_122' title='bbox 1751 2294 1911 2359; x_wconf 86' lang='lat' dir='ltr'>ergo</span> <span class='ocrx_word' id='word_1_123' title='bbox 1945 2288 2202 2345; x_wconf 89' lang='lat' dir='ltr'>contra-</span> 
     </span>
     <span class='ocr_line' id='line_1_19' title="bbox 656 2370 2194 2456; baseline 0.014 -24"><span class='ocrx_word' id='word_1_124' title='bbox 656 2370 877 2435; x_wconf 80' lang='lat' dir='ltr'>dicere</span> <span class='ocrx_word' id='word_1_125' title='bbox 933 2377 1209 2456; x_wconf 85' lang='lat' dir='ltr'>sibiipsi,</span> <span class='ocrx_word' id='word_1_126' title='bbox 1274 2385 1340 2442; x_wconf 90' lang='lat' dir='ltr'>et</span> <span class='ocrx_word' id='word_1_127' title='bbox 1368 2384 1456 2443; x_wconf 91' lang='lat' dir='ltr'>ita</span> <span class='ocrx_word' id='word_1_128' title='bbox 1488 2382 1778 2446; x_wconf 87' lang='lat' dir='ltr'>Occham</span> <span class='ocrx_word' id='word_1_129' title='bbox 1809 2386 1984 2450; x_wconf 89' lang='lat' dir='ltr'>bene</span> <span class='ocrx_word' id='word_1_130' title='bbox 2014 2388 2194 2453; x_wconf 88' lang='lat' dir='ltr'>dicit.</span> 
     </span>
     <span class='ocr_line' id='line_1_20' title="bbox 332 2470 2200 2584; baseline 0.013 -47"><span class='ocrx_word' id='word_1_131' title='bbox 332 2470 600 2584; x_wconf 46' lang='lat' dir='ltr'>mfffflssa-</span> <span class='ocrx_word' id='word_1_132' title='bbox 655 2479 754 2541; x_wconf 84' lang='lat' dir='ltr'>Ad</span> <span class='ocrx_word' id='word_1_133' title='bbox 783 2481 908 2544; x_wconf 88' lang='lat' dir='ltr'>hoc</span> <span class='ocrx_word' id='word_1_134' title='bbox 944 2488 1165 2547; x_wconf 89' lang='lat' dir='ltr'>tamen</span> <span class='ocrx_word' id='word_1_135' title='bbox 1192 2493 1377 2565; x_wconf 89' lang='lat' dir='ltr'>patet</span> <span class='ocrx_word' id='word_1_136' title='bbox 1405 2490 1642 2555; x_wconf 90' lang='lat' dir='ltr'>solutio</span> <span class='ocrx_word' id='word_1_137' title='bbox 1674 2492 1943 2565; x_wconf 85' lang='lat' dir='ltr'>ibidem,</span> <span class='ocrx_word' id='word_1_138' title='bbox 1989 2502 2065 2558; x_wconf 90' lang='lat' dir='ltr'>ut</span> <span class='ocrx_word' id='word_1_139' title='bbox 2105 2500 2200 2561; x_wconf 92' lang='lat' dir='ltr'>in-</span> 
     </span>
     <span class='ocr_line' id='line_1_21' title="bbox 302 2587 2198 2681; baseline 0.015 -40"><span class='ocrx_word' id='word_1_140' title='bbox 302 2602 395 2644; x_wconf 77' lang='lat' dir='ltr'>tur</span> <span class='ocrx_word' id='word_1_141' title='bbox 423 2598 595 2647; x_wconf 75' lang='lat' dir='ltr'>Deum</span> <span class='ocrx_word' id='word_1_142' title='bbox 647 2587 742 2650; x_wconf 80' lang='lat' dir='ltr'>fra</span> <span class='ocrx_word' id='word_1_143' title='bbox 794 2595 1084 2670; x_wconf 83' lang='lat' dir='ltr'>tangam,</span> <span class='ocrx_word' id='word_1_144' title='bbox 1167 2598 1327 2674; x_wconf 86' lang='lat' dir='ltr'>quia</span> <span class='ocrx_word' id='word_1_145' title='bbox 1373 2597 1663 2675; x_wconf 86' lang='lat' dir='ltr'>loquitur</span> <span class='ocrx_word' id='word_1_146' title='bbox 1703 2600 1792 2661; x_wconf 91' lang='lat' dir='ltr'>ibi</span> <span class='ocrx_word' id='word_1_147' title='bbox 1838 2601 1920 2665; x_wconf 90' lang='lat' dir='ltr'>de</span> <span class='ocrx_word' id='word_1_148' title='bbox 1964 2607 2198 2681; x_wconf 89' lang='lat' dir='ltr'>proba-</span> 
     </span>
     <span class='ocr_line' id='line_1_22' title="bbox 301 2661 2191 2788; baseline 0.012 -36"><span class='ocrx_word' id='word_1_149' title='bbox 301 2661 603 2785; x_wconf 49' lang='lat'>‘2222&#39;1225‘</span> <span class='ocrx_word' id='word_1_150' title='bbox 646 2698 823 2759; x_wconf 92' lang='lat' dir='ltr'>tione</span> <span class='ocrx_word' id='word_1_151' title='bbox 855 2699 1146 2762; x_wconf 88' lang='lat' dir='ltr'>evidenti</span> <span class='ocrx_word' id='word_1_152' title='bbox 1178 2703 1690 2768; x_wconf 85' lang='lat' dir='ltr'>demonstrativa</span> <span class='ocrx_word' id='word_1_153' title='bbox 1717 2716 1985 2786; x_wconf 82' lang='lat' dir='ltr'>propter</span> <span class='ocrx_word' id='word_1_154' title='bbox 2014 2714 2191 2788; x_wconf 82' lang='lat' dir='ltr'>quid,</span> 
     </span>
     <span class='ocr_line' id='line_1_23' title="bbox 645 2803 2196 2893; baseline 0.01 -29"><span class='ocrx_word' id='word_1_155' title='bbox 645 2807 773 2865; x_wconf 91' lang='lat' dir='ltr'>etc.</span> <span class='ocrx_word' id='word_1_156' title='bbox 807 2803 910 2867; x_wconf 81' lang='lat' dir='ltr'>liic</span> <span class='ocrx_word' id='word_1_157' title='bbox 942 2823 1096 2870; x_wconf 84' lang='lat' dir='ltr'>vero</span> <span class='ocrx_word' id='word_1_158' title='bbox 1131 2809 1333 2872; x_wconf 89' lang='lat' dir='ltr'>utitur</span> <span class='ocrx_word' id='word_1_159' title='bbox 1363 2812 1754 2890; x_wconf 81' lang='lat' dir='ltr'>probatione</span> <span class='ocrx_word' id='word_1_160' title='bbox 1785 2820 2196 2893; x_wconf 86' lang='lat' dir='ltr'>persuasiva‚</span> 
     </span>
     <span class='ocr_line' id='line_1_24' title="bbox 642 2910 2195 3001; baseline 0.012 -34"><span class='ocrx_word' id='word_1_161' title='bbox 642 2911 716 2968; x_wconf 89' lang='lat' dir='ltr'>ut</span> <span class='ocrx_word' id='word_1_162' title='bbox 762 2910 830 2969; x_wconf 87' lang='lat' dir='ltr'>in</span> <span class='ocrx_word' id='word_1_163' title='bbox 874 2911 1266 2992; x_wconf 82' lang='lat' dir='ltr'>Reportatis,</span> <span class='ocrx_word' id='word_1_164' title='bbox 1326 2920 1376 2978; x_wconf 96' lang='lat' dir='ltr'>l.</span> <span class='ocrx_word' id='word_1_165' title='bbox 1431 2917 1713 2982; x_wconf 90' lang='lat' dir='ltr'>distinct.</span> <span class='ocrx_word' id='word_1_166' title='bbox 1765 2923 1824 2983; x_wconf 79' lang='lat'>2.</span> <span class='ocrx_word' id='word_1_167' title='bbox 1880 2939 2195 3001; x_wconf 87' lang='lat' dir='ltr'>expresse</span> 
     </span>
     <span class='ocr_line' id='line_1_25' title="bbox 648 3012 2195 3108; baseline 0.012 -34"><span class='ocrx_word' id='word_1_168' title='bbox 648 3012 826 3090; x_wconf 87' lang='lat' dir='ltr'>dicit,</span> <span class='ocrx_word' id='word_1_169' title='bbox 879 3018 1173 3084; x_wconf 88' lang='lat' dir='ltr'>similiter</span> <span class='ocrx_word' id='word_1_170' title='bbox 1222 3024 1466 3087; x_wconf 88' lang='lat' dir='ltr'>ibidem</span> <span class='ocrx_word' id='word_1_171' title='bbox 1517 3027 1583 3088; x_wconf 91' lang='lat' dir='ltr'>in</span> <span class='ocrx_word' id='word_1_172' title='bbox 1641 3028 1916 3108; x_wconf 86' lang='lat' dir='ltr'>prologo</span> <span class='ocrx_word' id='word_1_173' title='bbox 1969 3037 2195 3093; x_wconf 85' lang='lat' dir='ltr'>contra</span> 
     </span>
     <span class='ocr_line' id='line_1_26' title="bbox 634 3123 2194 3217; baseline 0.013 -35"><span class='ocrx_word' id='word_1_174' title='bbox 634 3123 943 3204; x_wconf 92' lang='lat' dir='ltr'>antiquos</span> <span class='ocrx_word' id='word_1_175' title='bbox 999 3129 1372 3213; x_wconf 84' lang='lat' dir='ltr'>Theolugos</span> <span class='ocrx_word' id='word_1_176' title='bbox 1427 3134 1775 3211; x_wconf 82' lang='lat' dir='ltr'>invehitur,</span> <span class='ocrx_word' id='word_1_177' title='bbox 1835 3138 1944 3217; x_wconf 90' lang='lat' dir='ltr'>qui</span> <span class='ocrx_word' id='word_1_178' title='bbox 2001 3138 2194 3201; x_wconf 81' lang='lat' dir='ltr'>vilifi-</span> 
     </span>
     <span class='ocr_line' id='line_1_27' title="bbox 634 3235 2196 3320; baseline 0.011 -31"><span class='ocrx_word' id='word_1_179' title='bbox 634 3237 787 3294; x_wconf 87' lang='lat' dir='ltr'>cant</span> <span class='ocrx_word' id='word_1_180' title='bbox 831 3235 1246 3318; x_wconf 72' lang='lat' dir='ltr'>&#39;t&#39;beologum</span> <span class='ocrx_word' id='word_1_181' title='bbox 1297 3244 1365 3302; x_wconf 89' lang='lat' dir='ltr'>et</span> <span class='ocrx_word' id='word_1_182' title='bbox 1408 3242 1857 3320; x_wconf 76' lang='lat' dir='ltr'>&#39;rheotogiam‚</span> <span class='ocrx_word' id='word_1_183' title='bbox 1891 3246 2048 3307; x_wconf 87' lang='lat' dir='ltr'>nihil</span> <span class='ocrx_word' id='word_1_184' title='bbox 2110 3247 2196 3306; x_wconf 89' lang='lat' dir='ltr'>si-</span> 
     </span>
     <span class='ocr_line' id='line_1_28' title="bbox 632 3342 2191 3423; baseline 0.008 -22"><span class='ocrx_word' id='word_1_185' title='bbox 632 3342 699 3402; x_wconf 88' lang='lat' dir='ltr'>bi</span> <span class='ocrx_word' id='word_1_186' title='bbox 742 3345 1101 3408; x_wconf 87' lang='lat' dir='ltr'>scientitice</span> <span class='ocrx_word' id='word_1_187' title='bbox 1153 3350 1618 3423; x_wconf 79' lang='lat' dir='ltr'>attribuentes,</span> <span class='ocrx_word' id='word_1_188' title='bbox 1667 3351 1834 3415; x_wconf 87' lang='lat' dir='ltr'>ultra</span> <span class='ocrx_word' id='word_1_189' title='bbox 1872 3354 2191 3416; x_wconf 89' lang='lat' dir='ltr'>vetulam.</span> 
     </span>
     <span class='ocr_line' id='line_1_29' title="bbox 641 3448 2194 3534; baseline 0.009 -26"><span class='ocrx_word' id='word_1_190' title='bbox 641 3448 804 3512; x_wconf 88' lang='lat' dir='ltr'>Vide</span> <span class='ocrx_word' id='word_1_191' title='bbox 853 3455 917 3513; x_wconf 94' lang='lat' dir='ltr'>in</span> <span class='ocrx_word' id='word_1_192' title='bbox 967 3457 1024 3515; x_wconf 90' lang='lat'>3.</span> <span class='ocrx_word' id='word_1_193' title='bbox 1081 3453 1369 3518; x_wconf 87' lang='lat' dir='ltr'>distinct.</span> <span class='ocrx_word' id='word_1_194' title='bbox 1422 3460 1519 3519; x_wconf 80' lang='lat'>24.</span> <span class='ocrx_word' id='word_1_195' title='bbox 1573 3464 1638 3520; x_wconf 89' lang='lat' dir='ltr'>et</span> <span class='ocrx_word' id='word_1_196' title='bbox 1673 3459 1739 3520; x_wconf 91' lang='lat' dir='ltr'>in</span> <span class='ocrx_word' id='word_1_197' title='bbox 1771 3459 2194 3534; x_wconf 79' lang='lat' dir='ltr'>QuodlibetO,</span> 
     </span>
    </p>

    <p class='ocr_par' dir='ltr' id='par_1_3' title="bbox 629 3560 1780 3641">
     <span class='ocr_line' id='line_1_30' title="bbox 629 3560 1780 3641; baseline 0.01 -26"><span class='ocrx_word' id='word_1_198' title='bbox 629 3563 868 3634; x_wconf 79' lang='lat' dir='ltr'>quaest.</span> <span class='ocrx_word' id='word_1_199' title='bbox 903 3560 962 3621; x_wconf 93' lang='grc'>7.</span> <span class='ocrx_word' id='word_1_200' title='bbox 997 3561 1183 3637; x_wconf 87' lang='lat' dir='ltr'>plura</span> <span class='ocrx_word' id='word_1_201' title='bbox 1216 3563 1299 3623; x_wconf 93' lang='lat' dir='ltr'>ad</span> <span class='ocrx_word' id='word_1_202' title='bbox 1349 3565 1780 3641; x_wconf 88' lang='lat' dir='ltr'>propositum.</span> 
     </span>
    </p>

    <p class='ocr_par' dir='ltr' id='par_1_4' title="bbox 416 3668 2195 5583">
     <span class='ocr_line' id='line_1_31' title="bbox 416 3668 2191 3752; baseline 0.009 -29"><span class='ocrx_word' id='word_1_203' title='bbox 416 3694 488 3744; x_wconf 73' lang='lat'>19.</span> <span class='ocrx_word' id='word_1_204' title='bbox 704 3668 832 3727; x_wconf 80' lang='lat' dir='ltr'>Aut</span> <span class='ocrx_word' id='word_1_205' title='bbox 878 3673 1056 3730; x_wconf 90' lang='lat' dir='ltr'>certe</span> <span class='ocrx_word' id='word_1_206' title='bbox 1091 3669 1293 3731; x_wconf 87' lang='lat' dir='ltr'>voluit</span> <span class='ocrx_word' id='word_1_207' title='bbox 1327 3671 1639 3743; x_wconf 72' lang='lat' dir='ltr'>Ocellam,</span> <span class='ocrx_word' id='word_1_208' title='bbox 1690 3674 1801 3752; x_wconf 87' lang='lat' dir='ltr'>qui</span> <span class='ocrx_word' id='word_1_209' title='bbox 1833 3675 2191 3752; x_wconf 90' lang='lat' dir='ltr'>plurimum</span> 
     </span>
     <span class='ocr_line' id='line_1_32' title="bbox 638 3774 2195 3858; baseline 0.006 -23"><span class='ocrx_word' id='word_1_210' title='bbox 638 3774 943 3851; x_wconf 83' lang='lat' dir='ltr'>Sophista</span> <span class='ocrx_word' id='word_1_211' title='bbox 1010 3782 1172 3849; x_wconf 89' lang='lat' dir='ltr'>erat,</span> <span class='ocrx_word' id='word_1_212' title='bbox 1237 3777 1457 3856; x_wconf 77' lang='lat' dir='ltr'>potius</span> <span class='ocrx_word' id='word_1_213' title='bbox 1522 3795 1844 3858; x_wconf 90' lang='lat' dir='ltr'>apparere</span> <span class='ocrx_word' id='word_1_214' title='bbox 1937 3788 2002 3844; x_wconf 83' lang='lat' dir='ltr'>et</span> <span class='ocrx_word' id='word_1_215' title='bbox 2058 3800 2195 3846; x_wconf 90' lang='lat' dir='ltr'>non</span> 
     </span>
     <span class='ocr_line' id='line_1_33' title="bbox 632 3883 2193 3963; baseline 0.004 -17"><span class='ocrx_word' id='word_1_216' title='bbox 632 3883 944 3955; x_wconf 82' lang='lat' dir='ltr'>existere,</span> <span class='ocrx_word' id='word_1_217' title='bbox 981 3901 1182 3963; x_wconf 88' lang='lat' dir='ltr'>quam</span> <span class='ocrx_word' id='word_1_218' title='bbox 1214 3903 1249 3947; x_wconf 92' lang='lat' dir='ltr'>e</span> <span class='ocrx_word' id='word_1_219' title='bbox 1282 3893 1541 3961; x_wconf 87' lang='lat' dir='ltr'>contra;</span> <span class='ocrx_word' id='word_1_220' title='bbox 1583 3888 1982 3954; x_wconf 88' lang='lat' dir='ltr'>desideravit</span> <span class='ocrx_word' id='word_1_221' title='bbox 2013 3907 2193 3952; x_wconf 89' lang='lat' dir='ltr'>nam-</span> 
     </span>
     <span class='ocr_line' id='line_1_34' title="bbox 635 3989 2194 4070; baseline 0.005 -18"><span class='ocrx_word' id='word_1_222' title='bbox 635 4008 766 4070; x_wconf 90' lang='lat' dir='ltr'>que</span> <span class='ocrx_word' id='word_1_223' title='bbox 838 3989 1274 4055; x_wconf 84' lang='lat' dir='ltr'>fundamenta</span> <span class='ocrx_word' id='word_1_224' title='bbox 1338 3993 1507 4056; x_wconf 88' lang='lat' dir='ltr'>illius</span> <span class='ocrx_word' id='word_1_225' title='bbox 1574 3998 1696 4059; x_wconf 81' lang='lat' dir='ltr'>viae</span> <span class='ocrx_word' id='word_1_226' title='bbox 1755 3998 2194 4060; x_wconf 87' lang='lat' dir='ltr'>Nominalium</span> 
     </span>
     <span class='ocr_line' id='line_1_35' title="bbox 632 4097 2194 4176; baseline 0.006 -17"><span class='ocrx_word' id='word_1_227' title='bbox 632 4097 882 4176; x_wconf 87' lang='lat' dir='ltr'>ubique</span> <span class='ocrx_word' id='word_1_228' title='bbox 916 4097 1216 4173; x_wconf 87' lang='lat' dir='ltr'>dilatare,</span> <span class='ocrx_word' id='word_1_229' title='bbox 1248 4100 1369 4163; x_wconf 89' lang='lat' dir='ltr'>sed</span> <span class='ocrx_word' id='word_1_230' title='bbox 1414 4103 1710 4167; x_wconf 85' lang='lat' dir='ltr'>ultimate</span> <span class='ocrx_word' id='word_1_231' title='bbox 1754 4105 1821 4167; x_wconf 92' lang='lat' dir='ltr'>in</span> <span class='ocrx_word' id='word_1_232' title='bbox 1865 4122 2020 4167; x_wconf 89' lang='lat' dir='ltr'>aere</span> <span class='ocrx_word' id='word_1_233' title='bbox 2069 4111 2194 4168; x_wconf 86' lang='lat' dir='ltr'>tre-</span> 
     </span>
     <span class='ocr_line' id='line_1_36' title="bbox 633 4205 2194 4291; baseline 0.006 -27"><span class='ocrx_word' id='word_1_234' title='bbox 633 4206 812 4267; x_wconf 86' lang='lat' dir='ltr'>mulo</span> <span class='ocrx_word' id='word_1_235' title='bbox 848 4210 1058 4268; x_wconf 88' lang='lat' dir='ltr'>totum</span> <span class='ocrx_word' id='word_1_236' title='bbox 1091 4205 1393 4285; x_wconf 88' lang='lat' dir='ltr'>projecit,</span> <span class='ocrx_word' id='word_1_237' title='bbox 1431 4217 1544 4272; x_wconf 91' lang='lat' dir='ltr'>aut</span> <span class='ocrx_word' id='word_1_238' title='bbox 1573 4209 1742 4274; x_wconf 86' lang='lat' dir='ltr'>forte</span> <span class='ocrx_word' id='word_1_239' title='bbox 1776 4229 1926 4275; x_wconf 88' lang='lat' dir='ltr'>cum</span> <span class='ocrx_word' id='word_1_240' title='bbox 1956 4229 2194 4291; x_wconf 86' lang='lat' dir='ltr'>sequa-</span> 
     </span>
     <span class='ocr_line' id='line_1_37' title="bbox 627 4310 2194 4382; baseline 0.007 -13"><span class='ocrx_word' id='word_1_241' title='bbox 627 4310 815 4373; x_wconf 88' lang='lat' dir='ltr'>cibus</span> <span class='ocrx_word' id='word_1_242' title='bbox 850 4314 1147 4375; x_wconf 85' lang='lat' dir='ltr'>Doctoris</span> <span class='ocrx_word' id='word_1_243' title='bbox 1182 4319 1639 4382; x_wconf 86' lang='lat' dir='ltr'>concurrebat.</span> <span class='ocrx_word' id='word_1_244' title='bbox 1680 4321 1942 4382; x_wconf 85' lang='lat' dir='ltr'>Licebat</span> <span class='ocrx_word' id='word_1_245' title='bbox 1964 4325 2194 4381; x_wconf 90' lang='lat' dir='ltr'>autem</span> 
     </span>
     <span class='ocr_line' id='line_1_38' title="bbox 625 4417 2192 4498; baseline 0.01 -23"><span class='ocrx_word' id='word_1_246' title='bbox 625 4417 750 4476; x_wconf 88' lang='lat' dir='ltr'>illis</span> <span class='ocrx_word' id='word_1_247' title='bbox 786 4422 1187 4498; x_wconf 84' lang='lat' dir='ltr'>temporibus</span> <span class='ocrx_word' id='word_1_248' title='bbox 1222 4425 1287 4485; x_wconf 92' lang='lat' dir='ltr'>in</span> <span class='ocrx_word' id='word_1_249' title='bbox 1331 4424 1616 4486; x_wconf 84' lang='lat' dir='ltr'>materiis</span> <span class='ocrx_word' id='word_1_250' title='bbox 1661 4425 2192 4490; x_wconf 79' lang='lat' dir='ltr'>indifferentibus</span> 
     </span>
     <span class='ocr_line' id='line_1_39' title="bbox 625 4525 2192 4612; baseline 0.008 -29"><span class='ocrx_word' id='word_1_251' title='bbox 625 4525 898 4587; x_wconf 88' lang='lat' dir='ltr'>cuilibet</span> <span class='ocrx_word' id='word_1_252' title='bbox 925 4543 1044 4589; x_wconf 87' lang='lat' dir='ltr'>suo</span> <span class='ocrx_word' id='word_1_253' title='bbox 1077 4528 1277 4591; x_wconf 91' lang='lat' dir='ltr'>modo</span> <span class='ocrx_word' id='word_1_254' title='bbox 1326 4529 1546 4592; x_wconf 88' lang='lat' dir='ltr'>dicere</span> <span class='ocrx_word' id='word_1_255' title='bbox 1587 4550 1600 4603; x_wconf 91' lang='lat'>;</span> <span class='ocrx_word' id='word_1_256' title='bbox 1635 4530 1756 4593; x_wconf 91' lang='lat' dir='ltr'>sed</span> <span class='ocrx_word' id='word_1_257' title='bbox 1804 4533 1950 4612; x_wconf 89' lang='lat' dir='ltr'>quis</span> <span class='ocrx_word' id='word_1_258' title='bbox 1997 4535 2192 4596; x_wconf 85' lang='lat' dir='ltr'>altius</span> 
     </span>
     <span class='ocr_line' id='line_1_40' title="bbox 625 4633 2183 4707; baseline 0.007 -14"><span class='ocrx_word' id='word_1_259' title='bbox 625 4633 998 4707; x_wconf 79' lang='lat' dir='ltr'>aedificavit,</span> <span class='ocrx_word' id='word_1_260' title='bbox 1056 4640 1124 4697; x_wconf 91' lang='lat' dir='ltr'>et</span> <span class='ocrx_word' id='word_1_261' title='bbox 1167 4637 1470 4699; x_wconf 88' lang='lat' dir='ltr'>stabilius</span> <span class='ocrx_word' id='word_1_262' title='bbox 1516 4644 1581 4699; x_wconf 90' lang='lat' dir='ltr'>et</span> <span class='ocrx_word' id='word_1_263' title='bbox 1650 4639 1973 4704; x_wconf 89' lang='lat' dir='ltr'>sincerius</span> <span class='ocrx_word' id='word_1_264' title='bbox 2027 4660 2183 4704; x_wconf 91' lang='lat' dir='ltr'>con-</span> 
     </span>
     <span class='ocr_line' id='line_1_41' title="bbox 632 4742 2193 4820; baseline 0.006 -20"><span class='ocrx_word' id='word_1_265' title='bbox 632 4742 960 4820; x_wconf 79' lang='lat' dir='ltr'>gregavit,</span> <span class='ocrx_word' id='word_1_266' title='bbox 1002 4757 1233 4804; x_wconf 87' lang='lat' dir='ltr'>saccus</span> <span class='ocrx_word' id='word_1_267' title='bbox 1270 4744 1442 4805; x_wconf 85' lang='lat' dir='ltr'>dicit.</span> <span class='ocrx_word' id='word_1_268' title='bbox 1493 4746 1678 4807; x_wconf 82' lang='lat' dir='ltr'>Forte</span> <span class='ocrx_word' id='word_1_269' title='bbox 1726 4748 1921 4808; x_wconf 89' lang='lat' dir='ltr'>etiam</span> <span class='ocrx_word' id='word_1_270' title='bbox 1950 4765 2082 4809; x_wconf 89' lang='lat' dir='ltr'>non</span> <span class='ocrx_word' id='word_1_271' title='bbox 2130 4749 2193 4809; x_wconf 92' lang='lat' dir='ltr'>in</span> 
     </span>
     <span class='ocr_line' id='line_1_42' title="bbox 635 4851 2191 4934; baseline 0.006 -22"><span class='ocrx_word' id='word_1_272' title='bbox 635 4851 1035 4927; x_wconf 89' lang='lat' dir='ltr'>vituperium</span> <span class='ocrx_word' id='word_1_273' title='bbox 1083 4856 1398 4925; x_wconf 51' lang='lat' dir='ltr'>Ductori&amp;</span> <span class='ocrx_word' id='word_1_274' title='bbox 1451 4873 1652 4934; x_wconf 88' lang='lat' dir='ltr'>quem</span> <span class='ocrx_word' id='word_1_275' title='bbox 1685 4873 1900 4929; x_wconf 90' lang='lat' dir='ltr'>suum,</span> <span class='ocrx_word' id='word_1_276' title='bbox 1937 4864 2002 4920; x_wconf 91' lang='lat' dir='ltr'>et</span> <span class='ocrx_word' id='word_1_277' title='bbox 2034 4858 2191 4922; x_wconf 90' lang='lat' dir='ltr'>reli-</span> 
     </span>
     <span class='ocr_line' id='line_1_43' title="bbox 622 4961 2189 5043; baseline 0.005 -23"><span class='ocrx_word' id='word_1_278' title='bbox 622 4961 864 5040; x_wconf 81' lang='lat' dir='ltr'>gioniS,</span> <span class='ocrx_word' id='word_1_279' title='bbox 929 4966 996 5023; x_wconf 87' lang='lat' dir='ltr'>et</span> <span class='ocrx_word' id='word_1_280' title='bbox 1053 4962 1371 5025; x_wconf 86' lang='lat' dir='ltr'>Subtilem</span> <span class='ocrx_word' id='word_1_281' title='bbox 1429 4965 1825 5043; x_wconf 86' lang='lat' dir='ltr'>plerumque</span> <span class='ocrx_word' id='word_1_282' title='bbox 1873 4969 2189 5037; x_wconf 87' lang='lat' dir='ltr'>nominat,</span> 
     </span>
     <span class='ocr_line' id='line_1_44' title="bbox 620 5066 2186 5150; baseline 0.003 -20"><span class='ocrx_word' id='word_1_283' title='bbox 620 5066 904 5146; x_wconf 84' lang='lat' dir='ltr'>scripsit,</span> <span class='ocrx_word' id='word_1_284' title='bbox 952 5067 1074 5129; x_wconf 91' lang='lat' dir='ltr'>sed</span> <span class='ocrx_word' id='word_1_285' title='bbox 1120 5070 1340 5148; x_wconf 84' lang='lat' dir='ltr'>rigore</span> <span class='ocrx_word' id='word_1_286' title='bbox 1388 5072 1732 5142; x_wconf 83' lang='lat' dir='ltr'>Minorum,</span> <span class='ocrx_word' id='word_1_287' title='bbox 1783 5073 1895 5150; x_wconf 87' lang='lat' dir='ltr'>qui</span> <span class='ocrx_word' id='word_1_288' title='bbox 1940 5074 2186 5136; x_wconf 88' lang='lat' dir='ltr'>nemini</span> 
     </span>
     <span class='ocr_line' id='line_1_45' title="bbox 618 5178 2188 5260; baseline 0.002 -21"><span class='ocrx_word' id='word_1_289' title='bbox 618 5181 921 5256; x_wconf 85' lang='lat' dir='ltr'>parcunt,</span> <span class='ocrx_word' id='word_1_290' title='bbox 966 5178 1290 5257; x_wconf 88' lang='lat' dir='ltr'>synteresi</span> <span class='ocrx_word' id='word_1_291' title='bbox 1337 5186 1402 5239; x_wconf 89' lang='lat' dir='ltr'>et</span> <span class='ocrx_word' id='word_1_292' title='bbox 1459 5180 1854 5241; x_wconf 87' lang='lat' dir='ltr'>conscientia</span> <span class='ocrx_word' id='word_1_293' title='bbox 1901 5179 2024 5242; x_wconf 90' lang='lat' dir='ltr'>sibi</span> <span class='ocrx_word' id='word_1_294' title='bbox 2069 5198 2188 5260; x_wconf 81' lang='lat' dir='ltr'>ap-</span> 
     </span>
     <span class='ocr_line' id='line_1_46' title="bbox 619 5286 2183 5365; baseline 0.004 -23"><span class='ocrx_word' id='word_1_295' title='bbox 619 5286 992 5362; x_wconf 84' lang='lat' dir='ltr'>p1·opriatiS‚</span> <span class='ocrx_word' id='word_1_296' title='bbox 1026 5287 1209 5359; x_wconf 91' lang='lat' dir='ltr'>moti,</span> <span class='ocrx_word' id='word_1_297' title='bbox 1243 5292 1520 5348; x_wconf 91' lang='lat' dir='ltr'>cunctos</span> <span class='ocrx_word' id='word_1_298' title='bbox 1566 5288 1820 5365; x_wconf 86' lang='lat' dir='ltr'>ingenit</span> <span class='ocrx_word' id='word_1_299' title='bbox 1867 5286 2183 5351; x_wconf 88' lang='lat' dir='ltr'>elevatio-</span> 
     </span>
     <span class='ocr_line' id='line_1_47' title="bbox 619 5393 2179 5472; baseline 0.004 -20"><span class='ocrx_word' id='word_1_300' title='bbox 619 5407 704 5452; x_wconf 92' lang='lat' dir='ltr'>ne</span> <span class='ocrx_word' id='word_1_301' title='bbox 768 5396 833 5453; x_wconf 89' lang='lat' dir='ltr'>et</span> <span class='ocrx_word' id='word_1_302' title='bbox 864 5393 1201 5472; x_wconf 82' lang='lat' dir='ltr'>indagine,</span> <span class='ocrx_word' id='word_1_303' title='bbox 1234 5394 1414 5456; x_wconf 89' lang='lat' dir='ltr'>salva</span> <span class='ocrx_word' id='word_1_304' title='bbox 1461 5411 1627 5472; x_wconf 84' lang='lat' dir='ltr'>pace</span> <span class='ocrx_word' id='word_1_305' title='bbox 1674 5395 1952 5458; x_wconf 86' lang='lat' dir='ltr'>aliorum</span> <span class='ocrx_word' id='word_1_306' title='bbox 1999 5395 2179 5458; x_wconf 86' lang='lat' dir='ltr'>dixe·</span> 
     </span>
     <span class='ocr_line' id='line_1_48' title="bbox 619 5500 2188 5583; baseline 0.004 -23"><span class='ocrx_word' id='word_1_307' title='bbox 619 5503 768 5575; x_wconf 89' lang='lat' dir='ltr'>rim,</span> <span class='ocrx_word' id='word_1_308' title='bbox 811 5500 1384 5576; x_wconf 80' lang='lat' dir='ltr'>transcendentes,</span> <span class='ocrx_word' id='word_1_309' title='bbox 1435 5518 1595 5564; x_wconf 88' lang='lat' dir='ltr'>usus</span> <span class='ocrx_word' id='word_1_310' title='bbox 1642 5509 1744 5565; x_wconf 88' lang='lat' dir='ltr'>est</span> <span class='ocrx_word' id='word_1_311' title='bbox 1796 5522 1810 5575; x_wconf 90' lang='lat'>;</span> <span class='ocrx_word' id='word_1_312' title='bbox 1859 5502 1979 5565; x_wconf 89' lang='lat' dir='ltr'>sed</span> <span class='ocrx_word' id='word_1_313' title='bbox 2025 5521 2188 5583; x_wconf 90' lang='lat' dir='ltr'>quo-</span> 
     </span>
    </p>
   </div>
   <div class='ocr_carea' id='block_1_3' title="bbox 623 5607 2182 5695">
    <p class='ocr_par' dir='ltr' id='par_1_5' title="bbox 623 5607 2182 5695">
     <span class='ocr_line' id='line_1_49' title="bbox 623 5607 2182 5695; baseline 0 -20"><span class='ocrx_word' id='word_1_314' title='bbox 623 5607 1119 5689; x_wconf 83' lang='lat' dir='ltr'>modocumque</span> <span class='ocrx_word' id='word_1_315' title='bbox 1154 5609 1368 5687; x_wconf 85' lang='lat' dir='ltr'>fuerit,</span> <span class='ocrx_word' id='word_1_316' title='bbox 1404 5626 1633 5675; x_wconf 88' lang='lat' dir='ltr'>aurum</span> <span class='ocrx_word' id='word_1_317' title='bbox 1663 5612 1971 5692; x_wconf 82' lang='lat' dir='ltr'>purgavit</span> <span class='ocrx_word' id='word_1_318' title='bbox 2015 5628 2182 5695; x_wconf 88' lang='lat' dir='ltr'>quo-</span> 
     </span>
    </p>
   </div>
   <div class='ocr_carea' id='block_1_4' title="bbox 1883 399 2708 469">
    <p class='ocr_par' dir='ltr' id='par_1_6' title="bbox 1883 399 2708 469">
     <span class='ocr_line' id='line_1_50' title="bbox 1883 399 2708 469; baseline 0.011 -10"><span class='ocrx_word' id='word_1_319' title='bbox 1883 399 1984 461; x_wconf 81' lang='lat' dir='ltr'>DE</span> <span class='ocrx_word' id='word_1_320' title='bbox 2029 400 2273 464; x_wconf 79' lang='lat' dir='ltr'>PRIMO</span> <span class='ocrx_word' id='word_1_321' title='bbox 2320 403 2708 469; x_wconf 75' lang='lat' dir='ltr'>PRINCIPIO</span> 
     </span>
    </p>
   </div>
   <div class='ocr_carea' id='block_1_5' title="bbox 2320 569 4226 1747">
    <p class='ocr_par' dir='ltr' id='par_1_7' title="bbox 2320 569 4226 1747">
     <span class='ocr_line' id='line_1_51' title="bbox 2333 569 3876 653; baseline 0.005 -23"><span class='ocrx_word' id='word_1_322' title='bbox 2333 569 2452 631; x_wconf 90' lang='lat' dir='ltr'>ties</span> <span class='ocrx_word' id='word_1_323' title='bbox 2500 569 2566 631; x_wconf 92' lang='lat' dir='ltr'>in</span> <span class='ocrx_word' id='word_1_324' title='bbox 2613 569 2879 635; x_wconf 80' lang='lat' dir='ltr'>fornace</span> <span class='ocrx_word' id='word_1_325' title='bbox 2930 575 3314 638; x_wconf 81' lang='lat' dir='ltr'>examinans</span> <span class='ocrx_word' id='word_1_326' title='bbox 3351 576 3626 653; x_wconf 82' lang='lat' dir='ltr'>rigorosi</span> <span class='ocrx_word' id='word_1_327' title='bbox 3671 577 3876 640; x_wconf 85' lang='lat' dir='ltr'>verba</span> 
     </span>
     <span class='ocr_line' id='line_1_52' title="bbox 2327 677 3872 764; baseline 0.006 -27"><span class='ocrx_word' id='word_1_328' title='bbox 2327 677 2578 740; x_wconf 89' lang='lat' dir='ltr'>Scotica</span> <span class='ocrx_word' id='word_1_329' title='bbox 2612 684 2985 745; x_wconf 88' lang='lat' dir='ltr'>commovit.</span> <span class='ocrx_word' id='word_1_330' title='bbox 3021 683 3335 745; x_wconf 87' lang='lat' dir='ltr'>Nimirum</span> <span class='ocrx_word' id='word_1_331' title='bbox 3380 685 3638 748; x_wconf 88' lang='lat' dir='ltr'>etiamsi</span> <span class='ocrx_word' id='word_1_332' title='bbox 3679 687 3872 764; x_wconf 85' lang='lat' dir='ltr'>inge-</span> 
     </span>
     <span class='ocr_line' id='line_1_53' title="bbox 2326 784 3873 870; baseline 0.003 -23"><span class='ocrx_word' id='word_1_333' title='bbox 2326 784 2490 847; x_wconf 92' lang='lat' dir='ltr'>niosi</span> <span class='ocrx_word' id='word_1_334' title='bbox 2520 785 2880 849; x_wconf 89' lang='lat' dir='ltr'>subtilitate</span> <span class='ocrx_word' id='word_1_335' title='bbox 2923 789 3124 870; x_wconf 88' lang='lat' dir='ltr'>hujus</span> <span class='ocrx_word' id='word_1_336' title='bbox 3156 791 3450 853; x_wconf 87' lang='lat' dir='ltr'>Doctoris</span> <span class='ocrx_word' id='word_1_337' title='bbox 3476 791 3733 866; x_wconf 89' lang='lat' dir='ltr'>imbuti,</span> <span class='ocrx_word' id='word_1_338' title='bbox 3766 809 3873 851; x_wconf 87' lang='lat' dir='ltr'>co·</span> 
     </span>
     <span class='ocr_line' id='line_1_54' title="bbox 2324 895 3865 976; baseline 0.005 -22"><span class='ocrx_word' id='word_1_339' title='bbox 2324 895 2455 955; x_wconf 92' lang='lat' dir='ltr'>nati</span> <span class='ocrx_word' id='word_1_340' title='bbox 2485 899 2638 955; x_wconf 91' lang='lat' dir='ltr'>sunt</span> <span class='ocrx_word' id='word_1_341' title='bbox 2669 895 2953 969; x_wconf 87' lang='lat' dir='ltr'>subtilia,</span> <span class='ocrx_word' id='word_1_342' title='bbox 2985 903 3100 960; x_wconf 91' lang='lat' dir='ltr'>aut</span> <span class='ocrx_word' id='word_1_343' title='bbox 3133 916 3268 976; x_wconf 88' lang='lat' dir='ltr'>pro,</span> <span class='ocrx_word' id='word_1_344' title='bbox 3315 903 3429 960; x_wconf 87' lang='lat' dir='ltr'>aut</span> <span class='ocrx_word' id='word_1_345' title='bbox 3476 904 3703 961; x_wconf 85' lang='lat' dir='ltr'>contra</span> <span class='ocrx_word' id='word_1_346' title='bbox 3750 898 3865 961; x_wconf 89' lang='lat' dir='ltr'>ad·</span> 
     </span>
     <span class='ocr_line' id='line_1_55' title="bbox 2325 1001 3875 1084; baseline 0.004 -22"><span class='ocrx_word' id='word_1_347' title='bbox 2325 1001 2511 1072; x_wconf 90' lang='lat' dir='ltr'>dere,</span> <span class='ocrx_word' id='word_1_348' title='bbox 2555 1019 2697 1063; x_wconf 86' lang='lat' dir='ltr'>cum</span> <span class='ocrx_word' id='word_1_349' title='bbox 2744 1002 2981 1065; x_wconf 87' lang='lat' dir='ltr'>obtusa</span> <span class='ocrx_word' id='word_1_350' title='bbox 3027 1006 3241 1083; x_wconf 83' lang='lat' dir='ltr'>capita</span> <span class='ocrx_word' id='word_1_351' title='bbox 3284 1022 3552 1084; x_wconf 89' lang='lat' dir='ltr'>semper</span> <span class='ocrx_word' id='word_1_352' title='bbox 3591 1008 3875 1069; x_wconf 82' lang='lat' dir='ltr'>inventis</span> 
     </span>
     <span class='ocr_line' id='line_1_56' title="bbox 2324 1111 3873 1193; baseline 0.005 -24"><span class='ocrx_word' id='word_1_353' title='bbox 2324 1113 2655 1183; x_wconf 83' lang='lat' dir='ltr'>contenta,</span> <span class='ocrx_word' id='word_1_354' title='bbox 2693 1111 2950 1189; x_wconf 67' lang='lat' dir='ltr'>,iactant</span> <span class='ocrx_word' id='word_1_355' title='bbox 2978 1130 3050 1174; x_wconf 88' lang='lat' dir='ltr'>se</span> <span class='ocrx_word' id='word_1_356' title='bbox 3082 1129 3305 1190; x_wconf 88' lang='lat' dir='ltr'>posse,</span> <span class='ocrx_word' id='word_1_357' title='bbox 3351 1119 3463 1176; x_wconf 86' lang='lat' dir='ltr'>aut</span> <span class='ocrx_word' id='word_1_358' title='bbox 3506 1114 3873 1193; x_wconf 90' lang='lat' dir='ltr'>responde·</span> 
     </span>
     <span class='ocr_line' id='line_1_57' title="bbox 2320 1220 4224 1359; baseline 0.005 -82"><span class='ocrx_word' id='word_1_359' title='bbox 2320 1232 2417 1288; x_wconf 90' lang='lat' dir='ltr'>re,</span> <span class='ocrx_word' id='word_1_360' title='bbox 2450 1225 2564 1278; x_wconf 80' lang='lat' dir='ltr'>aut</span> <span class='ocrx_word' id='word_1_361' title='bbox 2590 1235 2872 1299; x_wconf 84' lang='lat' dir='ltr'>arguere</span> <span class='ocrx_word' id='word_1_362' title='bbox 2895 1220 2981 1282; x_wconf 89' lang='lat' dir='ltr'>ad</span> <span class='ocrx_word' id='word_1_363' title='bbox 3000 1221 3200 1301; x_wconf 87' lang='lat' dir='ltr'>hujus</span> <span class='ocrx_word' id='word_1_364' title='bbox 3229 1222 3471 1301; x_wconf 85' lang='lat' dir='ltr'>aquilae</span> <span class='ocrx_word' id='word_1_365' title='bbox 3504 1225 3868 1285; x_wconf 89' lang='lat' dir='ltr'>monimen·</span> <span class='ocrx_word' id='word_1_366' title='bbox 3900 1248 4055 1359; x_wconf 54' lang='grc' dir='ltr'>ΕΞ...)</span> <span class='ocrx_word' id='word_1_367' title='bbox 4104 1246 4224 1296; x_wconf 60' lang='grc' dir='ltr'>..ιω</span> 
     </span>
     <span class='ocr_line' id='line_1_58' title="bbox 2320 1310 4223 1434; baseline 0.004 -48"><span class='ocrx_word' id='word_1_368' title='bbox 2320 1329 2404 1386; x_wconf 79' lang='lat' dir='ltr'>ta.</span> <span class='ocrx_word' id='word_1_369' title='bbox 2440 1325 2709 1388; x_wconf 85' lang='lat' dir='ltr'>AEstimo</span> <span class='ocrx_word' id='word_1_370' title='bbox 2742 1325 3052 1400; x_wconf 88' lang='lat' dir='ltr'>breviter,</span> <span class='ocrx_word' id='word_1_371' title='bbox 3084 1328 3262 1406; x_wconf 86' lang='lat' dir='ltr'>quod</span> <span class='ocrx_word' id='word_1_372' title='bbox 3291 1329 3390 1391; x_wconf 87' lang='lat' dir='ltr'>vir</span> <span class='ocrx_word' id='word_1_373' title='bbox 3416 1329 3525 1391; x_wconf 93' lang='lat' dir='ltr'>ille</span> <span class='ocrx_word' id='word_1_374' title='bbox 3561 1328 3869 1393; x_wconf 86' lang='lat' dir='ltr'>doctissi-</span> <span class='ocrx_word' id='word_1_375' title='bbox 3920 1310 4223 1434; x_wconf 54' lang='lat' dir='ltr'>“p‘ssfffjfss’</span> 
     </span>
     <span class='ocr_line' id='line_1_59' title="bbox 2320 1434 4225 1558; baseline 0.003 -67"><span class='ocrx_word' id='word_1_376' title='bbox 2320 1446 2492 1504; x_wconf 90' lang='lat' dir='ltr'>mus,</span> <span class='ocrx_word' id='word_1_377' title='bbox 2541 1437 2742 1510; x_wconf 88' lang='lat' dir='ltr'>atque</span> <span class='ocrx_word' id='word_1_378' title='bbox 2793 1434 3159 1497; x_wconf 87' lang='lat' dir='ltr'>Catholicus</span> <span class='ocrx_word' id='word_1_379' title='bbox 3210 1435 3594 1500; x_wconf 84' lang='lat' dir='ltr'>admirative</span> <span class='ocrx_word' id='word_1_380' title='bbox 3651 1440 3875 1517; x_wconf 90' lang='lat' dir='ltr'>potius</span> <span class='ocrx_word' id='word_1_381' title='bbox 3902 1435 4225 1558; x_wconf 36' lang='lat' dir='ltr'>2:253&amp;ss</span> 
     </span>
     <span class='ocr_line' id='line_1_60' title="bbox 2321 1535 4226 1634; baseline 0.004 -35"><span class='ocrx_word' id='word_1_382' title='bbox 2321 1555 2520 1617; x_wconf 87' lang='lat' dir='ltr'>quam</span> <span class='ocrx_word' id='word_1_383' title='bbox 2552 1542 2863 1604; x_wconf 82' lang='lat' dir='ltr'>assertive</span> <span class='ocrx_word' id='word_1_384' title='bbox 2905 1550 3128 1606; x_wconf 84' lang='lat' dir='ltr'>contra</span> <span class='ocrx_word' id='word_1_385' title='bbox 3161 1544 3361 1625; x_wconf 87' lang='lat' dir='ltr'>hujus</span> <span class='ocrx_word' id='word_1_386' title='bbox 3395 1547 3688 1608; x_wconf 85' lang='lat' dir='ltr'>Doctoris</span> <span class='ocrx_word' id='word_1_387' title='bbox 3711 1546 3876 1611; x_wconf 89' lang='lat' dir='ltr'>doc·</span> <span class='ocrx_word' id='word_1_388' title='bbox 3906 1569 4003 1633; x_wconf 55' lang='lat' dir='ltr'>ayt</span> <span class='ocrx_word' id='word_1_389' title='bbox 4042 1535 4226 1634; x_wconf 51' lang='lat' dir='ltr'>minu}</span> 
     </span>
     <span class='ocr_line' id='line_1_61' title="bbox 2322 1638 4200 1747; baseline 0.006 -39"><span class='ocrx_word' id='word_1_390' title='bbox 2322 1649 2553 1709; x_wconf 89' lang='lat' dir='ltr'>trinam</span> <span class='ocrx_word' id='word_1_391' title='bbox 2584 1648 2938 1728; x_wconf 86' lang='lat' dir='ltr'>aliquando</span> <span class='ocrx_word' id='word_1_392' title='bbox 2969 1653 3274 1732; x_wconf 87' lang='lat' dir='ltr'>insurgit,</span> <span class='ocrx_word' id='word_1_393' title='bbox 3335 1654 3513 1727; x_wconf 89' lang='lat' dir='ltr'>licet,</span> <span class='ocrx_word' id='word_1_394' title='bbox 3538 1660 3613 1715; x_wconf 88' lang='lat' dir='ltr'>ut</span> <span class='ocrx_word' id='word_1_395' title='bbox 3642 1671 3874 1717; x_wconf 87' lang='lat' dir='ltr'>verum</span> <span class='ocrx_word' id='word_1_396' title='bbox 3922 1638 4200 1747; x_wconf 41' lang='lat' dir='ltr'>{235³}ssss</span> 
     </span>
    </p>
   </div>
   <div class='ocr_carea' id='block_1_6' title="bbox 2316 1751 4228 1874">
    <p class='ocr_par' dir='ltr' id='par_1_8' title="bbox 2316 1751 4228 1874">
     <span class='ocr_line' id='line_1_62' title="bbox 2316 1751 4228 1874; baseline 0.01 -58"><span class='ocrx_word' id='word_1_397' title='bbox 2316 1755 2544 1831; x_wconf 82' lang='lat' dir='ltr'>fatear,</span> <span class='ocrx_word' id='word_1_398' title='bbox 2574 1773 2747 1836; x_wconf 85' lang='lat' dir='ltr'>equo</span> <span class='ocrx_word' id='word_1_399' title='bbox 2772 1760 2948 1835; x_wconf 87' lang='lat' dir='ltr'>albo,</span> <span class='ocrx_word' id='word_1_400' title='bbox 2970 1777 3089 1823; x_wconf 88' lang='lat' dir='ltr'>sua</span> <span class='ocrx_word' id='word_1_401' title='bbox 3113 1760 3465 1840; x_wconf 88' lang='lat' dir='ltr'>disputatio</span> <span class='ocrx_word' id='word_1_402' title='bbox 3484 1762 3871 1828; x_wconf 88' lang='lat' dir='ltr'>abundavit.</span> <span class='ocrx_word' id='word_1_403' title='bbox 3905 1751 4228 1874; x_wconf 49' lang='grc' dir='ltr'>ωῆζαζζξζά·</span> 
     </span>
    </p>
   </div>
   <div class='ocr_carea' id='block_1_7' title="bbox 3905 703 4226 954">
    <p class='ocr_par' dir='ltr' id='par_1_9' title="bbox 3905 703 4226 891">
     <span class='ocr_line' id='line_1_63' title="bbox 3967 703 4192 751; baseline 0 0"><span class='ocrx_word' id='word_1_404' title='bbox 3967 703 4192 751; x_wconf 73' lang='grc' dir='ltr'>Οσεὴαιη</span> 
     </span>
     <span class='ocr_line' id='line_1_64' title="bbox 3905 767 4226 826; baseline 0.003 -13"><span class='ocrx_word' id='word_1_405' title='bbox 3905 779 4080 826; x_wconf 75' lang='lat' dir='ltr'>quare</span> <span class='ocrx_word' id='word_1_406' title='bbox 4106 767 4226 814; x_wconf 83' lang='lat' dir='ltr'>Sco-</span> 
     </span>
     <span class='ocr_line' id='line_1_65' title="bbox 3905 828 4226 891; baseline 0.006 -17"><span class='ocrx_word' id='word_1_407' title='bbox 3905 834 4021 876; x_wconf 77' lang='lat' dir='ltr'>tum</span> <span class='ocrx_word' id='word_1_408' title='bbox 4046 828 4226 891; x_wconf 70' lang='lat' dir='ltr'>impu-</span> 
     </span>
    </p>

    <p class='ocr_par' dir='ltr' id='par_1_10' title="bbox 3976 900 4134 954">
     <span class='ocr_line' id='line_1_66' title="bbox 3976 900 4134 954; baseline 0.006 -16"><span class='ocrx_word' id='word_1_409' title='bbox 3976 900 4134 954; x_wconf 76' lang='lat' dir='ltr'>qnat.</span> 
     </span>
    </p>
   </div>
   <div class='ocr_carea' id='block_1_8' title="bbox 2807 2055 3365 2129">
    <p class='ocr_par' dir='ltr' id='par_1_11' title="bbox 2807 2055 3365 2129">
     <span class='ocr_line' id='line_1_67' title="bbox 2807 2055 3365 2129; baseline -0.005 -1"><span class='ocrx_word' id='word_1_410' title='bbox 2807 2055 3138 2128; x_wconf 70' lang='lat' dir='ltr'>CAPUT</span> <span class='ocrx_word' id='word_1_411' title='bbox 3240 2059 3365 2129; x_wconf 89' lang='lat' dir='ltr'>IV.</span> 
     </span>
    </p>
   </div>
   <div class='ocr_carea' id='block_1_9' title="bbox 2313 2223 3869 2429">
    <p class='ocr_par' dir='ltr' id='par_1_12' title="bbox 2313 2223 3869 2429">
     <span class='ocr_line' id='line_1_68' title="bbox 2313 2223 3869 2311; baseline 0.008 -24"><span class='ocrx_word' id='word_1_412' title='bbox 2313 2223 2410 2288; x_wconf 88' lang='lat' dir='ltr'>De</span> <span class='ocrx_word' id='word_1_413' title='bbox 2451 2226 2909 2311; x_wconf 78' lang='lat' dir='ltr'>simplicitate,</span> <span class='ocrx_word' id='word_1_414' title='bbox 2967 2227 3311 2309; x_wconf 76' lang='lat' dir='ltr'>infinitate</span> <span class='ocrx_word' id='word_1_415' title='bbox 3349 2241 3410 2294; x_wconf 89' lang='lat' dir='ltr'>et</span> <span class='ocrx_word' id='word_1_416' title='bbox 3450 2230 3869 2299; x_wconf 79' lang='lat' dir='ltr'>intellectua-</span> 
     </span>
     <span class='ocr_line' id='line_1_69' title="bbox 2748 2343 3422 2429; baseline 0.004 -21"><span class='ocrx_word' id='word_1_417' title='bbox 2748 2343 2938 2408; x_wconf 78' lang='lat' dir='ltr'>litate</span> <span class='ocrx_word' id='word_1_418' title='bbox 2971 2345 3189 2429; x_wconf 85' lang='lat' dir='ltr'>primi</span> <span class='ocrx_word' id='word_1_419' title='bbox 3226 2346 3422 2412; x_wconf 82' lang='lat' dir='ltr'>entis.</span> 
     </span>
    </p>
   </div>
   <div class='ocr_carea' id='block_1_10' title="bbox 2749 2510 3438 2581">
    <p class='ocr_par' dir='ltr' id='par_1_13' title="bbox 2749 2510 3438 2581">
     <span class='ocr_line' id='line_1_70' title="bbox 2749 2510 3438 2581; baseline 0.007 -5"><span class='ocrx_word' id='word_1_420' title='bbox 2749 2512 3046 2578; x_wconf 88' lang='lat' dir='ltr'><strong><em>CONCL</em></strong></span> <span class='ocrx_word' id='word_1_421' title='bbox 3058 2510 3438 2581; x_wconf 81' lang='lat' dir='ltr'><em>USIONES</em></span> 
     </span>
    </p>
   </div>
   <div class='ocr_carea' id='block_1_11' title="bbox 2299 2675 3869 5697">
    <p class='ocr_par' dir='ltr' id='par_1_14' title="bbox 2312 2675 3685 2770">
     <span class='ocr_line' id='line_1_71' title="bbox 2312 2675 3685 2770; baseline 0.006 -27"><span class='ocrx_word' id='word_1_422' title='bbox 2312 2675 2376 2743; x_wconf 89' lang='lat'>1.</span> <span class='ocrx_word' id='word_1_423' title='bbox 2479 2677 2714 2743; x_wconf 79' lang='lat' dir='ltr'>Prima</span> <span class='ocrx_word' id='word_1_424' title='bbox 2746 2690 2996 2745; x_wconf 76' lang='lat' dir='ltr'>natura</span> <span class='ocrx_word' id='word_1_425' title='bbox 3030 2681 3101 2746; x_wconf 80' lang='lat' dir='ltr'>in</span> <span class='ocrx_word' id='word_1_426' title='bbox 3140 2701 3210 2746; x_wconf 88' lang='lat' dir='ltr'>se</span> <span class='ocrx_word' id='word_1_427' title='bbox 3238 2691 3331 2747; x_wconf 89' lang='lat' dir='ltr'>est</span> <span class='ocrx_word' id='word_1_428' title='bbox 3367 2683 3685 2770; x_wconf 75' lang='lat' dir='ltr'>simplex.</span> 
     </span>
    </p>

    <p class='ocr_par' dir='ltr' id='par_1_15' title="bbox 2307 2790 3868 2993">
     <span class='ocr_line' id='line_1_72' title="bbox 2307 2790 3868 2881; baseline 0.006 -20"><span class='ocrx_word' id='word_1_429' title='bbox 2307 2790 2374 2861; x_wconf 71' lang='grc'>2.</span> <span class='ocrx_word' id='word_1_430' title='bbox 2481 2792 2827 2881; x_wconf 77' lang='lat' dir='ltr'>Quidquid</span> <span class='ocrx_word' id='word_1_431' title='bbox 2858 2796 3295 2864; x_wconf 80' lang='lat' dir='ltr'>intrinsecum</span> <span class='ocrx_word' id='word_1_432' title='bbox 3332 2811 3424 2864; x_wconf 84' lang='lat' dir='ltr'>cst</span> <span class='ocrx_word' id='word_1_433' title='bbox 3451 2821 3724 2868; x_wconf 82' lang='lat' dir='ltr'>summce</span> <span class='ocrx_word' id='word_1_434' title='bbox 3745 2824 3868 2871; x_wconf 80' lang='lat' dir='ltr'>na·</span> 
     </span>
     <span class='ocr_line' id='line_1_73' title="bbox 2580 2916 3392 2993; baseline 0.01 -17"><span class='ocrx_word' id='word_1_435' title='bbox 2580 2923 2769 2993; x_wconf 70' lang='lat' dir='ltr'>tur-ce,</span> <span class='ocrx_word' id='word_1_436' title='bbox 2816 2923 2907 2978; x_wconf 88' lang='lat' dir='ltr'>est</span> <span class='ocrx_word' id='word_1_437' title='bbox 2945 2933 3199 2981; x_wconf 76' lang='lat' dir='ltr'>summe</span> <span class='ocrx_word' id='word_1_438' title='bbox 3238 2916 3392 2992; x_wconf 86' lang='lat' dir='ltr'>talc.</span> 
     </span>
    </p>

    <p class='ocr_par' dir='ltr' id='par_1_16' title="bbox 2307 3027 3869 3329">
     <span class='ocr_line' id='line_1_74' title="bbox 2307 3027 3869 3122; baseline 0.007 -29"><span class='ocrx_word' id='word_1_439' title='bbox 2307 3027 2372 3094; x_wconf 85' lang='lat'>3.</span> <span class='ocrx_word' id='word_1_440' title='bbox 2478 3028 2708 3095; x_wconf 84' lang='lat' dir='ltr'>Omnis</span> <span class='ocrx_word' id='word_1_441' title='bbox 2780 3030 3109 3116; x_wconf 79' lang='lat' dir='ltr'>perfectio</span> <span class='ocrx_word' id='word_1_442' title='bbox 3185 3034 3585 3122; x_wconf 84' lang='lat' dir='ltr'>simpliciter</span> <span class='ocrx_word' id='word_1_443' title='bbox 3663 3049 3725 3103; x_wconf 88' lang='lat' dir='ltr'>et</span> <span class='ocrx_word' id='word_1_444' title='bbox 3792 3039 3869 3104; x_wconf 75' lang='lat' dir='ltr'>in</span> 
     </span>
     <span class='ocr_line' id='line_1_75' title="bbox 2573 3147 3869 3229; baseline 0.009 -19"><span class='ocrx_word' id='word_1_445' title='bbox 2573 3166 2829 3213; x_wconf 80' lang='lat' dir='ltr'>summo</span> <span class='ocrx_word' id='word_1_446' title='bbox 2853 3202 2867 3229; x_wconf 90' lang='lat'>‚</span> <span class='ocrx_word' id='word_1_447' title='bbox 2942 3147 3113 3216; x_wconf 79' lang='lat' dir='ltr'>inest</span> <span class='ocrx_word' id='word_1_448' title='bbox 3171 3152 3544 3219; x_wconf 82' lang='lat' dir='ltr'>necessario</span> <span class='ocrx_word' id='word_1_449' title='bbox 3600 3165 3869 3222; x_wconf 78' lang='lat' dir='ltr'>naturae</span> 
     </span>
     <span class='ocr_line' id='line_1_76' title="bbox 2578 3284 2874 3329; baseline 0.007 -2"><span class='ocrx_word' id='word_1_450' title='bbox 2578 3284 2874 3329; x_wconf 69' lang='lat' dir='ltr'>summae.</span> 
     </span>
    </p>

    <p class='ocr_par' dir='ltr' id='par_1_17' title="bbox 2307 3382 3867 3565">
     <span class='ocr_line' id='line_1_77' title="bbox 2307 3382 3867 3476; baseline 0.005 -27"><span class='ocrx_word' id='word_1_451' title='bbox 2307 3384 2372 3452; x_wconf 73' lang='lat'>4.</span> <span class='ocrx_word' id='word_1_452' title='bbox 2469 3382 2778 3447; x_wconf 78' lang='lat' dir='ltr'>Primum</span> <span class='ocrx_word' id='word_1_453' title='bbox 2840 3382 3143 3465; x_wconf 78' lang='lat' dir='ltr'>efficiens</span> <span class='ocrx_word' id='word_1_454' title='bbox 3195 3399 3287 3450; x_wconf 81' lang='lat' dir='ltr'>est</span> <span class='ocrx_word' id='word_1_455' title='bbox 3338 3386 3750 3476; x_wconf 53' lang='lat' dir='ltr'>intelliyevm</span> <span class='ocrx_word' id='word_1_456' title='bbox 3804 3403 3867 3457; x_wconf 89' lang='lat' dir='ltr'>et</span> 
     </span>
     <span class='ocr_line' id='line_1_78' title="bbox 2581 3500 2829 3565; baseline -0.004 0"><span class='ocrx_word' id='word_1_457' title='bbox 2581 3500 2829 3565; x_wconf 81' lang='lat' dir='ltr'>volens.</span> 
     </span>
    </p>

    <p class='ocr_par' dir='ltr' id='par_1_18' title="bbox 2304 3617 3865 3820">
     <span class='ocr_line' id='line_1_79' title="bbox 2304 3617 3865 3707; baseline 0.004 -23"><span class='ocrx_word' id='word_1_458' title='bbox 2304 3617 2370 3684; x_wconf 86' lang='lat'>5.</span> <span class='ocrx_word' id='word_1_459' title='bbox 2470 3617 2777 3683; x_wconf 79' lang='lat' dir='ltr'>Primum</span> <span class='ocrx_word' id='word_1_460' title='bbox 2854 3638 3135 3684; x_wconf 83' lang='lat' dir='ltr'>causans</span> <span class='ocrx_word' id='word_1_461' title='bbox 3220 3617 3552 3707; x_wconf 80' lang='lat' dir='ltr'>quidquid</span> <span class='ocrx_word' id='word_1_462' title='bbox 3629 3635 3865 3690; x_wconf 79' lang='lat' dir='ltr'>causat</span> 
     </span>
     <span class='ocr_line' id='line_1_80' title="bbox 2573 3734 3328 3820; baseline 0.003 -21"><span class='ocrx_word' id='word_1_463' title='bbox 2573 3734 3029 3820; x_wconf 71' lang='lat' dir='ltr'>concinqenter</span> <span class='ocrx_word' id='word_1_464' title='bbox 3074 3747 3328 3802; x_wconf 81' lang='lat' dir='ltr'>causat.</span> 
     </span>
    </p>

    <p class='ocr_par' dir='ltr' id='par_1_19' title="bbox 2303 3851 3863 4052">
     <span class='ocr_line' id='line_1_81' title="bbox 2303 3851 3863 3933; baseline 0.001 -13"><span class='ocrx_word' id='word_1_465' title='bbox 2303 3852 2370 3920; x_wconf 80' lang='lat'>6.</span> <span class='ocrx_word' id='word_1_466' title='bbox 2471 3851 2773 3917; x_wconf 83' lang='lat' dir='ltr'>Primam</span> <span class='ocrx_word' id='word_1_467' title='bbox 2807 3862 3122 3918; x_wconf 76' lang='lat' dir='ltr'>naturam</span> <span class='ocrx_word' id='word_1_468' title='bbox 3160 3872 3392 3919; x_wconf 85' lang='lat' dir='ltr'>amare</span> <span class='ocrx_word' id='word_1_469' title='bbox 3418 3875 3507 3933; x_wconf 89' lang='lat' dir='ltr'>se,</span> <span class='ocrx_word' id='word_1_470' title='bbox 3556 3866 3650 3921; x_wconf 83' lang='lat' dir='ltr'>est</span> <span class='ocrx_word' id='word_1_471' title='bbox 3679 3855 3863 3922; x_wconf 85' lang='lat' dir='ltr'>idem</span> 
     </span>
     <span class='ocr_line' id='line_1_82' title="bbox 2575 3967 3139 4052; baseline 0 -21"><span class='ocrx_word' id='word_1_472' title='bbox 2575 3977 2839 4031; x_wconf 57' lang='lat' dir='ltr'>natura?</span> <span class='ocrx_word' id='word_1_473' title='bbox 2875 3967 3139 4052; x_wconf 66' lang='lat' dir='ltr'>primic.</span> 
     </span>
    </p>

    <p class='ocr_par' dir='ltr' id='par_1_20' title="bbox 2304 4083 3860 4289">
     <span class='ocr_line' id='line_1_83' title="bbox 2304 4083 3860 4172; baseline 0.001 -20"><span class='ocrx_word' id='word_1_474' title='bbox 2304 4084 2367 4153; x_wconf 91' lang='lat'>7.</span> <span class='ocrx_word' id='word_1_475' title='bbox 2472 4083 2744 4149; x_wconf 75' lang='lat' dir='ltr'>Nullum</span> <span class='ocrx_word' id='word_1_476' title='bbox 2790 4083 3172 4172; x_wconf 75' lang='lat' dir='ltr'>intelliqere</span> <span class='ocrx_word' id='word_1_477' title='bbox 3223 4095 3437 4171; x_wconf 82' lang='lat' dir='ltr'>petest</span> <span class='ocrx_word' id='word_1_478' title='bbox 3495 4106 3628 4152; x_wconf 89' lang='lat' dir='ltr'>esse</span> <span class='ocrx_word' id='word_1_479' title='bbox 3684 4091 3860 4154; x_wconf 86' lang='lat' dir='ltr'>acci-</span> 
     </span>
     <span class='ocr_line' id='line_1_84' title="bbox 2575 4201 3325 4289; baseline 0 -22"><span class='ocrx_word' id='word_1_480' title='bbox 2575 4202 2741 4267; x_wconf 77' lang='lat' dir='ltr'>dens</span> <span class='ocrx_word' id='word_1_481' title='bbox 2768 4201 3013 4289; x_wconf 66' lang='lat' dir='ltr'>prima»</span> <span class='ocrx_word' id='word_1_482' title='bbox 3044 4213 3325 4268; x_wconf 76' lang='lat' dir='ltr'>naturcc.</span> 
     </span>
    </p>

    <p class='ocr_par' dir='ltr' id='par_1_21' title="bbox 2302 4318 3863 4756">
     <span class='ocr_line' id='line_1_85' title="bbox 2302 4318 3862 4407; baseline 0.001 -20"><span class='ocrx_word' id='word_1_483' title='bbox 2302 4320 2370 4387; x_wconf 84' lang='lat'>8.</span> <span class='ocrx_word' id='word_1_484' title='bbox 2474 4318 2846 4383; x_wconf 79' lang='lat' dir='ltr'>Intellectus</span> <span class='ocrx_word' id='word_1_485' title='bbox 2879 4319 3095 4405; x_wconf 82' lang='lat' dir='ltr'>primi</span> <span class='ocrx_word' id='word_1_486' title='bbox 3134 4319 3456 4407; x_wconf 70' lang='lat' dir='ltr'>intelliqit</span> <span class='ocrx_word' id='word_1_487' title='bbox 3494 4332 3642 4386; x_wconf 78' lang='lat' dir='ltr'>actu</span> <span class='ocrx_word' id='word_1_488' title='bbox 3694 4343 3862 4388; x_wconf 86' lang='lat' dir='ltr'>sem·</span> 
     </span>
     <span class='ocr_line' id='line_1_86' title="bbox 2567 4437 3850 4523; baseline 0.005 -24"><span class='ocrx_word' id='word_1_489' title='bbox 2567 4458 2714 4523; x_wconf 78' lang='lat' dir='ltr'>per,</span> <span class='ocrx_word' id='word_1_490' title='bbox 2791 4446 2850 4502; x_wconf 89' lang='lat' dir='ltr'>et</span> <span class='ocrx_word' id='word_1_491' title='bbox 2930 4437 3325 4515; x_wconf 77' lang='lat' dir='ltr'>necessarie,</span> <span class='ocrx_word' id='word_1_492' title='bbox 3389 4449 3449 4503; x_wconf 84' lang='lat' dir='ltr'>et</span> <span class='ocrx_word' id='word_1_493' title='bbox 3516 4437 3850 4521; x_wconf 55' lang='lat' dir='ltr'>distincte,</span> 
     </span>
     <span class='ocr_line' id='line_1_87' title="bbox 2572 4552 3863 4644; baseline 0.005 -27"><span class='ocrx_word' id='word_1_494' title='bbox 2572 4552 3026 4640; x_wconf 76' lang='lat' dir='ltr'>quodcumque</span> <span class='ocrx_word' id='word_1_495' title='bbox 3118 4554 3573 4642; x_wconf 71' lang='lat' dir='ltr'>intelliqibile,</span> <span class='ocrx_word' id='word_1_496' title='bbox 3659 4558 3863 4644; x_wconf 83' lang='lat' dir='ltr'>prius</span> 
     </span>
     <span class='ocr_line' id='line_1_88' title="bbox 2572 4670 3811 4756; baseline 0.006 -22"><span class='ocrx_word' id='word_1_497' title='bbox 2572 4670 3009 4748; x_wconf 64' lang='lat' dir='ltr'>naturaliter,</span> <span class='ocrx_word' id='word_1_498' title='bbox 3048 4691 3247 4756; x_wconf 81' lang='lat' dir='ltr'>quam</span> <span class='ocrx_word' id='word_1_499' title='bbox 3277 4671 3365 4737; x_wconf 81' lang='lat' dir='ltr'>sit</span> <span class='ocrx_word' id='word_1_500' title='bbox 3398 4671 3573 4738; x_wconf 78' lang='lat' dir='ltr'>ittml</span> <span class='ocrx_word' id='word_1_501' title='bbox 3616 4675 3689 4739; x_wconf 82' lang='lat' dir='ltr'>in</span> <span class='ocrx_word' id='word_1_502' title='bbox 3716 4695 3811 4741; x_wconf 87' lang='lat' dir='ltr'>se.</span> 
     </span>
    </p>

    <p class='ocr_par' dir='ltr' id='par_1_22' title="bbox 2300 4787 3865 4989">
     <span class='ocr_line' id='line_1_89' title="bbox 2300 4787 3865 4873; baseline 0.003 -17"><span class='ocrx_word' id='word_1_503' title='bbox 2300 4789 2368 4857; x_wconf 86' lang='grc'>9.</span> <span class='ocrx_word' id='word_1_504' title='bbox 2472 4789 2776 4852; x_wconf 76' lang='lat' dir='ltr'>Primum</span> <span class='ocrx_word' id='word_1_505' title='bbox 2812 4787 3233 4873; x_wconf 80' lang='lat' dir='ltr'>principium</span> <span class='ocrx_word' id='word_1_506' title='bbox 3263 4799 3357 4853; x_wconf 87' lang='lat' dir='ltr'>est</span> <span class='ocrx_word' id='word_1_507' title='bbox 3390 4789 3762 4871; x_wconf 79' lang='lat' dir='ltr'>infinitum,</span> <span class='ocrx_word' id='word_1_508' title='bbox 3799 4806 3865 4859; x_wconf 90' lang='lat' dir='ltr'>et</span> 
     </span>
     <span class='ocr_line' id='line_1_90' title="bbox 2568 4904 3579 4989; baseline 0.003 -22"><span class='ocrx_word' id='word_1_509' title='bbox 2568 4927 2608 4967; x_wconf 83' lang='lat' dir='ltr'>a</span> <span class='ocrx_word' id='word_1_510' title='bbox 2648 4905 2847 4987; x_wconf 78' lang='lat' dir='ltr'>sinito</span> <span class='ocrx_word' id='word_1_511' title='bbox 2891 4904 3579 4989; x_wconf 68' lang='lat' dir='ltr'>incomprehensibile.</span> 
     </span>
    </p>

    <p class='ocr_par' dir='ltr' id='par_1_23' title="bbox 2304 5021 3861 5458">
     <span class='ocr_line' id='line_1_91' title="bbox 2304 5021 3861 5106; baseline -0.001 -16"><span class='ocrx_word' id='word_1_512' title='bbox 2304 5022 2411 5090; x_wconf 86' lang='lat'>10.</span> <span class='ocrx_word' id='word_1_513' title='bbox 2474 5022 2775 5085; x_wconf 77' lang='lat' dir='ltr'>Primam</span> <span class='ocrx_word' id='word_1_514' title='bbox 2813 5021 3230 5106; x_wconf 80' lang='lat' dir='ltr'>principium</span> <span class='ocrx_word' id='word_1_515' title='bbox 3263 5033 3357 5087; x_wconf 75' lang='lat' dir='ltr'>est</span> <span class='ocrx_word' id='word_1_516' title='bbox 3380 5023 3654 5088; x_wconf 79' lang='lat' dir='ltr'>omnino</span> <span class='ocrx_word' id='word_1_517' title='bbox 3693 5025 3861 5089; x_wconf 80' lang='lat' dir='ltr'>sim·</span> 
     </span>
     <span class='ocr_line' id='line_1_92' title="bbox 2561 5137 3851 5223; baseline 0.004 -21"><span class='ocrx_word' id='word_1_518' title='bbox 2561 5137 2896 5223; x_wconf 72' lang='lat' dir='ltr'>plaz-‚non</span> <span class='ocrx_word' id='word_1_519' title='bbox 2928 5137 3173 5203; x_wconf 71' lang='lat' dir='ltr'>liabens</span> <span class='ocrx_word' id='word_1_520' title='bbox 3190 5149 3419 5223; x_wconf 84' lang='lat' dir='ltr'>partes</span> <span class='ocrx_word' id='word_1_521' title='bbox 3441 5141 3851 5220; x_wconf 78' lang='lat' dir='ltr'>essentiales,</span> 
     </span>
     <span class='ocr_line' id='line_1_93' title="bbox 2571 5256 3861 5341; baseline 0.005 -23"><span class='ocrx_word' id='word_1_522' title='bbox 2571 5277 2689 5318; x_wconf 83' lang='lat' dir='ltr'>nec</span> <span class='ocrx_word' id='word_1_523' title='bbox 2736 5257 3244 5341; x_wconf 74' lang='lat' dir='ltr'>quantitativas,</span> <span class='ocrx_word' id='word_1_524' title='bbox 3286 5275 3401 5320; x_wconf 80' lang='lat' dir='ltr'>nec</span> <span class='ocrx_word' id='word_1_525' title='bbox 3449 5256 3662 5322; x_wconf 78' lang='lat' dir='ltr'>alicui</span> <span class='ocrx_word' id='word_1_526' title='bbox 3701 5279 3861 5325; x_wconf 82' lang='lat' dir='ltr'>con-</span> 
     </span>
     <span class='ocr_line' id='line_1_94' title="bbox 2563 5370 3310 5458; baseline 0.004 -23"><span class='ocrx_word' id='word_1_527' title='bbox 2563 5374 2783 5456; x_wconf 77' lang='lat' dir='ltr'>ceptui</span> <span class='ocrx_word' id='word_1_528' title='bbox 2812 5370 3310 5458; x_wconf 81' lang='lat' dir='ltr'>componibiles.</span> 
     </span>
    </p>

    <p class='ocr_par' dir='ltr' id='par_1_24' title="bbox 2299 5488 3857 5697">
     <span class='ocr_line' id='line_1_95' title="bbox 2299 5488 3857 5581; baseline 0.003 -24"><span class='ocrx_word' id='word_1_529' title='bbox 2299 5490 2410 5560; x_wconf 85' lang='lat'>11.</span> <span class='ocrx_word' id='word_1_530' title='bbox 2474 5488 2664 5564; x_wconf 76' lang='lat' dir='ltr'>Quod</span> <span class='ocrx_word' id='word_1_531' title='bbox 2712 5501 2804 5554; x_wconf 90' lang='lat' dir='ltr'>est</span> <span class='ocrx_word' id='word_1_532' title='bbox 2873 5501 3376 5557; x_wconf 65' lang='lat' dir='ltr'>tentamentum</span> <span class='ocrx_word' id='word_1_533' title='bbox 3431 5491 3857 5581; x_wconf 80' lang='lat' dir='ltr'>principium</span> 
     </span>
     <span class='ocr_line' id='line_1_96' title="bbox 2565 5608 2865 5697; baseline 0.013 -26"><span class='ocrx_word' id='word_1_534' title='bbox 2565 5608 2865 5697; x_wconf 80' lang='lat' dir='ltr'>primum</span> 
     </span>
    </p>
   </div>
  </div>
 </body>
</html>
