4252 6393
1685 383 2049 458 QUAESTJO
2097 385 2252 448 xvii

370 546 765 627 accidenS,
825 543 1355 618 nihilominus
1410 566 1738 618 neeesse
1797 552 1921 619 est

373 662 759 735 similiter
797 662 1248 756 corrumpi.

461 783 772 855 Contra
822 806 835 849 ε
885 781 1074 872 quia
1144 780 1600 872 subjectum
1656 782 1734 852 in
1784 782 1922 853 ali-

371 918 526 990 qua
569 898 893 971 actione
945 919 1104 970 non
1156 899 1748 992 corrumpitur,
1792 902 1923 972 sed

370 1014 768 1096 salvatur,
815 1019 895 1088 et
937 1020 1205 1088 manet
1247 1037 1698 1095 commune,
1751 1017 1920 1088 ideo

373 1133 719 1222 utroque
753 1132 1106 1204 termino
1155 1155 1167 1201 ε
1205 1151 1403 1222 ergo
1448 1153 1630 1204 eum
1677 1138 1921 1204 mate-

370 1246 495 1318 ria
528 1247 674 1319 sub
707 1246 974 1320 forma
1008 1248 1535 1340 corruptibili
1571 1269 1921 1320 commu-

369 1363 492 1434 nis
561 1379 720 1436 non
793 1369 1140 1446 maneat,
1215 1386 1397 1437 eum
1467 1366 1716 1439 etiam
1780 1366 1918 1438 illa

367 1478 636 1551 forma
708 1495 853 1572 per
924 1485 1232 1555 motum
1284 1488 1912 1575 corrumpatur,

369 1611 698 1667 neeesse
764 1600 890 1668 est
962 1601 1047 1668 ut
1117 1596 1263 1668 sub
1320 1597 1586 1688 aliqua
1654 1598 1918 1670 forma.

372 1713 980 1806 incorruptibili
1013 1713 1118 1787 sit
1153 1714 1629 1806 subjectum.

482 1830 726 1911 Item,
814 1850 975 1902 non
1066 1831 1386 1905 videtur
1473 1833 1912 1926 probabile,

369 1943 581 2035 quod
651 1945 1090 2036 qualitates
1170 1947 1638 2038 symbolica}
1742 1969 1915 2021 cor-

370 2066 889 2154 rumpantur,
936 2063 1188 2136 etiam
1247 2085 1389 2157 per
1439 2065 1679 2157 primi
1744 2067 1916 2137 sub-

357 2179 564 2270 Jeeti
605 2179 1224 2271 corruptionem
1263 2207 1276 2251 ε
1315 2202 1477 2254 non
1510 2183 1723 2254 enim
1769 2181 1918 2254 hoc

364 2298 738 2372 coneedit
780 2298 1062 2372 littera
1107 2298 1607 2381 AristoteliS,
1662 2299 1918 2371 dieen-

365 2415 473 2487 tis
513 2417 583 2486 2.
628 2418 710 2485 de
763 2419 1227 2500 Generatione,
1293 2425 1456 2486 text.
1510 2441 1744 2486 comm.
1802 2421 1912 2490 25.

369 2535 533 2610 Queat
572 2549 842 2602 cumam
885 2536 1125 2603 habent
1174 2535 1627 2622 symbolicam,
1675 2539 1921 2602 veloces

358 2663 518 2716 sumt
585 2671 812 2717 eorum
872 2654 1461 2718 transmutationes
1483 2678 1505 2732 ‚·
1565 2675 1709 2739 quw
1767 2674 1920 2718 vero

361 2787 500 2832 non
530 2766 797 2845 liabent,
845 2766 1059 2834 tarda»
1087 2779 1265 2846 sime,
1328 2768 1484 2854 quia
1524 2768 1800 2852 facilius
1829 2780 1921 2834 est

358 2895 574 2947 imum
642 2885 1110 2961 transmutare,
1184 2903 1380 2970 quam
1451 2884 1681 2950 multa.
1757 2883 1920 2952 Neo

361 2997 678 3070 rationi
761 2997 1084 3070 videtur
1168 3017 1614 3070 consonum
1717 3019 1918 3079 esse,

361 3112 559 3206 quia
590 3112 976 3194 videmus,
1035 3113 1240 3205 quod
1285 3112 1495 3205 ignis
1547 3132 1794 3204 agens
1843 3115 1921 3184 in

357 3251 673 3313 aerem,
722 3230 1004 3305 statim
1048 3235 1529 3321 augmentat
1580 3231 1754 3324 ejus
1796 3251 1920 3302 ca-

361 3348 797 3424 liditatem.

450 3470 627 3541 Nec
670 3470 942 3560 potest
972 3466 1129 3539 dici
1172 3467 1376 3558 quod
1412 3470 1601 3539 tunc
1637 3465 1799 3539 sint
1846 3466 1921 3536 in

359 3602 561 3658 aere
605 3585 778 3657 duee
835 3583 1309 3675 qualitateS,
1378 3601 1530 3652 una
1584 3603 1756 3672 quae
1797 3584 1921 3653 est

359 3705 644 3799 primo
695 3704 775 3776 in
817 3723 1043 3785 aere;
1097 3702 1256 3774 alia
1301 3722 1475 3794 quze
1511 3701 1616 3775 sit
1651 3706 1922 3776 actua-

355 3822 605 3896 litate
648 3820 857 3911 ignis
889 3821 1199 3892 educta.
1238 3820 1464 3899 Tum,
1513 3817 1700 3909 quia
1745 3818 1921 3889 istae

355 3938 816 4031 qualitates
879 3941 1151 4009 essent
1215 3936 1458 4008 simul
1513 3935 1588 4007 in
1645 3937 1920 4008 eodem

356 4054 768 4147 subjecto,
824 4075 971 4125 nec
1014 4052 1310 4125 habent
1366 4073 1509 4146 per
1551 4052 1733 4143 quid
1772 4052 1922 4123 dis-

353 4172 882 4263 tinguantur.
956 4172 1182 4249 Tum,
1247 4170 1436 4260 quia·
1506 4173 1694 4243 tunc
1763 4188 1921 4239 non

352 4288 605 4362 fleret
657 4284 1218 4377 augmentatio
1272 4285 1721 4376 qualitatis,
1770 4285 1920 4356 sal-

354 4410 532 4478 tem
580 4403 664 4476 in
719 4402 1073 4477 termino
1151 4401 1524 4482 actionis,
1572 4402 1774 4492 quod
1827 4400 1921 4473 ad

352 4540 703 4593 sensum
753 4523 975 4612 patet
1024 4541 1202 4592 esse
1252 4519 1572 4591 falsum.
1640 4518 1719 4589 si
1782 4516 1922 4607 igi-

353 4641 502 4710 tur
558 4636 777 4727 ignis
831 4636 1331 4709 caliditatem
1382 4637 1619 4724 auget
1675 4655 1923 4726 usque

352 4758 451 4829 ad
489 4755 944 4831 terminum
983 4751 1610 4826 introductionis
1638 4750 1923 4823 formze

355 4874 618 4966 ignis,
665 4891 850 4943 oum
895 4875 1086 4944 tunc
1132 4869 1504 4942 caliditas
1549 4868 1654 4941 sit
1716 4889 1923 4939 sum-

356 5011 523 5071 ma,
568 4986 834 5080 qualis
869 4984 1267 5077 competit
1304 4984 1496 5074 igni,
1533 5004 1693 5055 non
1724 4983 1926 5055 vide-

347 5112 525 5187 tur,
595 5101 805 5196 quod
866 5107 1055 5176 tunc
1114 5101 1396 5174 debeat
1454 5100 1921 5192 eorruinpi3

355 5221 561 5314 quia.
609 5223 802 5292 tune
861 5221 1166 5291 natura
1218 5216 1505 5289 fuisset
1559 5219 1922 5307 operata,

346 5334 702 5411 etiamsi
750 5333 893 5406 illa
942 5334 1264 5406 intensa
1308 5333 1681 5406 caliditas
1727 5331 1929 5425 peri-

353 5460 488 5529 ret
565 5472 720 5546 per
783 5450 1263 5544 subjectum,
1340 5450 1654 5522 scilicet
1712 5447 1926 5521 aeris

348 5568 1024 5661 corruptionem.

3492 391 3601 453 611

2130 549 2359 629 Item,
2404 554 2753 630 constat,
2794 552 2997 642 quod
3039 551 3224 622 dum
3265 552 3354 622 de
3397 565 3587 622 aere

2039 668 2124 738 lit
2171 665 2405 756 ignis,
2468 672 2547 741 et
2602 673 2788 740 ante
2839 668 3056 739 aeris
3119 669 3584 761 corruptio·-

2033 800 2215 853 nem
2284 783 2655 856 caliditas
2731 784 3014 875 incipit
3096 785 3420 856 tendere
3489 786 3580 854 ad

2037 900 2377 986 aradum
2431 900 2639 990 ignis
2688 899 3115 980 intensum,
3175 904 3359 991 post
3423 915 3583 971 mo-

2036 1020 2208 1088 tum
2241 1017 2760 1090 alterationis
2805 1017 3103 1107 gradus
3149 1018 3281 1089 ille
3315 1016 3584 1089 calidi-

2035 1133 2257 1214 tatis,
2309 1134 2443 1224 qui
2485 1138 2607 1205 est
2651 1132 3052 1205 terminus
3096 1131 3333 1224 hujus
3391 1133 3583 1205 alte-

2037 1250 2414 1331 rationis,
2456 1271 2616 1322 non
2650 1252 2893 1322 datur
2936 1249 3092 1320 nisi
3138 1267 3279 1341 per
3331 1249 3584 1322 intro-

2031 1366 2490 1440 ductionem
2534 1367 2820 1438 sormae
2856 1367 3066 1454 ignis
3104 1363 3456 1459 perfecta
3477 1388 3575 1438 m.

2033 1485 2251 1566 Quod
2336 1490 2553 1576 patet
2628 1505 2768 1576 per
2828 1488 3577 1558 Commentatorem

2035 1601 2108 1670 in
2175 1600 2382 1671 libro
2441 1602 2531 1671 de
2575 1600 3045 1672 Substantia
3100 1599 3345 1680 orbis,
3400 1613 3573 1690 cap.

2032 1723 2093 1789 1.
2167 1717 2589 1797 dicentem,
2666 1719 2895 1809 quod,
2974 1719 3290 1796 Quoettbet
3355 1722 3577 1804 forma

2029 1837 2266 1902 habeat
2328 1839 2678 1923 propriam
2747 1839 3185 1924 quantitatem
3253 1837 3577 1901 termina-

2031 1965 2187 2031 tam,
2245 1955 2324 2024 et
2387 1951 2753 2042 loquitur
2819 1952 2908 2022 de
2960 1949 3251 2022 formis
3298 1969 3581 2040 corpo·

2035 2067 2379 2149 ralibus;
2445 2067 2811 2159 loquitur
2868 2066 3117 2139 etiam
3167 2068 3259 2137 de
3299 2064 3580 2138 termi-

2032 2185 2360 2259 natione
2400 2184 2884 2276 quantitatis
2936 2182 3574 2264 dimensionalis,

2032 2323 2271 2392 quain
2317 2302 2751 2374 secundum
2801 2301 3080 2373 varios
3129 2302 3427 2390 gradus
3465 2322 3581 2372 re·

2033 2418 2287 2510 quirit
2340 2419 2716 2510 quaelibet
2760 2417 2950 2492 talis
3004 2417 3308 2500 forma3
3361 2422 3441 2490 et
3490 2418 3581 2489 de

2033 2534 2492 2625 quantitate
2527 2537 2823 2626 gradus
2871 2533 3326 2605 formarum
3381 2533 3582 2606 acci-

2030 2652 2500 2732 dentalium,
2594 2652 2779 2743 quia
2857 2651 3102 2722 aliam
3182 2650 3582 2741 quantita·

2036 2774 2225 2851 tem,
2273 2789 2411 2840 seu
2457 2769 2797 2860 gradum
2844 2767 3267 2858 qualitatis
3312 2766 3584 2857 requi-

2039 2887 2148 2960 rit
2185 2885 2423 2976 ignis,
2471 2887 2717 2958 aliam
2752 2906 2916 2958 aer.
2968 2887 3065 2957 Et
3100 2883 3472 2976 sequitur
3507 2884 3583 2955 in

2035 3008 2704 3078 Commentatore
2738 3002 3131 3094 (loquitur
3166 3006 3582 3075 Commen-

2036 3126 2264 3193 tator
2313 3122 2403 3193 de
2455 3121 2632 3213 ipso
2688 3120 3162 3209 Aristotele)
3202 3121 3354 3186 Ideo
3392 3121 3585 3187 scivit

2033 3238 2481 3304 dimensiones
2532 3238 2920 3303 terminatas
2970 3237 3203 3300 ultimo
3250 3246 3399 3300 tectu
3450 3252 3585 3300 non

2031 3376 2242 3440 posse,
2299 3355 2434 3419 nisi
2478 3364 2827 3439 postquam
2865 3355 3087 3437 forma
3125 3351 3585 3417 substantialis

2034 3481 2129 3536 est
2159 3472 2232 3535 in
2262 3492 2358 3548 ee,
2403 3472 2570 3536 sicut
2600 3481 2692 3535 est
2722 3469 3072 3557 dispositio
3102 3468 3183 3534 de
3212 3469 3372 3534 aliis
3410 3469 3582 3533 acci·

2035 3587 2341 3652 dentibus
2382 3589 2453 3652 in
2493 3598 2666 3651 acttt.
2725 3586 2944 3673 Ergo
3000 3584 3067 3657 si
3123 3583 3400 3655 ordine
3441 3604 3581 3655 na-

2035 3702 2288 3774 turali
2346 3701 2573 3793 prius
2626 3705 2749 3774 est
2801 3701 3067 3772 forma
3130 3699 3338 3790 ignis
3403 3720 3581 3791 per-

2035 3818 2243 3890 fecte
2323 3817 2935 3897 introducenda,
3020 3835 3258 3906 quam
3341 3815 3579 3906 liujus

2036 3933 2459 4025 qualitatis
2502 3932 2963 4025 eompletiO,
3036 3933 3103 4005 si
3159 3937 3426 4005 motus
3474 3933 3582 4003 al-

2038 4051 2473 4125 terationis
2544 4052 2781 4122 finem
2855 4071 3090 4122 suuin
3168 4051 3582 4140 consequi-

2037 4173 2199 4250 tur,
2247 4166 2745 4241 caliditatem
2782 4167 2875 4239 ad
2920 4186 3326 4239 summum
3358 4167 3584 4238 dedu-

2037 4287 2305 4367 cendo,
2356 4285 2750 4376 sequitur,
2800 4285 3001 4375 quod
3050 4286 3189 4357 aut
3222 4282 3363 4355 illa
3397 4281 3583 4354 cali-

2035 4402 2246 4475 ditas
2307 4402 2422 4473 sic
2480 4403 3010 4490 augmentata
3076 4400 3369 4477 manet,
3443 4401 3584 4470 aut

2010 4510 2184 4613 'per
2253 4518 2937 4591 introductionem
3015 4516 3301 4587 formae
3374 4514 3584 4606 ignis

2034 4635 2626 4726 corrumpitur,
2666 4634 2869 4724 quod
2895 4635 3016 4703 est
3054 4631 3578 4723 impossibile.

2129 4754 2357 4831 Item,
2397 4748 2710 4841 quando
2746 4748 3020 4839 aliqua
3058 4748 3329 4838 passio
3373 4748 3583 4821 inest

2038 4867 2586 4941 communiter
2673 4865 3109 4955 aliquibus,
3186 4865 3396 4939 inest
3468 4866 3584 4937 eis

2040 5004 2184 5076 per
2225 4980 2522 5074 aliquid
2564 5000 3015 5059 commune,
3054 4984 3141 5052 ut
3173 4979 3473 5053 dicitur
3517 4984 3583 5052 2.

2040 5103 2501 5188 physicorum,
2542 5110 2699 5166 teoet.
2736 5121 2966 5163 eonem.
3003 5100 3068 5167 5.
3098 5100 3297 5169 Cum
3332 5095 3589 5186 igitur·

2040 5215 2454 5309 quantitas
2492 5214 2685 5288 insit
2726 5213 3273 5286 communiter
3307 5215 3385 5286 et
3419 5214 3587 5285 uni-

2039 5333 2424 5407 formiter
2482 5329 2994 5423 corporibus,
3058 5334 3137 5402 et
3199 5329 3410 5405 inest
3468 5330 3584 5403 eis

2043 5471 2188 5544 per
2257 5449 2581 5541 aliquod
2647 5467 3098 5529 commune,
3187 5446 3339 5519 hoc
3427 5468 3586 5521 non

2041 5569 2165 5637 est
2210 5563 2558 5653 materia
2599 5563 2830 5641 nuda,
2888 5567 2975 5632 ut
3023 5561 3216 5634 dicit
3262 5564 3585 5654 praedic-
