4252 6393
266 991 578 1042 Secumium
659 1031 672 1045 .

309 1971 575 2026 Tertium.

244 3270 349 3325 Quc
364 3278 531 3325 rcum.

212 4688 221 4694 ·
259 4673 543 4729 Quintum.

621 407 699 467 30

1795 413 1936 473 ΗΒ.
1992 414 2033 474 Ι.
2085 412 2624 476 METEORORUM

611 565 851 640 batur
910 569 1516 660 consequentia,
1576 571 1764 663 quia
1820 592 1978 645 non
2029 576 2157 646 est
2274 572 2438 646 lum
2481 552 2787 654 iocum,
2845 572 2978 645 ubi
3028 592 3188 644 non
3240 573 3510 663 potest
3562 566 3816 661 quies-

606 681 874 774 major
909 684 1122 758 ratio
1151 685 1243 758 dc
1278 706 1435 759 uno
1458 686 1883 769 elemento,
1914 709 2153 780 quam

602 799 694 872 de
735 800 924 874 alio.

697 918 1083 999 Secundo,
1123 918 1312 1011 quia
1349 919 1477 991 vel
1527 919 1737 1013 ignis
1776 924 2153 995 movetur

603 1033 1134 1107 circulariter
1198 1037 1722 1120 naturaliter,
1793 1038 1921 1112 vel
1988 1040 2150 1112 vio-

604 1150 905 1233 lentem
952 1171 1111 1224 non
1153 1154 1905 1247 naturaliter‚.quia
1940 1156 2150 1248 ignis

602 1286 761 1340 non
804 1266 1044 1343 habet
1085 1271 1509 1345 naturales
1541 1272 2144 1366 dispositioncs,

601 1404 648 1455 a
691 1382 976 1476 quibus
1017 1383 1111 1458 de
1149 1389 1451 1461 natura
1495 1388 1969 1481 proveniret
2011 1389 2147 1461 hu-

591 1500 951 1591 jusmodi
1005 1508 1311 1586 motus;
1376 1504 1449 1579 si
1501 1504 1931 1588 violenter,
1995 1505 2147 1579 hoc

599 1624 725 1693 est
781 1619 1106 1705 falsum,
1173 1623 1362 1716 quia
1414 1628 1607 1698 tunc
1660 1645 1819 1699 non
1871 1629 2147 1719 posset

605 1739 1106 1832 perpetuari,
1169 1744 1250 1814 et
1295 1744 1566 1815 tamen
1619 1742 1697 1816 in
1750 1747 2145 1837 perpetuo

601 1855 890 1929 coelum
935 1862 1309 1932 movetur
1340 1858 1891 1935 circulariter.

690 1971 995 2056 Tertio,
1053 1973 1120 2046 si
1182 1974 1325 2058 sic,
1392 1981 1876 2070 sequeretur
1936 1979 2146 2073 quod

597 2089 955 2182 ejusdem
991 2091 1376 2183 corporis
1428 2093 1829 2187 simplicis
1868 2099 2145 2169 essent

597 2204 873 2297 plures
926 2212 1200 2304 motus
1246 2207 1659 2302 simplices
1706 2214 2138 2286 secundum

594 2328 978 2399 naturam
1011 2349 1028 2395 ε
1064 2345 1564 2418 consequens
1597 2333 1890 2403 contra
1921 2330 2141 2404 Aris-

595 2441 929 2514 totelem
980 2445 1055 2511 in
1098 2447 1322 2533 primo
1383 2447 1572 2514 Coeli.
1638 2447 1846 2518 Nam
1901 2447 2139 2520 unius

595 2558 974 2650 corporis
1019 2558 1418 2651 simplicis
1461 2565 1585 2634 est
1619 2582 1825 2634 unus
1869 2564 2137 2635 solum

596 2679 868 2751 motus
912 2675 1286 2769 simplex,
1338 2680 1425 2751 ut
1468 2681 1692 2770 patet
1734 2683 1893 2750 ibid.
1947 2682 2136 2752 Pro·

589 2785 832 2865 batur
871 2795 1475 2884 consequentia,
1527 2816 1715 2869 nam
1768 2797 1977 2889 ignis
2019 2821 2135 2869 es-

594 2911 716 2981 set
758 2913 1028 2983 motus
1075 2909 1514 2985 circularis
1569 2914 1646 2986 in
1692 2935 1839 2987 sua
1882 2914 2132 3008 sphze·

596 3046 712 3107 ra,
747 3029 829 3099 et
860 3026 1109 3101 etiam
1154 3033 1426 3104 motus
1470 3051 1823 3115 sursum,
1872 3036 1961 3106 ut
2006 3054 2134 3125 pa·

594 3146 710 3218 tet
739 3147 961 3233 primo
993 3148 1180 3215 Coeli.

682 3268 1016 3346 Quarto,
1081 3265 1149 3337 si
1194 3271 1663 3342 moveretur
1709 3268 2132 3343 circulari-

590 3386 743 3465 ter,
797 3385 1015 3458 esset
1059 3405 1204 3477 pro
1248 3390 1505 3470 tant0,
1543 3386 1735 3478 quia
1769 3387 2130 3462 trahere-

589 3505 728 3575 tur
783 3518 831 3572 a
887 3500 1089 3575 coelo
1153 3527 1167 3571 ε
1232 3522 1733 3596 consequens
1793 3504 2124 3586 falsum;

589 3616 845 3709 igitur
875 3620 955 3689 et
988 3618 1490 3690 antecedens.
1537 3620 2133 3712 Consequentia

586 3738 830 3815 tenet,
879 3733 1069 3825 quia
1101 3734 1418 3806 aliunde
1451 3755 1610 3806 non
1646 3740 1913 3827 potest
1952 3758 2131 3809 esse

581 3872 828 3924 causa
870 3851 1109 3925 istius
1141 3851 1735 3924 circulationis.
1775 3853 2129 3926 Falsitas

581 3967 1153 4059 consequentis
1217 3971 1465 4061 patet,
1522 3967 1710 4058 quia
1762 3967 2123 4050 trahens,

577 4088 658 4158 et
692 4088 1051 4159 tractum
1098 4084 1379 4159 debent
1426 4085 1521 4156 ad
1572 4085 1913 4158 invicem
1949 4086 2128 4159 reli-

582 4202 787 4292 gari,
836 4206 923 4275 ut
966 4205 1188 4295 patet
1238 4205 1303 4275 7.
1368 4206 1831 4292 physicorum,
1884 4208 1964 4277 et
2016 4208 2128 4277 ta-

581 4339 761 4391 men
802 4339 967 4391 non
1022 4323 1366 4412 apparet
1414 4320 1685 4413 aliqua
1737 4320 2125 4414 colligan-

578 4437 720 4519 tia,
774 4436 936 4509 imo
986 4458 1132 4510 nec
1186 4442 1455 4529 potest
1501 4459 1680 4510 esse
1724 4438 1938 4512 inter
1976 4462 2123 4511 cne-

576 4555 746 4627 lum
777 4560 858 4630 et
893 4555 1196 4647 ignem3
1242 4571 1468 4644 ergo,
1504 4558 1655 4628 etc.

666 4672 989 4755 Quinto,
1036 4672 1225 4765 quia
1268 4690 1502 4743 omne
1544 4691 1844 4765 corpus
1898 4677 2121 4746 natu-

580 4789 774 4870 rale,
813 4809 997 4862 cum
1040 4786 1506 4883 pervenerit
1548 4787 1639 4860 ad
1682 4789 1978 4871 locum,
2028 4791 2120 4862 ad

576 4927 814 4997 quem
855 4906 1352 4980 naturaliter
1395 4906 1670 4987 tendit,
1727 4907 2118 4980 naturali-

572 5026 701 5096 ter
746 5022 1090 5114 quiescit
1124 5050 1140 5094 ι
1172 5024 1406 5096 modo
1452 5021 1662 5114 ignis
1714 5026 1840 5095 est
1883 5023 2117 5113 quod-

568 5144 752 5215 dam
802 5163 1099 5235 corpus
1156 5140 1559 5224 naturale,
1623 5139 2121 5215 naturaliter

572 5259 1048 5334 inclinatum
1082 5258 1176 5331 ad
1206 5259 1476 5332 locum
1501 5277 1827 5330 sursum
1867 5282 1881 5338 ;
1918 5278 2116 5348 ergo

568 5399 751 5454 cum
811 5377 905 5450 ad
977 5377 1206 5450 illum
1266 5376 1759 5469 pervenerit,
1816 5374 2117 5448 dicitur

570 5494 679 5570 ibi
753 5495 1253 5571 naturaliter
1324 5494 1768 5586 quiescere.
1846 5492 2117 5584 Major

573 5618 814 5708 patet,
873 5612 1059 5704 quia
1112 5611 1419 5683 frustra
1476 5612 1851 5682 movetur
1892 5607 1982 5677 ad
2030 5607 2113 5678 il·

2271 710 2480 764 cere.
2561 693 2661 763 Et
2724 689 2993 762 minor
3060 691 3432 780 apparet,
3516 683 3809 778 primo,

2271 807 2478 898 quod
2518 806 2626 880 sit
2665 826 2966 899 corpus
3006 803 3407 884 naturale,
3453 801 3643 895 quia
3684 801 3813 872 ha-

2267 923 2399 996 bet
2478 922 2558 994 in
2618 942 2702 995 se
2778 920 3273 1016 principium
3355 924 3651 1001 motus,
3732 922 3812 991 et

2269 1042 2592 1135 quietis.
2640 1044 2742 1118 Et
2784 1043 2992 1135 quod
3033 1040 3475 1115 inclinetur
3507 1039 3808 1111 adsur-

2269 1178 2448 1231 sum
2494 1163 2741 1252 patet,
2777 1177 2965 1235 nam
3005 1158 3159 1232 hoc
3199 1161 3324 1233 est
3364 1157 3458 1230 de
3493 1155 3809 1228 ratione

2265 1275 2655 1360 levitatis,
2747 1295 2990 1369 quam
3082 1273 3236 1350 sibi
3318 1269 3810 1347 determinat

2267 1392 2504 1485 ignis,

2351 1509 2835 1604 Oppositum
2869 1510 3253 1603 arguitur
3303 1528 3448 1601 per
3492 1508 3803 1581 Aristo-

2264 1626 2505 1699 telem
2549 1626 2630 1700 in
2671 1626 2834 1702 isto
2876 1627 3172 1720 primo.

2271 1790 2274 1793 -
2353 1744 2443 1817 In
2499 1743 2660 1819 ista
2708 1744 3155 1839 quaestione
3202 1742 3468 1836 primo
3513 1739 3803 1814 videbi-

2262 1866 2400 1935 tur
2438 1861 2532 1934 de
2576 1861 3038 1955 supposito;
3082 1860 3359 1932 deinde
3397 1860 3489 1932 de
3523 1858 3806 1951 quaesi-

2261 1984 2369 2053 to.
2426 1978 2645 2052 Unde
2696 1980 2901 2071 quod
2943 1977 3329 2071 supponit
3388 1980 3536 2058 est,
3602 1976 3807 2068 quod

2263 2093 2474 2184 ignis
2526 2098 2652 2168 est
2703 2094 2783 2166 in
2824 2114 3185 2167 concavo
3249 2092 3470 2165 orbis
3533 2094 3801 2172 Lunar,

2259 2217 2338 2284 et
2373 2210 2523 2285 hoc
2569 2210 3020 2304 supposito,
3069 2214 3346 2283 utrum
3398 2209 3503 2282 ibi
3546 2230 3808 2282 movo-

2261 2336 2397 2405 tur
2438 2329 3023 2403 circulariter?

3908 1551 4011 1614 01²1
4019 1552 4110 1597 'ost'
4113 1558 4128 1597 Ι
4140 1590 4152 1602 .

3989 1727 4037 1779 2.

2791 2658 3215 2715 ARTlCULUS
3273 2660 3312 2714 1.

2386 2837 2567 2925 lqnis
2615 2849 2707 2902 est
2757 2837 2830 2904 in
2869 2858 3155 2906 concavo
3209 2835 3385 2901 orbis
3435 2834 3663 2900 Lumr.

2340 3040 2748 3120 Quantum
2811 3034 2909 3107 ad
2967 3033 3322 3126 primum
3381 3030 3788 3104 sciendum
3873 3080 4041 3143 Imm
4094 3081 4154 3129 f„

2248 3157 2398 3236 est,
2461 3153 2667 3246 quod
2715 3171 2878 3225 non
2924 3150 3301 3225 debemus
3352 3143 4161 3269 iinaginarijlffifghfm

2250 3272 2516 3363 ignem
2567 3269 2648 3342 in
2710 3290 2859 3342 sua
2916 3268 3240 3362 sphaera
3291 3267 3388 3342 ad
3439 3266 3785 3342 modum.

2250 3407 2406 3480 quo
2439 3390 2565 3460 est
2601 3385 2814 3477 ignis
2848 3383 2980 3458 hic
3025 3383 3393 3467 inferiuS,
3439 3383 3789 3461 flamma,

2247 3503 2375 3575 vel
2424 3504 2698 3584 carbo,
2746 3502 2879 3574 sed
2927 3500 3303 3575 debemus
3356 3498 3794 3592 imaginari

2250 3620 2461 3694 sicut
2530 3619 2609 3692 in
2691 3617 3073 3699 fornace,
3167 3615 3301 3690 ubi
3370 3614 3795 3708 liquefiunt

2247 3736 2490 3810 vitra.
2542 3737 2750 3809 Nam
2809 3735 2944 3807 ubi
2991 3735 3299 3809 vitrum
3348 3734 3425 3805 in
3471 3734 3798 3805 flamma

2252 3854 2608 3947 ponitur,
2653 3852 2781 3925 vel
2828 3851 3319 3924 carbonibus
3365 3849 3584 3923 illius
3638 3847 3796 3919 sor·

2245 3969 2500 4051 nacis‚
2551 3968 2795 4058 longo
2839 3971 3210 4059 tempore
3251 3967 3492 4039 durat
3537 3964 3795 4056 prius-

2247 4107 2488 4179 quam
2525 4084 2920 4178 liqueflat;
2960 4083 3094 4156 sed
3126 4082 3196 4155 si
3230 4085 3584 4175 ponatur
3617 4100 3794 4172 pro-

2246 4225 2341 4296 pe
2393 4203 2472 4276 in
2529 4202 2713 4284 isto,
2778 4200 2912 4274 ubi
2970 4203 3312 4294 apparet
3365 4198 3668 4279 clarus,
3714 4201 3792 4269 ct

2240 4320 2690 4414 diaphanus
2743 4340 2909 4401 aer,
2965 4322 3157 4392 tunc
3212 4316 3495 4392 statim
3548 4315 3789 4406 lique-

2242 4440 2354 4513 fit.
2413 4440 2648 4512 Modo
2700 4441 3019 4511 certum
3078 4437 3205 4510 cst
3256 4435 3461 4528 quod
3505 4432 3788 4507 ibidem

2241 4575 2400 4629 non
2462 4559 2588 4628 est
2647 4573 2815 4637 aer,
2864 4552 3053 4645 quia
3112 4571 3258 4624 aer
3305 4570 3467 4623 non
3519 4553 3788 4643 potest

2243 4672 2412 4766 pati
2500 4673 2815 4745 tantam
2895 4668 3446 4749 caliditatem;
3532 4665 3788 4759 igitur

2239 4790 2648 4864 veraciter
2688 4793 2813 4863 est
2859 4788 3070 4880 ignis
3112 4786 3330 4869 talis,
3368 4786 3632 4879 qualis
3663 4789 3787 4858 est

2240 4909 2318 4982 in
2351 4928 2711 4981 concavo
2750 4905 2970 4978 orbis
3017 4905 3284 4976 Lunae.

2325 5023 2683 5100 Secundo
2718 5021 3131 5096 sciendum
3154 5024 3303 5100 est,
3333 5019 3540 5111 quod
3565 5018 3773 5110 ignis
3932 5046 3986 5096 3.

2234 5148 2359 5217 cst
2417 5161 2714 5235 corpus
2776 5139 3120 5231 simplex
3173 5136 3591 5230 quoddam,
3644 5134 3777 5207 ha·
3806 5109 4151 5236 ’ῗὲἧὲιᾜῗ

2233 5259 2426 5331 bens
2493 5257 2689 5328 duas
2765 5254 3207 5347 qualitates
3278 5252 3616 5346 primaS,
3695 5255 3776 5323 et

2231 5396 2392 5448 non
2438 5374 2737 5466 plures,
2775 5372 3092 5446 scilicet
3132 5371 3635 5445 caliditatem
3697 5372 3776 5440 ot

2232 5491 2717 5570 siccitatem,
2755 5509 2912 5560 non
2957 5488 3361 5565 admixtas
3392 5507 3575 5561 cum
3610 5486 3779 5558 suis

2231 5606 2703 5685 contrariis,
2746 5606 2926 5696 quia
2980 5605 3194 5679 inter
3240 5604 3512 5677 omnia
3548 5622 3775 5694 gonc-
