4252 6393
127 871 380 922 filaret-ia

111 943 194 983 ese
216 935 380 997 prior·

149 998 362 1058 forma.

1861 471 2117 538 CAPUT
2163 475 2232 535 11.
3522 473 3638 534 743

442 628 540 700 da
575 633 763 702 sunt
800 629 1034 720 signa
1069 634 1386 703 natura}
1432 659 1444 701 :
1487 652 1674 703 nam
1726 631 1801 703 in
1843 633 1997 724 pri·

451 767 578 819 mo
646 747 880 837 signo
940 753 1257 822 natura}
1331 751 1996 844 praesu1›ponit111²

454 865 804 937 materia
848 870 932 937 ut
975 871 1401 939 causatum
1467 866 1692 958 prius
1756 885 1994 957 quani

451 980 744 1061 forma,
767 984 848 1052 et
868 979 1018 1054 hoc
1046 989 1414 1074 respectu
1443 983 1798 1074 ejusdem
1819 1001 1995 1053 cau-

450 1118 557 1169 sae
598 1102 936 1170 remotae
975 1126 987 1168 :
1037 1103 1114 1171 et
1145 1100 1294 1173 hoc
1323 1101 1509 1174 licet
1543 1121 1701 1173 non
1730 1120 1996 1172 neccs-

445 1215 667 1288 sario
720 1214 1114 1298 absolute,
1158 1237 1301 1289 noc
1361 1216 1848 1309 necessario,
1881 1217 1997 1288 in-

446 1338 838 1427 quantum
857 1334 1128 1407 forma
1145 1340 1539 1408 causatur
1561 1336 1996 1408 secundum

446 1449 691 1522 istum
748 1449 1111 1522 ordinem
1163 1453 1569 1534 causandi,
1637 1453 1823 1545 quia
1885 1451 1992 1521 ni-

447 1567 746 1639 mirum
790 1586 1137 1639 causans
1183 1569 1616 1641 secundum
1649 1568 1852 1640 nihil
1883 1568 1994 1639 fa·

443 1683 578 1764 cit,
616 1682 775 1755 nisi
806 1685 1175 1759 destruat
1213 1685 1537 1777 aliquid.
1579 1684 1991 1759 Concludi-

446 1806 579 1873 tur
613 1800 913 1892 aliquid
943 1822 1121 1874 esso
1165 1802 1243 1873 in
1273 1802 1691 1876 destructo
1726 1822 1992 1875 neccs-

447 1918 669 1992 sario
704 1918 800 1990 ad
832 1938 1066 1991 suum
1099 1920 1579 2013 subjectum,
1616 1925 1695 1993 et
1731 1939 1990 1992 mane-

450 2057 533 2107 re
569 2038 647 2108 in
681 2035 1096 2111 destructo
1123 2093 1140 2119 ,
1185 2035 1356 2111 haec
1387 2042 1512 2112 est
1542 2038 1989 2111 necessitas

451 2153 838 2225 materiae.
887 2155 1311 2229 Ponuntur
1356 2154 1609 2245 igitur
1640 2158 1992 2246 quatuor

448 2272 681 2360 signa
712 2274 1030 2342 naturae
1068 2295 1081 2338 ε
1123 2272 1212 2342 In
1260 2271 1523 2363 primo
1578 2290 1825 2360 agens
1878 2294 1991 2342 se-

445 2388 811 2468 cundum,
840 2389 919 2460 et
946 2388 1294 2460 materia
1326 2392 1755 2460 causatum
1785 2388 1992 2479 prio-

449 2503 561 2576 ris
604 2525 898 2588 causae‚
945 2509 1031 2578 ut
1083 2507 1463 2588 cessatio,
1529 2527 1993 2599 praesuppo-

450 2621 698 2694 situm
744 2622 1055 2695 causali
1091 2642 1137 2693 a
1173 2624 1516 2696 secundo
1563 2625 1877 2714 agente,
1915 2626 1993 2694 et

452 2738 525 2808 in
562 2739 905 2810 secundo
942 2740 1281 2814 instanti
1315 2742 1657 2822 naturae,
1686 2743 1774 2812 ut
1810 2740 1886 2812 in
1911 2745 1989 2821 A,

452 2855 750 2948 aliquid
790 2860 914 2929 est
983 2857 1080 2928 ab
1146 2862 1437 2947 agente
1481 2884 1496 2927 ε
1546 2857 1744 2929 unde
1808 2857 1889 2930 in
1941 2861 1993 2924 A

457 2972 935 3065 producitur
967 2972 1261 3056 forma,
1300 2974 1379 3046 in
1421 2979 1480 3044 Β
1518 2974 1803 3048 unitur
1837 2993 1996 3046 ma-

457 3089 709 3173 teriae,
757 3089 837 3161 in
874 3094 927 3158 C
961 3090 1299 3166 instanti
1332 3094 1455 3164 est
1488 3095 1755 3164 totum
1815 3112 1996 3184 pro-

454 3208 779 3281 ductum
813 3230 912 3280 ex
966 3208 1171 3290 istis,
1207 3213 1288 3284 et
1339 3213 1529 3283 tuuc
1589 3210 1767 3282 istae
1813 3210 1996 3280 sunt

459 3328 731 3415 partes
764 3324 965 3417 ejus.
1012 3326 1235 3409 Quod
1295 3328 1350 3392 Β
1413 3326 1795 3417 procedat
1837 3343 1886 3394 a
1947 3328 2001 3392 C

453 3442 978 3524 naturaliter,
1044 3440 1233 3533 quia
1289 3461 1469 3512 esse
1539 3440 1998 3533 praecedens

453 3566 875 3637 causatum
917 3577 1078 3630 non
1114 3558 1428 3631 tantum
1485 3555 1561 3627 in
1601 3561 1676 3637 C,
1725 3555 1857 3629 sed
1920 3555 1998 3629 in

455 3679 888 3758 causando,
914 3679 1052 3747 aut
1087 3674 1377 3747 saltem
1400 3676 1488 3747 ut
1522 3673 1774 3756 unita,
1813 3671 2002 3765 quia

458 3799 570 3871 sic
633 3797 976 3887 integrae
1019 3797 1205 3865 sunt
1247 3810 1512 3863 causae
1557 3791 1634 3864 in
1696 3791 1854 3863 isto
1915 3793 1995 3871 Β,

458 3920 578 3989 est
622 3911 968 3987 mutatio
1041 3908 1410 3983 materiae
1456 3908 1549 3980 ad
1618 3906 1995 3978 formam.

465 4033 708 4107 Istius
779 4028 1177 4104 terminus
1237 4031 1362 4099 est
1430 4024 1730 4106 forma,
1813 4027 2001 4096 tunc

456 4170 611 4222 non
672 4151 795 4219 est
864 4142 1290 4238 productio
1361 4139 1823 4232 compositi,
1869 4139 2001 4211 sed

455 4266 533 4338 in
568 4268 620 4333 C
666 4258 1219 4357 productionis
1256 4256 1567 4351 primus
1601 4256 2001 4331 terminus

453 4387 577 4456 ost
608 4376 1154 4471 compositum
1192 4400 1206 4443 :
1247 4374 1380 4445 sed
1415 4371 1760 4446 mutatio
1805 4392 2002 4464 prze-

455 4497 661 4571 cedit
712 4514 892 4567 eam
958 4494 1038 4566 in
1087 4494 1167 4575 Β,
1223 4510 1382 4563 non
1433 4488 2004 4580 intelliguntur

461 4620 762 4710 parteS‚
829 4611 1017 4704 quia
1059 4613 1248 4684 tunc
1314 4627 1472 4681 non
1532 4611 1658 4681 cst
1708 4609 1998 4687 totum,

462 4732 592 4804 sed
631 4748 927 4809 causae,
969 4726 1140 4798 ideo
1171 4721 1616 4796 causalitas
1653 4722 2001 4795 istorum

467 4847 694 4939 prior
723 4847 847 4917 est
910 4840 1476 4936 participante.
1543 4839 1763 4921 Quod
1804 4843 1859 4906 Β
1890 4859 2004 4911 se·

465 4967 765 5056 quatur
794 4971 846 5029 A
886 4963 1133 5053 patet,
1182 4958 1372 5049 quia
1404 4958 1647 5029 aliter
1690 4956 2004 5049 primus

461 5082 794 5155 effectus
879 5076 1307 5150 efficientis
1402 5078 1617 5147 esset
1708 5073 2003 5146 relatio

460 5199 805 5275 tantum,
853 5193 1042 5285 quia
1104 5191 1368 5271 modo,
1418 5211 1590 5280 quae
1635 5192 1758 5261 est
1816 5190 1893 5261 in
1952 5193 2009 5257 Β

462 5316 581 5385 est
628 5310 949 5391 relatio,
995 5329 1139 5380 nec
1183 5312 1307 5380 est
1350 5304 1650 5397 aliquid
1693 5305 2008 5377 absolu-

467 5436 634 5503 tum
707 5432 890 5499 ante
937 5430 1012 5509 C,
1076 5424 1234 5497 nisi
1285 5425 1550 5496 forma
1615 5444 1785 5514 quae
1848 5444 2009 5495 non

470 5545 818 5640 praefuit.
867 5542 1264 5618 Similiter
1315 5541 1503 5613 unio
1555 5560 2009 5632 praesuppo-

2112 634 2385 706 sorma
2433 636 2912 727 producitur
2967 636 3375 728 posterius
3421 654 3660 725 quam

2109 753 2681 845 compositum,
2722 754 2909 846 quia
2942 754 3416 847 producitur
3450 757 3666 825 antc-

2113 890 2353 960 quam
2400 871 2757 943 uniatur.
2804 872 3105 945 Unitur
3139 876 3410 943 autem
3447 875 3662 943 ante·

2114 1007 2354 1078 quam
2389 988 2930 1081 compositum
2974 992 3383 1070 causetur,
3429 988 3660 1078 quus

2111 1104 2483 1177 causatio
2507 1105 2832 1197 passiva
2858 1107 3231 1196 sequitur
3261 1103 3660 1176 causatio-

2110 1240 2293 1292 nem
2355 1221 2710 1295 activam
2765 1222 3126 1294 omnium
3193 1240 3656 1294 causarum.

2117 1337 2618 1426 Intelligitnr
2661 1337 2916 1428 igitur
2979 1342 3161 1430 post
3232 1337 3659 1409 secundam

2111 1452 2648 1526 intentionem
2691 1453 3235 1546 compositum
3294 1452 3655 1544 produci,

2107 1570 2234 1641 vel
2268 1569 2532 1662 primo
2567 1590 2713 1663 per
2755 1592 2839 1642 se
2870 1590 3072 1652 esse,
3112 1569 3317 1661 quod
3360 1589 3505 1661 per
3536 1588 3660 1641 ae·

2107 1685 2375 1758 cidens
2408 1689 2529 1757 est
2564 1689 2882 1760 tantum
2920 1707 3064 1778 per
3099 1706 3206 1758 se.

2197 1805 2344 1879 Sed
2413 1805 2797 1897 praedicta
2837 1825 2998 1876 non
3053 1804 3429 1876 videntur
3486 1813 3875 1924 om-Ob‚352

2103 1920 2296 1992 nino
2373 1921 2807 1994 veritatem
2889 1919 3217 2000 habore,
3305 1917 3493 2010 quia
3574 1888 4001 2014 εἰοοέἱὰζὲἕῖιίἶῗ

2105 2037 2543 2110 efficientia
2610 2040 2994 2111 causetur
3062 2056 3108 2107 a
3174 2036 3363 2116 fine;
3454 2053 3652 2126 ergo
3705 2004 3984 2130 afflig-zm

2105 2152 2460 2226 efficiens
2533 2152 2919 2225 similiter
2986 2155 3062 2224 et
3126 2152 3655 2224 materiatum

2106 2274 2255 2350 est,
2296 2271 2502 2361 quod
2534 2291 2693 2342 non
2725 2271 3112 2351 efficitur;
3152 2289 3347 2359 ergo
3374 2269 3656 2361 quinta

2107 2388 2524 2461 conclusio
2573 2390 2896 2461 secundi
2939 2391 3062 2460 est
3107 2387 3337 2460 falsa.

2205 2505 2433 2586 Item,
2488 2505 2847 2577 efficiens
2900 2524 3180 2576 amare
3212 2505 3450 2575 finem
3492 2522 3652 2573 non
3708 2512 3981 2563 Secunda-

2107 2623 2234 2692 est
2277 2621 2515 2694 finem
2558 2621 2791 2694 finire
2833 2620 3158 2713 aliquid,
3207 2623 3397 2692 tunc
3442 2618 3655 2691 enim

2109 2739 2327 2811 Deus
2405 2738 2870 2811 necessario
2940 2736 3212 2809 finiret
3291 2734 3593 2826 aliquid
3638 2761 3650 2802 :

2113 2855 2314 2927 unde
2349 2855 2415 2926 si
2453 2874 2608 2948 qua
2636 2858 2758 2928 cst
2795 2854 2924 2927 hic
2969 2852 3290 2935 relati0‚
3337 2870 3493 2922 non
3537 2852 3662 2922 est

2110 2991 2378 3046 causac
2413 2974 2509 3045 ad
2559 2974 3011 3051 causatum,
3069 2970 3202 3042 scd
3242 2967 3535 3060 objecti
3570 2967 3663 3037 ad

2113 3093 2388 3164 actum
2417 3091 2544 3162 vel
2588 3089 3063 3183 potentiam.
3100 3088 3265 3158 Nec
3305 3083 3663 3156 efficiens

2114 3230 2396 3283 amare
2456 3215 2509 3279 A
2577 3211 2918 3301 propter
2974 3211 3055 3286 B,
3119 3205 3215 3276 ad
3274 3203 3509 3274 finire
3579 3206 3656 3281 A,

2113 3336 2305 3405 tunc
2337 3328 2550 3400 enim
2584 3325 2853 3397 finiret
2885 3344 3046 3396 non
3079 3320 3479 3400 existens;
3530 3319 3661 3390 sed

2113 3452 2172 3516 Β
2212 3449 2574 3518 amatum
2634 3462 2814 3513 esse
2874 3442 3217 3534 propter
3279 3438 3485 3530 quod
3532 3454 3661 3526 po-

2113 3561 2341 3633 nitur
2382 3558 2463 3632 in
2538 3581 2694 3637 esse,
2735 3558 2857 3628 est
2891 3560 2969 3637 Β,
3016 3553 3253 3626 finire
3283 3557 3376 3633 A‚·
3421 3549 3662 3623 simul

2117 3677 2376 3769 igitur
2422 3676 2606 3746 sunt
2657 3671 3188 3746 causalitates
3230 3669 3411 3741 finis
3444 3672 3526 3740 et
3557 3665 3665 3735 cs-

2116 3791 2463 3866 ficientis
2543 3818 2557 3859 :
2641 3786 3180 3862 contradictio
3265 3783 3480 3855 enim
3538 3786 3663 3855 est

2116 3911 2319 4003 quod
2400 3909 2667 3982 altera
2734 3905 2839 3977 sit
2910 3904 3081 3977 sine
3153 3902 3441 3982 altera,
3532 3898 3660 3969 vel

2111 4026 2413 4119 aliquid
2479 4023 3163 4118 praesupponatur
3226 4014 3684 4090 causationi

2116 4141 2412 4223 utrius,
2454 4138 2771 4212 scilicet
2800 4136 3007 4208 velle
3040 4138 3117 4216 B,
3153 4136 3232 4204 et
3264 4150 3424 4203 non
3456 4130 3664 4201 vello

2113 4263 2167 4327 A
2214 4260 2556 4350 propter
2607 4259 2683 4336 Β,
2756 4255 2884 4324 est
2946 4247 3176 4342 quasi
3241 4247 3429 4319 unio
3474 4244 3659 4316 ista-

2119 4394 2304 4445 rum
2348 4388 2811 4445 causarum.

2204 4487 2570 4564 Ulterius
2613 4485 2968 4558 formam
3011 4480 3459 4553 informare
3504 4496 3663 4548 ma-
3808 4489 3894 4539 36.

2116 4605 2440 4684 teriam,
2504 4605 2582 4675 et
2654 4600 3006 4673 sormam
3067 4601 3147 4669 ct
3231 4593 3662 4667 materiam
3756 4551 3959 4601 T“²‘“¹‘

2114 4744 2293 4795 esse
2361 4723 2547 4792 actu
2631 4718 3090 4795 causantes,
3169 4715 3307 4786 aut
3374 4711 3662 4782 saltem

2114 4860 2291 4912 esse
2326 4834 2564 4907 simul
2611 4832 2903 4913 unitas,
2944 4832 3059 4904 ita
3093 4830 3298 4921 quod
3331 4831 3454 4900 est
3491 4847 3669 4900 con-

2111 4953 2495 5028 tradictio
2533 4952 2610 5022 in
2655 4948 3197 5041 separatione,
3241 4946 3430 5019 licet
3464 4945 3676 5017 diss'c-

2120 5076 2306 5145 rant
2333 5068 2727 5141 relatione
2753 5066 2876 5137 sui
2903 5064 3242 5136 invicem
3272 5063 3470 5135 etad
3497 5083 3675 5134 can-

2120 5177 3168 5273 satu1n.Siigiturefficiens
3193 5174 3441 5252 efficit
3468 5178 3671 5252 istas

2118 5309 2197 5379 et
2238 5304 2485 5376 etiam
2533 5304 2828 5381 totum,
2888 5298 3073 5369 sunt
3118 5301 3287 5369 tres
3336 5295 3665 5367 relatio-

2119 5442 2262 5493 nes
2330 5418 2788 5495 effcctuum,
2838 5412 3024 5505 quia
3063 5412 3255 5483 unio
3320 5413 3668 5484 istorum

2122 5538 2505 5618 efficitur,
2568 5537 2645 5606 et
2709 5530 3077 5605 causatio
3149 5529 3670 5603 accidentalis

467 5663 584 5737 nit
627 5660 983 5737 unibilia.
1023 5661 1352 5734 Falsum
1386 5662 1508 5734 est
1543 5677 1766 5750 ergO,
1806 5656 2012 5749 quod
2125 5657 2501 5736 istorum,
2533 5672 2705 5745 quae
2738 5652 2861 5722 est
2906 5647 3145 5721 simul
3176 5650 3670 5721 naturacum
