4252 6393
346 1207 498 1258 Unitc.
512 1213 588 1262 tes

309 1271 597 1333 dupliciter·

307 1346 606 1388 enutrieran-

398 1403 506 1445 tur.

663 383 788 451 590

651 545 1118 621 formaliter
1160 543 1408 616 fuerit
1447 542 1771 615 diversa
1831 541 1928 612 ab
2002 541 2190 623 alia,

642 669 811 737 non
878 666 1001 735 cst
1089 681 1247 732 una
1313 686 1325 728 :
1389 659 1714 731 diversa
1800 658 2015 730 enim
2100 657 2195 728 ad

653 803 738 855 se
819 779 1161 853 invicem
1228 781 1803 858 numerantur,
1875 773 2195 846 numeri

652 900 925 970 autem
950 899 1492 967 numerantse
1526 892 1618 964 ad
1647 892 2018 973 invicem,
2051 896 2193 964 aut

654 1035 798 1107 per
839 1034 1292 1092 numerum,
1332 1016 1471 1084 aut
1509 1030 1651 1102 per
1703 1011 2126 1083 unitatem.

741 1137 886 1206 Est
955 1130 1556 1211 advertendum,
1631 1128 1834 1219 quod
1898 1126 2194 1200 unitati

649 1248 1026 1323 convenit
1093 1268 1504 1328 numeros,
1579 1246 1748 1317 sive
1810 1244 2191 1324 unitates,

653 1385 1128 1438 mensurare
1169 1363 1471 1436 duobus
1511 1362 1788 1434 modis.
1824 1362 1998 1432 Uno
2036 1381 2195 1433 mo·

648 1482 768 1564 do,
817 1479 1250 1553 secundum
1293 1479 1497 1571 quod
1564 1478 1769 1550 tales
1836 1478 2195 1550 unitates

647 1602 858 1670 natae
902 1602 1089 1671 sunt
1136 1596 1353 1668 uniri
1417 1595 1492 1666 in
1555 1616 1712 1667 uno
1773 1596 2190 1675 continuo,

647 1716 732 1785 ut
803 1719 1079 1806 partes
1160 1713 1628 1804 integrales,
1694 1713 1915 1785 velut
1983 1718 2194 1786 natae

647 1833 832 1904 sunt
902 1830 1121 1902 uniri
1181 1831 1260 1902 in
1305 1850 1461 1901 uno
1532 1830 1966 1901 secundum
2034 1829 2194 1902 sor-

648 1966 862 2018 mam
907 1946 1392 2040 specificam,
1431 1951 1516 2018 ut
1553 1949 1830 2039 partes
1892 1944 2195 2036 subjec-

643 2061 858 2134 tivae.
907 2062 1183 2134 Primo
1220 2063 1452 2133 modo
1501 2061 1795 2134 liabent
1837 2061 2193 2134 unitates

648 2179 922 2272 plures
959 2179 1421 2251 mensurari
1467 2198 1624 2248 una
1685 2177 1997 2250 unitate
2067 2179 2193 2250 sui

645 2297 967 2388 generis
1001 2296 1459 2389 dupliciter.
1497 2297 1674 2367 L’no
1722 2296 1978 2382 modo,
2019 2296 2195 2390 ipsa

646 2415 943 2499 unitaS,
983 2435 1154 2506 quae
1196 2418 1319 2487 est
1381 2413 1460 2484 in
1529 2415 1707 2486 toto
1777 2412 2189 2495 continuo,

647 2553 1033 2604 mensura.
1119 2534 1242 2604 est
1313 2529 1672 2601 omnium
1752 2529 2188 2613 unitatum,

646 2670 820 2741 quae
871 2649 967 2720 ab
1014 2650 1188 2741 ipso
1230 2648 1614 2720 continuo
1668 2648 1853 2718 sunt
1915 2647 2192 2720 divisae

642 2771 722 2840 et
780 2765 1093 2847 ‹lecisae‚
1167 2765 1645 2856 inquantum
1713 2763 1874 2837 tale
1945 2785 2192 2837 unum

643 2882 1120 2957 continuum
1155 2881 1543 2962 continet,
1580 2881 1705 2952 vel
1741 2886 2026 2955 natum
2068 2884 2191 2953 est

645 2996 1063 3069 continere
1125 3001 1246 3071 tot
1309 3000 1610 3089 partes,
1676 2998 1867 3087 quot
1914 3000 2190 3089 partes

644 3112 1195 3193 continentur,
1249 3112 1375 3183 vel
1417 3117 1628 3184 natxe
1690 3114 1873 3184 sunt
1940 3111 2193 3184 conti·

643 3229 819 3302 neri
856 3230 932 3302 in
977 3230 1124 3303 tali
1162 3250 1316 3301 uno
1350 3228 1765 3303 continuo.
1805 3228 1985 3301 Alio
2030 3250 2190 3300 mo-

641 3349 737 3421 do
819 3368 1097 3421 omnes
1167 3347 1372 3422 tales
1470 3347 1826 3419 unitates
1895 3345 2191 3423 habent

646 3464 1108 3539 mensurari
1151 3485 1296 3557 per
1348 3464 1790 3556 quamlibet
1858 3463 2191 3536 illarum

642 3583 1074 3665 unitatum,
1126 3587 1205 3655 et
1241 3582 1614 3673 quaelibet
1661 3585 1928 3673 potest
1984 3582 2188 3655 acci-

645 3699 723 3793 pi
765 3720 913 3792 pro
960 3719 1345 3770 mensura
1388 3698 1741 3770 aliarum
1787 3726 1799 3768 :
1859 3699 2048 3791 quia
2112 3700 2191 3771 in

643 3813 996 3907 qualibet
1055 3819 1178 3888 est
1228 3814 1503 3887 eadem
1576 3816 1786 3888 ratio
1832 3815 2191 3887 indivisi-

640 3933 988 4007 bilitatis
1021 3936 1098 4005 et
1145 3933 1513 4014 unitatis,
1587 3937 1665 4006 et
1702 3933 1873 4006 ideo
1919 3933 2189 4025 quaeli-

639 4049 772 4122 bet
831 4047 1076 4122 toties
1112 4048 1535 4141 replicata,
1573 4053 1855 4141 utpote
1896 4049 2184 4132 decieS,

644 4165 897 4238 reddit
937 4164 1384 4245 denarium,
1441 4163 1572 4255 qui
1633 4168 1754 4236 est
1806 4165 2190 4258 simplici-

645 4288 773 4357 ter
807 4301 1219 4362 numeruS‚
1259 4281 1445 4371 quia
1483 4281 1733 4354 reddit
1767 4282 2187 4354 denarium

640 4401 1047 4474 unitatum
1091 4420 1255 4470 suffe
1299 4398 1619 4490 speciei.

729 4517 1125 4591 Similiter
1151 4515 1578 4589 multitudo
1618 4517 1975 4609 partium
2010 4519 2190 4590 sub-

629 4636 1153 4729 jectivarum,
1210 4654 1383 4725 quae
1417 4634 1779 4705 eamdem
1832 4634 2185 4706 sormam

636 4751 1096 4844 specificam
1135 4748 1658 4841 participant,
1695 4749 2186 4841 ‹lupliciuni-

629 4870 801 4943 tate
873 4872 1422 4941 mensuratur.
1469 4866 1645 4936 Uno
1693 4866 1958 4946 modo,
2008 4866 2185 4958 ipsa

1836 377 1938 442 DE
1984 378 2251 445 RERUM
2294 376 2683 444 PRlNClPIO

2307 541 2430 620 do,
2508 540 2682 613 istae
2751 539 3108 613 unitates
3153 538 3513 633 partium
3556 538 3847 632 subjec-

2310 662 2582 731 tarum
2644 657 2940 731 habent
2992 659 3456 731 mensurari
3517 659 3844 739 unitate,

2309 796 2483 866 quae
2527 780 2648 847 est
2715 776 2791 846 in
2856 774 3214 870 qualibet
3285 775 3617 848 illarum
3680 795 3846 868 par-

2310 892 2535 971 tium,
2594 897 2679 965 ut
2721 893 2991 964 decem
3039 892 3436 973 homines,
3484 912 3689 962 unus
3722 890 3848 962 ho·

2312 1029 2467 1089 mo,
2515 1008 2648 1099 qui
2696 1012 2964 1100 potest
3039 1031 3218 1084 esse
3277 1010 3613 1102 quilibet
3683 1008 3848 1080 illo·

2314 1146 2493 1196 rum
2534 1124 2855 1197 decem:
2899 1126 3089 1216 quia
3158 1125 3374 1201 ratio
3421 1124 3848 1199 indivisibi-

2310 1241 2597 1324 litatis,
2634 1248 2713 1316 et
2757 1242 3123 1325 unitatis,
3181 1264 3357 1336 quae
3416 1247 3539 1317 est
3586 1242 3665 1315 in
3697 1265 3850 1315 uno

2308 1358 2657 1439 homine,
2739 1358 2979 1430 simul
3085 1364 3207 1433 est
3304 1361 3382 1431 in
3472 1360 3849 1452 quolibet,

2311 1476 2482 1548 ideo
2573 1475 2905 1566 quilibet
3020 1481 3292 1570 potest
3374 1499 3518 1571 per
3628 1477 3853 1550 illum

2312 1594 2799 1676 mensurari,
2861 1598 2941 1668 ct
2994 1615 3295 1677 omnes,
3373 1595 3852 1686 inquantum

2311 1731 2515 1784 unus
2585 1711 2826 1784 homo
2879 1711 3141 1784 decies
3213 1715 3584 1804 sumptus
3666 1711 3851 1783 facit

2306 1829 2577 1902 decem
2610 1829 3003 1902 homines.

2399 1949 2516 2018 Ex
2570 1946 2808 2021 dictis
2852 1951 3101 2040 patet,
3150 1966 3403 2039 quare
3462 1968 3852 2020 numerus

2309 2316 2696 2368 numerus
2740 2297 3252 2390 simpliciter,
3298 2298 3458 2371 nisi
3538 2319 3854 2371 mensu-

2310 2415 2543 2486 retur
2574 2412 2885 2486 unitate
2921 2433 3083 2484 suae
3132 2413 3454 2506 speciei,
3521 2414 3637 2486 sic
3699 2434 3850 2486 non

2307 2532 2431 2601 est
2464 2548 2566 2598 nu
2583 2550 2853 2600 merus
2898 2529 3053 2601 nisi
3089 2530 3187 2602 ab
3219 2531 3534 2605 unitate
3567 2530 3853 2603 formae

2309 2646 2726 2738 specificae,
2766 2667 2921 2736 qua
2962 2648 3083 2717 est
3148 2646 3228 2718 in
3278 2647 3591 2720 unitate
3637 2646 3856 2719 illius

2305 2763 2650 2835 numeri.
2700 2765 2817 2833 Ex
2862 2763 3272 2855 prendictis
3336 2767 3583 2856 patet,
3650 2764 3857 2855 quod

2306 2878 2405 2950 ab
2437 2878 2842 2969 aliquibus
2887 2879 3311 2970 quaeritur,
3353 2899 3606 2971 quare
3644 2879 3857 2953 scili-

2305 2998 2431 3068 cet
2477 2994 2543 3066 si
2612 3015 2999 3066 numerus
3067 2995 3269 3068 nibil
3330 2997 3565 3070 addat
3608 3018 3857 3090 super

2303 3115 2758 3194 numerata,
2787 3133 3174 3185 numerus
3197 3117 3471 3186 tamen
3498 3119 3624 3188 est
3650 3115 3858 3187 idem

2305 3231 2595 3322 specie,
2652 3234 3082 3303 numerata
3151 3236 3425 3305 autem
3503 3237 3695 3307 sunt
3756 3234 3858 3305 di-

2300 3367 2541 3419 versa
2577 3347 2872 3439 specie,
2928 3352 3017 3422 ut
3049 3347 3430 3420 denarius
3463 3370 3860 3422 numerus

2305 3469 2730 3539 mensurat
2775 3467 3046 3538 decem
3107 3466 3540 3549 albedines,
3586 3472 3667 3542 et
3740 3468 3860 3540 dc·

2301 3603 2473 3653 cem
2516 3581 2913 3654 homines.
2964 3584 3064 3655 Et
3130 3581 3304 3676 jam
3373 3583 3563 3666 dixi,
3650 3586 3860 3676 quod

2302 3718 2689 3771 numerus
2726 3699 2972 3772 realis
3006 3704 3132 3772 est
3171 3700 3543 3774 diversus
3579 3723 3860 3775 secun-

2302 3818 2487 3889 dum
2538 3818 3100 3892 diversitatem
3138 3823 3628 3892 naturarum
3664 3846 3679 3890 :
3722 3840 3860 3891 nu-

2306 3955 2579 4007 merus
2640 3934 3276 4009 Mathematicus
3350 3936 3578 4017 idem,
3664 3935 3859 4028 quia

2307 4050 2641 4143 respicit
2674 4070 3105 4122 numerum
3138 4056 3663 4124 numeratum
3719 4073 3859 4123 nu·

2304 4186 2531 4238 mero
2601 4167 3047 4248 abstracto,
3114 4167 3321 4239 sicut
3389 4168 3613 4239 dixi:
3666 4170 3859 4261 quia

2301 4280 2549 4354 etiam
2583 4302 2743 4352 non
2787 4281 3123 4373 respicit
3190 4281 3327 4354 illa
3386 4290 3854 4363 numerata,

2301 4397 2460 4469 nisi
2505 4402 2592 4471 ut
2661 4397 3160 4489 participant
3215 4397 3572 4490 aliquam
3640 4419 3857 4473 eam-

2299 4516 2475 4587 dem
2513 4515 2914 4587 rationem
2952 4516 3442 4607 specificam,
3501 4521 3587 4590 ut
3621 4518 3859 4589 dena·

2303 4632 2476 4703 rius
2514 4632 2731 4725 respi
2792 4632 2848 4706 it
2888 4633 3159 4706 decem
3209 4632 3465 4706 lineas
3507 4633 3853 4725 ligneas

2300 4753 2379 4822 et
2413 4770 2734 4830 aureas,
2800 4770 2958 4821 non
2998 4755 3083 4824 ut
3119 4754 3307 4825 sunt
3348 4750 3665 4841 ligneae,
3724 4751 3857 4823 vel

2301 4886 2598 4949 aureae,
2655 4868 2787 4939 sed
2822 4871 2908 4941 ut
2962 4869 3144 4939 sunt
3189 4867 3624 4941 continuae.

3989 1965 4044 2014 εὶ.

2307 2067 2431 2136 est
2476 2085 2705 2145 unuS‚
2746 2068 2832 2137 ut
2874 2062 3177 2137 dictum
3237 2066 3360 2136 est
3421 2063 3501 2136 in
3562 2027 4115 2156 pvaeoe-AEtffl‘l'.

3880 2168 3964 2202 rus
3986 2155 4129 2203 uuila·

2306 2180 2522 2253 denti
2562 2180 3024 2262 dubitabili;
3073 2181 3261 2273 quia
3296 2181 3506 2254 sicut
3540 2203 3704 2252 non
3736 2185 3855 2255 est
3969 2227 4064 2266 rem.

630 4985 902 5060 unitas
952 4985 1238 5058 formae
1276 4983 1668 5076 specificae
1712 4987 1835 5056 est
1871 5004 2183 5055 mensu-

631 5123 724 5176 ra
761 5103 1127 5174 omnium
1163 5099 1788 5181 individuorum,
1829 5120 2003 5192 qum
2041 5100 2187 5171 sub
2301 5100 2377 5173 in
2401 5103 2941 5175 determinato
2972 5103 3636 5184 Praedicamento,
3664 5124 3856 5175 cum
3941 5068 4133 5224 αιιέῑιο-

632 5224 806 5316 ipsa
877 5218 1424 5298 continentur,
1509 5223 1594 5290 ut
1681 5217 1924 5289 homo
2017 5238 2186 5288 om-
2298 5223 2673 5292 numeret
2710 5240 2838 5290 res
2876 5219 3233 5291 omnium
3264 5218 3855 5291 Praedicamen-
3884 5182 4107 5293 '’235de

627 5338 850 5408 nium
919 5332 1338 5407 hominum
1416 5331 1983 5421 singularunm,
2068 5331 2186 5402 in·

633 5455 1021 5543 quantum
1065 5448 1400 5541 quilibet
1441 5450 1563 5520 est
1600 5447 1868 5529 homo,
1920 5453 1998 5521 ct
2050 5468 2183 5519 na-

631 5572 906 5643 turam
951 5564 1248 5661 speciei
1285 5565 1755 5658 participat.
1796 5564 1974 5637 Alio
2019 5586 2182 5637 mo·

2297 5334 2603 5412 torum,
2653 5353 2834 5403 cum
2872 5336 3142 5405 motus
3176 5353 3335 5405 non
3378 5338 3732 5425 ponatur
3770 5334 3852 5404 in

2296 5448 2836 5522 determinato
2875 5448 3509 5523 l‘raedicamento
3544 5454 3579 5519 ‘?
3612 5449 3845 5532 Dice,

2300 5564 2503 5653 quod
2549 5568 2816 5636 motus
2848 5563 3377 5655 consequitur
3410 5583 3542 5635 res
3591 5563 3850 5635 (liver-
