4252 6393
1383 1070 1507 1194 F.
1601 1067 2408 1194 JOANNIS

410 1352 614 1598 D
773 1349 976 1598 U
1126 1349 1323 1597 N
1486 1349 1640 1601 S
1957 1346 2110 1599 S
2286 1346 2450 1603 C
2623 1349 2816 1605 Ο
2975 1355 3146 1601 T
3297 1355 3412 1606 I

326 1772 1050 1885 DOCTORIS
1188 1771 1889 1908 SUBTILIS,
2057 1771 2662 1882 ORDINIS
2807 1774 3503 1889 MINORUM

714 2051 1339 2179 QUAESTIONES
1406 2051 1986 2161 DISPUTATAE
2045 2052 2162 2157 DE
2230 2051 2564 2159 RERUM
2628 2050 3122 2163 PRINCIPIO

1841 2320 1975 2367 Sive

390 2506 1214 2612 QUAESTIONES
1289 2504 2188 2597 UNIVERSALES
2273 2503 2390 2595 IN
2473 2505 3418 2601 PHILOSOPHIAM

861 2738 1017 2805 CUN
1058 2737 1297 2803 No‘rls
1340 2738 1439 2801 ΕΤ
1482 2738 1839 2802 SCIIOLIIS
1881 2738 1953 2801 R.
2001 2736 2068 2799 P.
2117 2739 2184 2802 F.
2231 2737 2461 2803 LUCAE
2506 2737 2927 2803 WADDINGI

848 3110 1409 3194 OENSURA
1455 3113 1556 3191 R.
1599 3112 1694 3191 P.
1738 3113 1831 3190 F.
1874 3112 2226 3192 LUOAE
2274 3110 2949 3191 WADDINGI.

382 3315 544 3372 Dum
586 3324 829 3385 maqno
856 3310 1068 3373 studio
1098 3310 1280 3371 Scoti
1318 3323 1520 3384 opera
1566 3305 1964 3384 colliqerem,
2011 3320 2239 3383 meque
2269 3306 2609 3367 editionem
2636 3305 2799 3369 hanc
2826 3307 3137 3371 meditari
3168 3322 3497 3370 monerem

311 3413 916 3477 Reverendissimum
944 3416 1017 3475 P.
1066 3415 1129 3474 F.
1162 3416 1476 3474 loannem
1505 3411 1868 3487 Baptistam
1898 3411 2356 3486 campanium,
2391 3411 2598 3472 nostri
2620 3411 2914 3473 sodalitii
2952 3428 3332 3488 supremum
3360 3430 3495 3475 mo·

313 3521 692 3594 deratorem,
723 3524 874 3580 tunc
915 3521 981 3580 in
1023 3519 1337 3595 Hispania
1365 3522 1893 3590 commorantem,
1926 3518 2030 3578 uti
2054 3521 2144 3578 est
2172 3517 2480 3578 doctrinae
2507 3517 2660 3579 huic
2686 3518 3184 3592 addictissimus,
3214 3535 3491 3590 summo·

309 3640 447 3701 pere
473 3633 777 3687 conatum
797 3623 1125 3702 probavit,
1173 3627 1627 3700 repertumque
1653 3637 1816 3699 opus
1853 3621 1975 3682 hoc
2002 3624 2068 3683 in
2098 3619 2493 3681 Bibliotheca
2525 3621 2852 3682 Francisci
2877 3619 3251 3685 Cardinalis
3277 3623 3491 3684 Xime-

312 3729 396 3788 nii
429 3729 773 3801 Minorasti,
805 3729 1062 3789 vetustis
1090 3726 1416 3789 codicibus
1442 3728 1779 3798 instructa,
1812 3725 2002 3786 laetus
2026 3726 2163 3802 ipse
2191 3726 2257 3785 in
2292 3724 2516 3787 Urbem
2547 3725 2761 3787 duxit.
2795 3727 2975 3788 Dono
3001 3725 3121 3788 hoc
3147 3742 3249 3788 me
3275 3729 3492 3804 primo

311 3843 562 3893 occursu
593 3832 868 3907 excepit,
898 3831 1315 3907 stimulosque
1343 3831 1617 3907 addidit,
1665 3835 1734 3890 ut
1773 3833 1837 3891 in
1868 3834 2159 3908 suscepto
2180 3845 2522 3907 perqerem
2551 3829 2799 3893 labore.
2836 3832 3055 3893 Codex
3100 3837 3238 3894 erat
3285 3849 3486 3894 mem-

311 3930 595 4007 braneus,
640 3938 879 3996 vetusto
922 3940 977 3996 et
1016 3950 1180 4011 pene
1210 3933 1703 4011 imperceptibili
1728 3938 2042 3994 exaratus
2083 3933 2477 4005 charactere,
2527 3933 2907 3997 dictionibus
2937 3934 3174 4013 ubique
3201 3952 3327 3998 non
3353 3943 3491 3998 tam

310 4037 389 4097 ad
410 4036 673 4113 reyulas
712 4038 1057 4113 scribendi,
1091 4053 1281 4115 quam
1326 4040 1415 4100 ad
1454 4037 1878 4098 Amanuensis
1910 4036 2228 4111 placitum
2256 4041 2619 4098 contractis.
2671 4037 2969 4114 Improbo
2996 4039 3209 4101 studio
3227 4042 3491 4103 tandem

309 4142 598 4206 evicimus
627 4151 693 4206 ut
735 4150 979 4205 tersum
1002 4146 1296 4223 prodiret
1327 4141 1689 4221 exemplar,
1727 4142 1902 4218 quod
1929 4141 2045 4202 ubi
2064 4141 2357 4219 leyerunt
2399 4143 2536 4204 viri
2571 4143 2760 4218 docti,
2795 4159 2951 4219 opus
2977 4158 3093 4205 suo
3124 4150 3389 4208 auctore
3431 4149 3488 4208 et

303 4249 489 4322 praelo
531 4253 806 4328 dignum
836 4252 1247 4328 judicarunt.

378 4351 541 4416 Illud
567 4355 784 4430 ipsum
813 4359 924 4427 est,
958 4353 1133 4430 quod
1171 4355 1435 4415 Scotum
1475 4351 1804 4429 scripsisse
1861 4355 2113 4412 monent
2175 4350 2484 4425 Willotus,
2534 4355 2933 4428 Possevinus,
2980 4359 3036 4414 et
3066 4355 3352 4431 Pitsaeus‚
3398 4355 3484 4418 de

311 4451 528 4516 Rerum
558 4455 907 4534 principiO,
938 4456 1200 4518 titulum
1243 4457 1577 4534 asstqentes
1620 4473 1705 4517 ea:
1736 4458 1872 4533 ipso
1904 4458 2113 4532 operis
2141 4457 2346 4518 initio,
2380 4461 2451 4518 At
2497 4473 2647 4518 cum
2674 4457 2882 4520 multa
2906 4459 3014 4522 hic
3052 4461 3486 4524 discutiantur

312 4556 381 4617 ab
418 4559 526 4622 illo
555 4566 945 4639 aryumento
981 4562 1223 4635 aliena,
1257 4566 1315 4622 et
1343 4562 1523 4623 nullo
1580 4579 1755 4624 nexu
1802 4561 2265 4624 cohoerentibus
2320 4563 2772 4639 quaestionibus
2814 4579 2919 4626 res
2955 4566 3157 4626 variae
3186 4565 3481 4630 Philoso-

301 4663 485 4734 Phicae
505 4672 986 4745 proponantur,
1031 4668 1240 4728 visum
1269 4674 1359 4729 est
1391 4668 1634 4744 aptiori
1651 4669 1836 4729 titulo
1868 4667 2276 4743 Quaestiones
2305 4669 2518 4730 dicere
2549 4668 2938 4748 disputatas,
2985 4676 3099 4731 aut
3127 4673 3482 4751 generales

311 4759 367 4827 in
388 4767 885 4850 Philosophiam,
912 4773 1275 4848 praesertim
1317 4785 1463 4833 cum
1492 4774 1562 4830 in
1591 4769 1752 4831 libri
1774 4771 1989 4846 fronte
2016 4771 2110 4832 ita
2136 4770 2506 4833 habeatur:
2555 4772 2958 4848 Quaestiones
2981 4774 3389 4839 universales
3413 4777 3480 4839 in

312 4863 768 4951 Philosophiam
794 4873 1065 4934 Joannis
1095 4872 1292 4944 Scoli,
1325 4877 1381 4933 et
1411 4875 1478 4933 in
1516 4873 1645 4948 stne
1667 4875 1760 4934 ita
1789 4874 2227 4951 subjiciatur:
2258 4873 2663 4949 Quaestiones
2693 4875 2826 4939 istae
2845 4874 3113 4939 fuerunt
3143 4877 3478 4958 disputatae

314 4966 518 5034 Oxonii
546 4991 668 5052 per
698 4975 1083 5054 Magistrum
1105 4977 1427 5037 loannem
1452 4976 1629 5039 Scoli
1662 4975 1747 5038 de
1795 4976 2040 5041 Ordine
2075 4978 2363 5040 Fratrum
2391 4979 2733 5054 Minox-um,
2769 4986 2836 5044 et
2883 4987 3038 5045 sunt
3085 4987 3478 5063 quaestiones

311 5081 635 5153 generales
665 5097 869 5159 super
897 5081 1401 5159 Philosophiam.

377 5183 514 5247 Illas
540 5189 895 5264 disputasse
920 5189 1283 5249 successivis
1309 5187 1508 5259 horis,
1539 5187 1641 5248 vel
1660 5203 1780 5264 pro
1822 5190 2128 5264 temporis
2148 5191 2745 5266 opportunitatc‚vel
2768 5207 2892 5267 pro
2923 5192 3476 5255 Scholasticarum

313 5294 846 5365 exercitationum,
875 5293 1005 5354 sive
1056 5295 1587 5356 Academicorum
1614 5297 1949 5369 yraduum
1992 5295 2545 5371 suscipiendorum
2589 5296 2924 5372 varietate,
2972 5298 3289 5372 conjicere
3331 5298 3474 5362 licet

314 5407 385 5451 ex
413 5397 621 5468 prisco
648 5395 767 5457 illo
812 5394 1373 5458 Scholasticorum
1411 5413 1613 5470 more,
1649 5400 1716 5459 in
1743 5397 1916 5459 hunc
1942 5398 2117 5459 diem
2146 5403 2412 5475 retento,
2455 5399 2719 5477 publice
2749 5402 3150 5478 disputandi,
3182 5407 3238 5463 et
3275 5401 3472 5478 diffu-

313 5494 424 5556 sius
448 5501 815 5574 quaestiones
857 5501 948 5562 ad
975 5498 1232 5561 libitum
1257 5502 1641 5577 propositas,
1669 5503 2128 5581 prosequendi,
2173 5501 2273 5566 vel
2301 5503 2458 5566 dum
2487 5506 2616 5583 ipsi
2641 5505 2905 5572 laureas
2959 5504 3334 5587 suscipiunt,
3373 5506 3474 5570 vcl

317 5600 453 5663 dum
474 5605 958 5685 suscipientibus
987 5605 1419 5686 applaudunt.
