4252 6393
1803 421 2056 486 CAPUT
2103 420 2201 484 1v.
3463 424 3582 487 767

408 586 487 658 θῖ
549 604 695 677 per
778 601 1279 678 consequens
1403 604 1635 657 omne
1734 583 1949 656 aliud

410 720 683 792 egem,
717 702 803 774 ut
839 702 1012 795 jam
1062 702 1565 775 declaratum
1629 703 1778 782 est,
1836 720 1951 772 se·

91 833 158 881 St·
189 833 344 882 Dens
405 817 706 910 quitur,
748 819 955 912 quod
1004 821 1227 893 totus
1280 819 1474 892 ordo
1517 838 1953 891 causarum

46 896 363 945 necessario

173 968 318 1016 mc,
405 935 774 1009 causabit
845 935 922 1006 in
984 935 1145 1008 isto
1209 935 1587 1029 quidquid
1656 937 1779 1007 est
1837 933 1953 1008 eis

45 1021 385 1069 autumes-
611 1050 625 1064 .
696 1052 709 1065 .
1232 1051 1244 1063 .
1346 1050 1359 1063 .
1973 1055 1976 1060 .

46 1081 362 1133 mmmm
409 1051 796 1145 possibile
828 1071 1172 1125 causare
1228 1071 1304 1122 in
1341 1051 1516 1134 lllo;
1546 1071 1744 1144 ergo
1789 1051 1955 1123 nul·

412 1169 485 1240 la
553 1167 1051 1262 perfectione
1112 1171 1366 1251 caret,
1435 1190 1607 1260 quae
1689 1169 1958 1262 potest

2066 583 2453 658 minative
2549 604 2791 679 quam
2862 586 3349 680 oppositum.
3420 589 3612 660 Res-

2065 703 2397 795 pondeo,
2472 703 2678 795 quod
2755 724 2900 778 nec
3003 704 3405 798 sapientia
3488 709 3613 777 θεῖ

2065 818 2397 894 cuilibet
2429 819 2718 892 melius
2752 820 3374 904 denominative,
3422 821 3611 912 quia

2068 937 2471 1031 repugnat
2507 937 2813 1012 multis.
2857 938 3136 1011 Dices:
3177 939 3338 1011 imo
3398 943 3615 1011 esset
3679 942 3792 992 Ου’·
3820 941 3937 1004 pre·-

3676 1019 3795 1053 mus
3830 1006 3944 1054 An·-

2068 1051 2397 1127 cuilibet
2458 1054 2773 1135 melius,
2849 1055 2916 1127 si
2978 1058 3254 1146 posset
3324 1053 3609 1134 inesse,
3650 1067 3945 1192 &lamt-

2072 1167 2261 1261 quia
2310 1169 2537 1242 canis
2598 1173 2813 1243 esset
2876 1170 3192 1244 melior.
3268 1170 3338 1242 si
3389 1170 3615 1242 canis
3652 1190 3965 1304 11003223215-

409 1284 505 1357 ab
556 1284 928 1358 omnibus
969 1284 1243 1358 causis
1279 1285 1704 1378 agentibus
1741 1286 1957 1357 indu-

410 1399 603 1472 ci‘in
638 1400 846 1493 ipso;
885 1421 1082 1494 ergo
1140 1403 1364 1474 nulla
1414 1405 1668 1484 caret,
1715 1422 1958 1493 quam

413 1520 680 1609 potest
715 1518 1125 1613 recipere;
1193 1540 1393 1612 ergo
1455 1541 1612 1592 non
1664 1524 1787 1592 est
1823 1518 1960 1590 ali-

413 1653 571 1725 qua
604 1634 922 1708 malitia
974 1636 1051 1706 in
1088 1637 1291 1730 ipso.
1344 1634 1962 1729 Consequentia>

416 1752 604 1822 sunt
646 1751 906 1844 planae
951 1778 965 1821 ε
1015 1751 1206 1845 quia
1249 1752 1511 1826 omnis
1566 1751 1961 1845 perfectio

423 1869 918 1962 receptibilis
979 1870 1059 1942 in
1132 1871 1290 1946 isto
1342 1875 1465 1944 est
1526 1871 1963 1944 causabilis

423 1985 519 2056 ab
584 1984 883 2078 aliquo,
955 1990 1033 2059 et
1096 1988 1193 2060 ab
1265 1988 1635 2060 omnibus
1694 1986 1965 2061 causis

424 2100 844 2186 ordinatis,
885 2103 1177 2179 ultima
1219 2107 1441 2198 patet
1484 2126 1583 2177 ex
1646 2105 1968 2178 ratione

424 2217 639 2300 mali,
685 2223 765 2295 θῖ
814 2221 1218 2295 concludit
1269 2221 1409 2293 illa
1452 2222 1827 2315 probatio
1877 2222 1970 2294 de

423 2336 621 2410 vitio
656 2336 733 2408 in
770 2337 1159 2424 moribus,
1206 2340 1418 2416 sicut
1475 2340 1567 2413 de
1634 2342 1967 2433 peccato

427 2451 503 2523 in
535 2455 858 2526 natura.

509 2568 750 2643 Dices
787 2596 801 2641 t
841 2571 1189 2647 materia
1222 2594 1379 2647 non
1416 2572 1702 2647 obedit.
1750 2570 1970 2644 Nihil

430 2687 576 2767 θεῖ,
605 2685 795 2779 quia
825 2708 1071 2780 agens
1096 2695 1381 2781 potens
1409 2688 1775 2760 vinceret
1811 2688 1972 2760 ino-

431 2800 940 2876 bedientiam.

522 2920 748 2994 Hane
779 2920 1382 2994 conclusionem
1445 2919 1792 3011 probant
1834 2919 1975 2993 ali-

434 3036 565 3128 qui
646 3036 953 3129 quinto,
1036 3038 1172 3111 via
1221 3058 1321 3109 ex
1384 3036 1634 3112 tertia
1678 3058 1976 3129 praeos-

430 3155 710 3225 tensa:
769 3154 958 3248 quia
1009 3153 1493 3246 intelligere,
1538 3154 1771 3236 velle,
1858 3172 1975 3226 sa-

433 3267 761 3361 pientia,
828 3291 1088 3354 amor,
1166 3274 1352 3344 sunt
1434 3270 1977 3364 perfectiones

434 3382 944 3477 simpliciter,
993 3388 1198 3480 quod
1240 3391 1706 3480 supponunt
1747 3385 1980 3478 quasi

436 3499 986 3576 manifestum.
1027 3505 1171 3575 Sed
1225 3523 1384 3577 non
1449 3503 1795 3585 videtur,
1846 3520 1979 3572 un·

433 3616 524 3689 de
565 3617 725 3691 ista
767 3623 1107 3711 possunt
1167 3620 1430 3711 magis
1473 3619 1796 3692 concedi
1865 3640 1982 3691 es-

438 3754 520 3805 se
570 3735 1113 3826 perfectiones
1167 3736 1680 3828 simpliciter,
1741 3756 1981 3827 quam

439 3852 736 3922 natura
788 3852 1035 3943 primi
1097 3853 1408 3944 Angeli.
1466 3852 1547 3926 Si
1602 3852 1814 3924 enim
1860 3873 1983 3924 ac-

441 3968 696 4061 cipias
725 3972 1128 4058 sapientiam
1177 3968 1800 4050 denominative,
1860 3970 1983 4039 θεῖ

443 4083 738 4156 melior
780 4083 998 4155 omni
1029 4083 1632 4157 denominativo
1679 4083 1977 4156 incom-

444 4199 836 4292 possibili,
905 4203 985 4274 et
1052 4221 1211 4272 non
1297 4200 1690 4292 probasti,
1776 4199 1985 4292 quod

441 4314 799 4407 primum
820 4319 946 4390 est
990 4317 1338 4408 sapiens,
1379 4319 1478 4389 Et
1503 4315 1570 4387 si
1598 4316 1980 4408 accipias,

444 4432 648 4524 quod
693 4436 908 4505 Deus
958 4436 1083 4506 est
1118 4432 1466 4524 sapiens,
1515 4433 1715 4513 dice,
1783 4432 1990 4524 quod

445 4547 677 4639 petis.
727 4550 1074 4621 Tantum
1127 4552 1358 4641 potes
1414 4545 1737 4628 habere,
1784 4546 1989 4639 quod

446 4665 768 4757 sapiens
793 4669 917 4737 est
946 4663 1238 4736 melior
1263 4684 1423 4735 non
1451 4664 1840 4756 sapiente,
1863 4685 1991 4734 ex·

446 4779 673 4852 cluso
717 4779 1011 4873 primo.
1077 4784 1382 4853 Contra
1446 4805 1459 4848 ε
1523 4779 1684 4852 isto
1758 4779 1991 4851 modo

449 4896 764 4989 primus
825 4896 1180 4988 Angelus
1238 4899 1361 4969 est
1435 4895 1728 4967 melior
1772 4894 1991 4967 omni

447 5015 630 5085 ente
662 5012 1261 5085 denominative
1324 5016 1647 5105 sumpto
1696 5011 1993 5084 incom-

454 5127 824 5221 possibili
911 5127 1062 5200 sibi
1148 5131 1452 5220 praeter
1511 5130 1792 5211 Deum,
1834 5128 1994 5200 imo

450 5268 585 5312 esse
634 5243 880 5337 primi
915 5243 1198 5334 Angcli
1245 5244 1321 5315 in
1378 5242 1796 5317 abstracto
1865 5264 1995 5336 po-

454 5363 613 5433 test
682 5382 861 5432 esse
922 5359 1213 5432 melior
1308 5359 1794 5452 simpliciter
1879 5381 1997 5431 sa-

459 5476 789 5568 pientia.
892 5475 1130 5548 Dices
1213 5479 1611 5568 repugnat
1689 5476 1993 5558 multis,

461 5592 631 5664 ideo
674 5612 835 5663 non
877 5591 1201 5664 cuilibet
1245 5594 1366 5662 est
1433 5591 1720 5664 melius
1760 5594 2000 5666 deno-

2070 1288 2286 1357 esset
2358 1287 2704 1380 sapiens.
2765 1288 3267 1380 Respondeo,
3356 1287 3470 1360 ita
3528 1288 3618 1360 de

2075 1401 2344 1494 primo
2370 1403 2676 1495 Angelo
2714 1404 2783 1476 si
2818 1410 3097 1497 posset
3144 1426 3322 1476 esse
3363 1404 3623 1484 canis,

2073 1523 2290 1593 esset
2311 1520 2626 1602 melior,
2662 1523 2739 1593 et
2764 1521 3182 1595 caniesset
3219 1521 3531 1603 meliuS‚
3561 1522 3629 1593 si

2081 1640 2353 1729 posset
2396 1639 2907 1730 esseprimus
2935 1638 3315 1728 Angelus.
3352 1637 3623 1710 Dices:

2078 1752 2241 1824 imo
2272 1752 2462 1825 illud
2513 1754 2866 1827 ‹lestruit
2926 1759 3310 1827 naturam
3346 1753 3575 1827 canis
3613 1778 3627 1834 ;

2078 1890 2279 1961 ergo
2302 1891 2459 1941 non
2511 1876 2635 1945 est
2661 1871 2961 1943 bonum
3003 1871 3208 1944 cani.
3264 1872 3630 1964 Respon-

2077 1987 2248 2069 deo,
2291 1986 2405 2060 ita
2448 1984 2796 2080 sapienS,
2847 1988 2972 2058 vel
3018 1986 3419 2081 sapientia
3470 1988 3632 2058 (les-

2080 2107 2605 2178 trueretnatu
2623 2125 2796 2176 ram
2824 2104 3025 2198 ejus.
3056 2106 3293 2176 None
3314 2109 3387 2178 st
3411 2103 3630 2176 diffe-

2084 2220 2374 2305 rentia,
2429 2220 2587 2293 nisi
2631 2222 2835 2314 quod
2890 2222 3245 2313 Angelus
3281 2221 3631 2295 destruit

2082 2357 2391 2420 canem,
2465 2341 2555 2414 ut
2620 2343 2922 2412 natura
2971 2339 3330 2432 ejusdem
3400 2358 3627 2432 gene-

2088 2456 2230 2538 ris,
2319 2455 2643 2549 sapiens
2723 2462 2812 2532 ut
2888 2456 3257 2541 alterius,
3332 2456 3631 2530 incom-

2086 2572 2497 2665 possibilis
2574 2575 2897 2654 tamem
2984 2572 3171 2664 quia
3253 2573 3634 2647 determi-

2086 2710 2289 2762 nans
2364 2689 2516 2763 sibi
2583 2709 2733 2782 pro
2807 2689 3171 2783 subjecto
3248 2695 3632 2764 naturam

2086 2806 2446 2899 ejusdem
2567 2805 2889 2896 generis
3024 2805 3638 2898 incompossibi-

2090 2924 2274 3003 lem,
2319 2927 2401 2997 et
2454 2923 2581 2996 cui
2654 2927 3055 3015 repugnat
3118 2923 3385 3016 primo
3456 2923 3638 2994 sul.)-

2083 3040 2423 3131 jectum,
2467 3038 2717 3111 eidem
2759 3059 2905 3130 per
2931 3061 3039 3119 se,
3078 3038 3641 3130 licetnonpri-

2091 3173 2250 3235 mo,
2290 3152 2563 3245 passio
2607 3151 2946 3247 subjecti
2984 3157 3409 3245 repugnat.
3457 3151 3637 3225 Vul-

2092 3269 2316 3360 garis
2351 3289 2622 3342 sermo
2664 3271 2755 3342 de
2789 3269 3291 3362 perfectione
3328 3268 3637 3361 simpli-

2092 3385 2300 3460 citer
2333 3407 2543 3479 saepe
2575 3387 2933 3460 vacillat.
2985 3390 3215 3469 Item,
3258 3385 3635 3477 intelligi·

2092 3503 2249 3577 bile
2288 3505 2609 3577 videtur
2648 3505 2912 3577 dicere
2955 3505 3295 3595 gradum
3360 3523 3634 3595 supre-

2096 3642 2317 3693 mum
2347 3621 2868 3695 determinati
2928 3621 3282 3712 generis,
3331 3625 3421 3694 ut
3463 3620 3636 3692 sub-

2097 3737 2447 3820 stantiae,
2496 3738 2696 3810 unde
2758 3737 3015 3827 igitur
3084 3736 3633 3817 concludetur,

2103 3856 2307 3946 quod
2349 3859 2474 3929 θεῖ
2512 3854 2899 3948 perfectio
2937 3853 3482 3947 simpliciter?
3525 3856 3639 3925 De

2100 3970 2614 4062 passionibus
2656 3971 2866 4045 entis
2932 3972 3011 4042 in
3064 3971 3475 4043 communi
3527 3991 3647 4040 se-

2099 4108 2242 4159 cus
2284 4091 2433 4168 est,
2500 4088 2686 4179 quia
2755 4091 3363 4180 consequuntur
3415 4105 3649 4156 omne

2101 4224 2269 4286 ens,
2314 4203 2440 4277 vel
2485 4203 2758 4297 passio
2803 4203 3284 4285 communis,
3344 4201 3470 4274 vel
3539 4203 3646 4274 al-

2102 4323 2371 4393 terum
2422 4321 3042 4414 disjunctorum.
3083 4320 3165 4393 Si
3202 4322 3645 4412 protervus
3682 4336 3689 4343 ·

2100 4435 2429 4519 diceret,
2467 4437 2673 4530 quod
2699 4457 2929 4509 omne
2961 4435 3654 4509 denominativum

2105 4552 2462 4644 primum
2541 4552 2972 4647 cujuslibet
3026 4551 3351 4645 generis
3423 4571 3650 4643 gene·

2109 4668 2528 4752 ralissimi‚
2595 4674 2718 4742 est
2792 4670 3188 4763 perfectio
3270 4668 3653 4763 simpliei-

2107 4789 2259 4860 ter.
2325 4787 2525 4857 unde
2624 4786 3137 4878 improbares
3173 4793 3207 4857 ἲ
3320 4786 3653 4859 Diceret

2105 4898 2322 4971 enim
2383 4900 2794 4991 quodlibet
2846 4900 3035 4983 tale,
3115 4922 3295 4974 esse
3349 4902 3639 4975 melius

2110 5034 2614 5107 quocumque
2663 5014 2816 5089 sibi
2859 5015 3530 5111 incompossibili.
3572 5016 3648 5090 Si

2112 5130 2627 5223 intelligatur
2658 5132 3279 5216 denominative,
3328 5132 3514 5225 quia
3551 5133 3660 5204 in-

2110 5248 2726 5341 compossibilia
2782 5249 2934 5323 sibi
3001 5270 3164 5321 non
3231 5251 3414 5321 sunt
3499 5249 3659 5323 nisi

2109 5364 2711 5438 denominativa
2743 5368 2868 5438 sui
2900 5364 3247 5458 generis,
3284 5363 3471 5458 quia
3492 5384 3661 5437 om-

2112 5478 2249 5551 nia
2284 5479 2477 5553 illud
2520 5483 2877 5562 excellit;
2925 5483 2992 5555 si
3030 5479 3528 5572 intelligitur
3567 5481 3657 5552 de

2121 5596 2602 5670 substantiis
2666 5597 3237 5680 denominatis,
3330 5598 3656 5689 inquan-
