4252 6393
1716 433 2077 510 QuAEsno
2126 435 2229 495 xu

352 617 694 688 sequens
771 596 1038 689 magis
1125 595 1528 677 calefacit,
1596 594 1904 684 fisaltem

349 716 793 789 extensive.

432 835 801 905 Secunda
824 852 1069 906 causa
1103 837 1226 905 est
1260 853 1416 903 uno
1452 833 1899 926 supposito,

352 950 661 1023 scilicet
718 950 926 1041 quod
994 950 1071 1021 in
1135 950 1315 1023 istis
1375 949 1903 1021 inferioribus

352 1066 545 1141 fiunt
570 1066 963 1141 continue
988 1066 1586 1157 generationes,
1616 1070 1696 1139 et
1728 1084 1903 1139 cor-

357 1184 782 1277 ruptiones
820 1184 1267 1257 mixtorum
1313 1182 1896 1276 perfectorum,

351 1306 430 1375 et
469 1301 1062 1383 animatorum,
1109 1306 1300 1375 tunc
1335 1300 1486 1374 hoe
1537 1301 1902 1394 supposi-

351 1422 456 1499 to,
496 1420 726 1510 patet
769 1418 975 1509 quod
1017 1416 1174 1488 nisi
1218 1417 1353 1489 Sol
1399 1418 1895 1496 moveretur,

345 1534 514 1624 jam
562 1553 729 1606 non
792 1535 1441 1627 producerentur
1489 1532 1901 1623 hujusmo-

351 1652 422 1723 di
465 1651 729 1725 mixta
762 1651 1149 1745 perfecta,
1188 1675 1282 1724 eo
1319 1653 1527 1744 quod
1552 1651 1686 1725 Sol
1720 1670 1914 1723 con··

350 1771 566 1844 tinne
591 1770 1003 1862 aspiceret
1033 1774 1616 1863 unampartem
1655 1775 1904 1844 terrae

353 1892 608 1959 etnon
629 1887 907 1968 aliam,
936 1892 1016 1963 et
1062 1888 1141 1960 in
1174 1888 1333 1961 ista
1356 1894 1616 1981 parte,
1660 1909 1900 1981 quam

353 2004 737 2077 continue
773 2004 1207 2096 aspiceret,
1244 2024 1403 2075 non
1455 2010 1902 2093 generatur

355 2120 505 2193 nisi
551 2120 794 2209 ignis,
833 2125 920 2193 ut
955 2120 1034 2193 in
1071 2124 1303 2214 parte
1329 2120 1480 2193 sibi
1521 2122 1900 2214 apposita

354 2259 505 2309 non
546 2238 709 2310 nisi
774 2258 1008 2330 aqua.
1055 2241 1175 2312 Ex
1236 2260 1390 2330 quo
1427 2243 1651 2330 patet
1695 2240 1901 2331 quod

357 2353 679 2446 sphaera
745 2354 956 2427 Solis
1009 2353 1272 2445 magis
1333 2355 1712 2429 calefacit
1771 2378 1900 2428 ex-

354 2472 659 2545 tensive
694 2494 841 2565 per
881 2494 1116 2545 suum
1144 2476 1479 2554 motum,
1525 2478 1605 2546 et
1641 2475 1901 2563 magis

357 2583 793 2662 moderate,
824 2583 1259 2654 secundum
1295 2583 1501 2674 quod
1540 2584 1903 2675 exigitur

353 2697 441 2767 ad
465 2698 1082 2789 generationem
1117 2699 1565 2773 mixtorum
1601 2700 1901 2793 perfec-

358 2819 661 2895 torum,
708 2819 790 2888 et
824 2815 1407 2913 animatorum.

439 2932 719 3004 Tertia
754 2952 1003 3004 causa
1035 2936 1159 3004 est
1204 2953 1471 3023 praesu
1483 2933 1901 3025 pponendo

355 3047 665 3140 aliqua:
707 3050 1010 3130 Primo,
1048 3049 1254 3142 quod
1293 3068 1542 3139 agens
1573 3054 1903 3123 natura·

355 3160 421 3233 le
467 3166 545 3239 in
588 3165 915 3258 aliquod
947 3185 1278 3259 passum
1346 3187 1504 3239 non
1545 3164 1716 3256 agit
1759 3185 1904 3259 per

355 3306 457 3364 se,
504 3285 946 3356 secundum
1015 3284 1528 3377 superficiem
1579 3284 1898 3378 propin-

358 3421 591 3492 quam
629 3400 749 3473 illi
783 3421 1052 3492 passo,
1085 3401 1217 3473 sed
1247 3401 1419 3490 agit
1458 3402 1892 3474 secundum

356 3524 655 3613 partes,
696 3540 873 3610 quae
933 3524 1121 3592 sunt
1157 3519 1234 3590 in
1286 3518 1708 3612 profundo
1758 3523 1896 3592 Pa·

357 3641 488 3718 tet,
563 3656 758 3708 nam
821 3634 1031 3726 ignis
1100 3634 1522 3727 aliquanto
1584 3636 1895 3728 spissus

355 3753 746 3827 intensius
795 3751 1171 3825 calefacit
1222 3774 1557 3846 passum
1608 3774 1896 3847 appro-

356 3869 752 3942 ximatum
787 3868 962 3952 sibi,
1001 3890 1242 3961 quam
1294 3869 1505 3960 ignis
1556 3870 1893 3963 aequalis

355 3986 903 4080 longitudinis,
984 3993 1066 4062 et
1152 3987 1629 4070 latitudinis,
1710 4009 1892 4061 cum

357 4105 665 4177 minore
701 4107 975 4177 tamen
1009 4103 1555 4196 spissitudine.
1606 4109 1892 4178 Secun-

353 4221 441 4293 da
492 4219 950 4314 suppositio
984 4225 1134 4303 est,
1177 4222 1383 4312 quod
1425 4221 1490 4292 si
1544 4221 1891 4311 alicujus

355 4337 665 4427 agentis
728 4355 889 4409 una
948 4357 1142 4430 pars
1195 4337 1302 4411 sit
1362 4338 1737 4418 nobilior,
1813 4344 1892 4413 et

354 4454 765 4530 efficacior
803 4453 988 4529 aliis
1041 4455 1135 4527 ad
1190 4456 1614 4545 agendum,
1675 4456 1891 4529 actio

356 4571 586 4644 istius
647 4572 967 4663 agentis
1020 4572 1416 4645 tribuitur
1483 4572 1601 4644 illi
1643 4572 1887 4665 parti,

358 4688 555 4764 sicut
590 4694 816 4783 patet
851 4690 930 4762 in
962 4690 1442 4771 viventibuS,
1482 4711 1671 4761 nam
1705 4690 1895 4782 quia

357 4808 620 4879 anima
710 4827 905 4899 pars
981 4809 1106 4880 est
1179 4806 1530 4877 nobilior
1603 4827 1894 4899 corpo-

358 4924 465 4994 ris
515 4923 884 5005 animati,
938 4928 1018 4997 et
1076 4922 1494 4996 efficacior
1553 4923 1647 4995 ad
1710 4944 1895 5015 ope-

360 5042 714 5125 randum,
761 5041 937 5133 jam
996 5040 1212 5116 actio
1279 5039 1656 5132 corporis
1725 5040 1895 5112 ani-

362 5158 550 5231 mati
635 5157 1131 5231 attribuitur
1196 5157 1521 5238 animam
1612 5155 1890 5229 eodem

361 5273 576 5343 modo
623 5275 748 5345 est
789 5270 880 5343 de
930 5272 1169 5343 corde
1216 5277 1588 5364 respectu
1654 5296 1892 5346 inem-

360 5386 685 5460 brorum
735 5387 1141 5481 corporis.
1197 5389 1470 5462 Tertia
1527 5393 1891 5483 supposi-

364 5501 468 5574 tio
498 5509 643 5585 est,
685 5505 894 5597 quod
931 5525 1231 5597 corpus
1275 5505 1621 5588 coeleste,
1680 5506 1891 5579 scili-

364 5624 480 5693 cet
510 5624 1053 5713 aggregatum
1094 5643 1193 5694 ex
1230 5622 1598 5694 omnibus
1643 5621 1891 5714 sphae-

3474 432 3548 495 ol

2020 597 2134 668 ris
2168 601 2291 670 est
2325 596 2908 689 quodammodo
2953 616 3200 687 agens
3249 596 3328 668 in
3378 596 3560 669 istis

2020 712 2581 795 inferioribuffi
2659 714 2870 788 istud
2923 718 3149 806 patet
3203 735 3300 785 ex
3373 732 3558 804 qua-

2015 830 2104 900 (la
2123 850 2197 899 m
2223 830 2665 920 quaestione
2698 831 3223 922 praecedente.
3251 833 3561 912 Quarta

2019 946 2477 1039 suppositio
2518 952 2669 1028 est,
2728 949 2933 1039 quod
2982 948 3359 1044 corporis
3411 969 3559 1020 coe-

2016 1062 2247 1136 lestis
2281 1085 2473 1157 pars
2495 1065 2870 1147 nobilior,
2898 1070 2977 1140 et
3010 1065 3424 1139 efficacior
3465 1066 3560 1137 ad

1979 1180 2415 1269 ·agendum
2463 1185 2590 1254 est
2631 1203 2930 1275 corpus
2993 1182 3229 1255 Solis.
3296 1184 3555 1264 Patet,

2017 1295 2201 1388 quia
2229 1296 2362 1369 Sol
2396 1302 2522 1370 est
2546 1302 2865 1371 astrum
2894 1299 3154 1389 magis
3178 1298 3554 1384 lucidum,

2014 1415 2096 1484 et
2144 1411 2536 1486 situatum
2586 1413 2665 1485 in
2718 1415 2973 1487 medio
3017 1414 3554 1507 sphaerarum,

2017 1530 2218 1600 unde
2277 1535 2404 1604 est
2458 1551 2650 1624 pars
2725 1528 3100 1604 nobilior.
3169 1535 3267 1605 Et
3340 1539 3558 1609 tenet

2016 1649 2600 1740 consequentia
2631 1672 2776 1744 per
2807 1652 3096 1731 simile,
3136 1652 3322 1743 quia
3353 1653 3559 1725 vidc-

2019 1782 2196 1836 mus
2234 1764 2312 1836 in
2346 1785 2696 1858 corporo
2729 1766 3109 1848 humano,
3158 1769 3362 1859 quod
3413 1788 3560 1840 cor

2014 1886 2140 1954 est
2182 1903 2374 1975 pars
2426 1884 2936 1957 nobilissima
2997 1885 3277 1978 ipsius,
3331 1890 3411 1959 et
3459 1885 3559 1958 si-

2016 2002 2301 2072 tuatur
2336 2000 2416 2072 in
2451 2002 2709 2074 medio
2747 2002 3026 2094 ipsius.
3076 2003 3291 2074 Tune
3333 2004 3424 2074 de
3459 2002 3557 2074 is·

2016 2116 2122 2189 tis
2163 2121 2386 2208 patet
2419 2139 2672 2209 quare
2706 2120 2841 2193 Sol
2879 2119 3139 2211 magis
3181 2118 3559 2193 calefacit

2016 2232 2175 2306 ista
2245 2232 2664 2317 inferiora,
2739 2255 2927 2308 nam
3006 2256 3149 2329 per
3217 2236 3555 2309 tertiam

2017 2347 2688 2441 suppositionem,
2763 2351 3052 2423 coelum
3128 2356 3252 2425 est
3322 2355 3557 2444 quod-

2013 2464 2195 2535 dam
2238 2485 2486 2555 agens
2525 2466 2863 2538 influens
2908 2467 2986 2539 in
3024 2467 3182 2541 ista
3233 2468 3557 2542 inferio-

2017 2600 2135 2660 ra,
2176 2583 2378 2673 quod
2410 2591 2570 2655 non
2603 2584 2774 2674 agit
2808 2584 3071 2657 solum
3122 2587 3557 2659 secundum

2017 2699 2557 2790 superficiem,
2641 2700 2803 2772 imo
2873 2703 3305 2775 secundum
3377 2724 3556 2795 pro-

2014 2811 2345 2885 fundum
2411 2834 2561 2906 per
2637 2816 2990 2908 primam
3071 2817 3554 2911 suppositio-

2015 2950 2223 3013 nem,
2288 2937 2367 3005 et
2431 2932 2605 3025 ejus
2669 2954 2860 3026 pars
2912 2934 3423 3008 nobilissima
3475 2939 3555 3010 et

2016 3049 2489 3138 perfe-tior,
2531 3052 2661 3124 vel
2709 3052 3125 3127 efficacior
3177 3055 3272 3126 ad
3322 3075 3556 3145 agen-

2012 3163 2199 3237 dum
2243 3170 2367 3240 est
2421 3168 2588 3247 Sol;
2656 3167 2912 3259 igitur
2971 3190 3116 3263 per
3176 3176 3552 3262 quartam

2015 3283 2685 3374 suppositionem,
2735 3286 2900 3358 Soli
2943 3287 3170 3360 debet
3213 3287 3552 3360 attribui

2012 3399 2228 3471 actio
2287 3401 2466 3474 coeli
2522 3422 2668 3494 per
2703 3404 3132 3475 secundam
3191 3403 3552 3496 supposi-

2012 3514 2344 3598 tionem,
2365 3520 2445 3591 et
2469 3537 2615 3610 per
2638 3539 3139 3610 consequens
3167 3518 3427 3609 magis
3456 3519 3552 3590 si-

2011 3632 2113 3714 bi,
2153 3654 2397 3726 quam
2431 3633 2678 3708 alicui
2712 3636 2958 3710 alteri
3017 3635 3358 3729 sphaerae
3403 3659 3550 3709 coe·

2012 3749 2228 3822 lesti.

2101 3871 2246 3943 Sed
2286 3869 2705 3947 dubitatur
2744 3870 2835 3943 de
2876 3871 3145 3964 prima
3186 3871 3548 3964 supposi-

2007 3985 2254 4070 tione,
2292 3986 2480 4079 quia
2521 3986 2591 4060 si
2623 3992 2901 4081 partes
2921 3986 3338 4081 profundae
3371 4007 3549 4079 age-

2011 4107 2216 4183 rent,
2265 4103 2637 4195 sequitur
2670 4103 2876 4196 quod
2911 4103 3174 4176 simile
3205 4104 3285 4176 in
3313 4125 3548 4175 suum

2009 4218 2275 4291 simile
2309 4220 2505 4311 agit.
2544 4225 3061 4313 Consequens
3095 4225 3218 4294 est
3253 4220 3552 4292 salsum

2007 4339 2071 4408 1.
2106 4340 2189 4406 de
2223 4340 2684 4407 Generacione.
2733 4337 3327 4430 Consequentia
3369 4358 3551 4429 pro-

2006 4453 2272 4536 batur,
2327 4452 2518 4548 quia
2567 4474 2759 4547 pars
2810 4455 3168 4528 existens
3232 4453 3311 4526 in
3371 4475 3552 4546 pro-

2007 4571 2248 4643 fundo
2317 4576 2604 4662 ageret
2654 4571 2733 4644 in
2793 4576 3113 4664 partem
3171 4571 3551 4645 remotio-

2010 4708 2208 4760 rem.

2097 4807 2211 4880 Ad
2254 4805 2463 4881 istud
2511 4804 2810 4881 dicitur
2850 4805 3212 4897 negando
3277 4825 3551 4879 conse-

2008 4923 2449 5015 quentiam,
2516 4924 2705 5015 quia
2762 4923 2979 4996 actio
3053 4922 3316 5015 partis
3371 4942 3550 5014 pro-

2006 5040 2265 5112 fundae
2325 5059 2490 5112 non
2556 5045 2680 5114 est
2753 5039 3143 5112 distincta
3201 5059 3248 5110 a
3318 5043 3550 5131 parte

3718 3901 3731 3930 l

3577 3922 3809 3998 Dubia-m
3842 3945 3859 3996 1
3875 3984 3892 4000 .

3620 4799 3844 4850 Solun'o.

2008 5156 2531 5249 superficiali,
2593 5156 2755 5228 imo
2808 5157 3086 5228 eadem
3161 5158 3286 5227 est
3333 5156 3549 5227 actio
3661 5215 3666 5222 .

2008 5273 2456 5366 utriusque.

2098 5391 2455 5462 Secundo
2476 5390 2898 5462 dubitatur
2921 5390 3016 5462 ad
3040 5388 3544 5480 aliquantam
3576 5423 3806 5473 Dum-„m
3835 5422 3891 5475 2,

2005 5506 2476 5580 distantiam
2515 5506 2593 5577 in
2628 5504 3023 5599 profundo
3069 5509 3432 5596 agerent,
3467 5508 3547 5576 et

2007 5623 2099 5694 ad
2151 5621 2655 5714 aliquantam
2699 5627 2906 5694 non?
2951 5622 3064 5692 Ad
3118 5620 3310 5692 illud
3355 5619 3544 5692 dici·
