4252 6393
696 406 810 474 192

678 577 1072 645 nerentur
1107 572 1366 665 plura,
1406 573 1620 647 sieut
1650 573 1827 654 duo,
1868 573 1983 647 ita
2018 575 2222 665 quod

683 688 953 779 imago
998 689 1399 782 replicata
1452 690 1529 761 in
1573 711 1731 763 uno
1779 710 2221 783 repraesen-

684 811 953 879 taretu
970 827 1008 877 r
1042 806 1121 878 in
1157 808 1496 899 reliquo,
1527 808 1778 880 adhue
1814 808 2030 881 forte
2062 828 2222 879 non

682 922 943 1013 possit
1009 923 1489 1016 deprehendi
1573 924 1724 998 iste
1802 945 2218 1005 excessus;

681 1044 761 1113 et
795 1039 863 1111 si
898 1040 1648 1133 multiplicarentur
1682 1042 1916 1134 plura
1948 1064 2224 1135 specu-

682 1155 761 1227 la
801 1156 1134 1237 duobus,
1189 1158 1315 1228 vel
1359 1158 1751 1250 pluribus,
1810 1164 2002 1233 tune
2064 1180 2224 1230 non

686 1272 946 1365 possit
1034 1274 1344 1366 species
1425 1275 1960 1368 multiplicari
2052 1276 2225 1347 sine

683 1388 1186 1462 confusione.

777 1507 887 1578 Aul
921 1505 1283 1588 tertiam,
1329 1511 1486 1597 quia
1533 1511 1733 1589 visae,
1776 1513 1929 1580 etc.
1970 1509 2226 1597 Nega-

687 1627 826 1697 tur
892 1624 1394 1698 antecedens.
1468 1624 1581 1697 Ad
1661 1624 2226 1716 probationem

684 1764 819 1810 non
838 1744 1127 1829 judicat,
1158 1744 1314 1815 etc.
1341 1741 1540 1813 Dico
1576 1742 1781 1832 quod
1817 1743 2004 1821 imo,
2043 1761 2227 1812 eum

682 1856 1076 1951 judicium
1122 1878 1358 1929 suum
1405 1878 1565 1929 non
1627 1857 1891 1950 possit
1950 1857 2042 1927 ad
2107 1861 2230 1930 tot

687 1973 1034 2055 extendi,
1083 1971 1249 2044 sive
1292 1973 1385 2045 ad
1456 1977 1579 2047 tot
1623 1972 2079 2053 terminari,
2132 1972 2229 2043 si-

688 2093 828 2162 cut
860 2088 1253 2181 judicium
1289 2089 1775 2164 intellectus.
1818 2090 2039 2162 Unde
2070 2109 2231 2161 non

692 2204 957 2277 solum
991 2205 1379 2277 animalia
1413 2204 2049 2299 apprehendunt,
2098 2206 2231 2276 sed

692 2342 875 2393 cum
947 2320 1097 2394 lioc
1139 2324 1638 2413 componunt
1701 2325 1780 2393 et
1839 2319 2226 2401 dividunt,

690 2442 775 2511 at
810 2438 1291 2519 assentiunt,
1321 2438 1447 2509 vel
1478 2436 1992 2519 dissentiunt,
2024 2422 2232 2528 quod

690 2574 850 2625 non
899 2554 1260 2627 facerent
1295 2553 1466 2625 sine
1491 2552 1824 2645 judicio.

419 1534 505 1586 Aa
538 1530 586 1583 3.

1140 2856 1604 2940 QUAESTIO
1654 2857 1789 2929 VI.

703 3056 937 3124 Utrum
986 3056 1061 3123 in
1092 3058 1519 3144 qeneralione
1596 3058 1764 3122 Halo
1829 3077 2044 3145 vapor
2100 3058 2237 3124 ins-

782 3176 1073 3263 pissalus
1104 3176 1574 3262 interponatur
1611 3176 1789 3242 inter
1827 3175 2040 3242 visum
2099 3199 2240 3242 nos-

806 3304 1003 3369 trum,
1040 3300 1100 3356 et
1130 3302 1315 3356 astra
1347 3290 1381 3356 5⁷

495 3524 539 3575 ι,
790 3487 1192 3578 Arguitur
1242 3485 1448 3576 quod
1497 3504 1681 3564 non,
1739 3483 1928 3574 quia
1986 3481 2053 3553 si
2097 3481 2238 3562 sic,

356 3585 652 3702 Αξξζῇζξζῑ·
705 3603 1077 3696 sequitur
1133 3602 1341 3694 quod
1385 3600 1590 3672 Halo
1643 3600 1749 3673 sit
1817 3599 2242 3671 coloratus

705 3719 844 3790 illo
899 3718 1160 3801 mode,
1236 3737 1391 3809 quo
1467 3714 1651 3787 Iris.
1726 3718 2244 3804 Consequens

700 3840 995 3910 contra
1053 3833 1671 3927 experientiam,
1719 3835 1798 3905 et
1849 3831 2248 3924 probatur

701 3951 1306 4044 consequentia,
1380 3949 1569 4041 quia
1628 3946 1949 4020 colores
2007 3946 2247 4018 Iridis

702 4073 1154 4142 causantur
1215 4088 1359 4161 per
1423 4065 1946 4138 reflexionem
2014 4062 2250 4134 lumi-

706 4184 833 4256 nis
867 4184 962 4256 ad
994 4203 1387 4276 vaporem
1431 4181 1992 4274 inspissatum.

803 4301 1188 4381 Secundo,
1264 4302 1748 4391 sequeretur
1814 4296 2021 4388 quod
2083 4295 2244 4374 Sol,

711 4417 839 4488 vel
872 4415 1087 4487 aliud
1120 4418 1465 4496 astrum,
1492 4413 1606 4487 ita
1631 4413 1837 4506 quod
1864 4412 1970 4485 sit
2005 4411 2242 4492 Halo,

711 4537 1156 4626 appareret
1215 4531 1668 4624 puniceum.
1723 4533 2241 4621 Consequens

707 4655 834 4724 est
886 4649 1209 4730 salsum,
1250 4647 1438 4740 quia
1474 4650 1819 4740 apparet
1853 4644 2248 4736 fulgidum

708 4773 789 4842 et
831 4765 1104 4839 album
1141 4791 1155 4847 ;
1189 4771 1269 4839 et
1319 4764 1720 4858 probatur
1758 4780 2250 4852 consequen-

708 4886 852 4968 tia,
910 4885 1098 4977 quia
1143 4882 1539 4973 fulgidum
1602 4880 1867 4951 visum
1937 4898 2081 4973 per
2140 4876 2255 4948 ni-

712 5021 954 5094 grum
989 5003 1333 5093 apparet
1385 4996 1840 5091 puniceum.

800 5117 1105 5198 Tertio,
1134 5118 1618 5209 sequeretur
1652 5114 1857 5205 quod
1890 5132 2048 5183 non
2085 5132 2257 5204 pos-

713 5255 986 5309 semus
1020 5234 1290 5305 videre
1326 5236 1671 5311 astrum,
1722 5230 1836 5302 ita
1879 5228 2086 5319 quod
2149 5227 2256 5300 sit

713 5351 947 5432 Halo,
986 5367 1486 5439 consequens
1520 5349 1812 5418 contra
1844 5342 2258 5436 experien-

711 5469 940 5542 tiam.
1009 5469 1109 5540 Et
1181 5463 1580 5557 probatur
1648 5459 2254 5550 consequentia,

718 5583 908 5676 quia
947 5601 1209 5674 vapor
1252 5577 1745 5672 inspissatus
1795 5580 1920 5650 est
1980 5575 2254 5657 nubeS,

352 4341 679 4392 Secundum.

391 5174 652 5225 Tertium.

1808 404 1963 475 L113.
2015 408 2111 477 ul.
2166 403 2707 478 Mss'rssouonuu

2336 596 2509 666 quae
2582 575 2954 666 prohibet
3029 576 3429 648 visionem
3496 574 3865 658 visibilis,

2340 691 2553 764 inter
2601 694 2805 784 quod
2846 699 2925 766 et
2967 694 3232 765 visum
3269 695 3630 788 ponitur.

2425 814 2761 891 Quarto,
2811 816 3292 902 sequeretur
3326 812 3531 903 quod
3558 815 3875 884 astrum
3932 828 4110 882 Quam.

2336 925 2562 999 circa
2640 927 2845 1017 quod
2914 926 3020 999 sit
3112 928 3346 1010 Halo,
3433 934 3873 1020 appareret

2339 1039 2555 1123 alibi,
2596 1063 2835 1133 quam
2890 1042 2957 1114 si
2999 1064 3157 1114 non
3213 1044 3321 1116 sit
3376 1044 3605 1116 Halo.
3680 1048 3875 1117 Con-

2340 1178 2682 1249 sequens
2718 1157 3041 1240 salsum,
3091 1160 3275 1251 quia
3322 1159 3388 1232 si
3422 1160 3886 1234 noteturlo·

2340 1295 2480 1345 cus
2515 1273 2749 1355 astri,
2806 1278 2885 1347 et
2944 1280 3226 1367 postea
3268 1281 3604 1350 notetur
3656 1276 3884 1348 loeus

2340 1390 2543 1483 ejus,
2644 1413 2827 1462 cum
2920 1392 3129 1464 Halo
3207 1393 3625 1474 defecerit,
3727 1412 3885 1463 non

2343 1502 2852 1576 inveniretur
2893 1503 3356 1584 diversitas,
3416 1505 3571 1575 nisi
3644 1523 3888 1594 quan-

2344 1624 2515 1691 tum
2577 1624 2891 1691 astrum
2939 1622 3394 1711 pertransit
3440 1624 3663 1693 motu
3711 1642 3885 1691 suo.

2347 1733 2755 1807 Probatur
2815 1738 3434 1827 consequentia,
3514 1738 3700 1828 quia
3768 1756 3889 1806 as-

2344 1854 2568 1923 trum
2603 1850 2795 1921 illu‹l
2842 1872 2985 1947 per
3018 1872 3410 1944 vaporem
3456 1850 3890 1943 interposi-

2347 1972 2519 2040 tum
2585 1966 2909 2039 videtur
2953 1989 3096 2059 per
3148 1968 3442 2040 lineam
3507 1968 3888 2047 fractam,

2344 2086 2423 2155 et
2488 2082 2648 2155 tale
2696 2082 3016 2156 videtur
3058 2084 3274 2166 alibi,
3334 2106 3574 2176 quam
3622 2085 3753 2165 sit,
3802 2086 3889 2155 ut

2348 2202 2569 2291 patet
2630 2220 2724 2270 ex
2765 2199 2992 2291 prius
3033 2201 3295 2273 dictis.

2437 2314 2760 2396 Quinto,
2791 2323 3277 2406 sequeretur
3312 2319 3516 2409 quod
3550 2317 3891 2407 gravius
3944 2331 4110 2386 Quium

2347 2450 2537 2502 aere
2607 2438 3121 2523 superstaret
3206 2455 3494 2506 aereus
3545 2461 3558 2504 :
3616 2456 3895 2506 eonse-

2350 2566 2597 2636 quens
2631 2546 2954 2628 falsum,
2994 2548 3175 2638 quia
3213 2571 3535 2642 semper
3558 2550 3901 2641 gravius

2348 2662 2752 2736 descendit
2787 2664 2862 2735 in
2887 2663 3304 2736 leviorem.
3337 2669 3434 2739 Et
3460 2670 3681 2759 patet
3713 2687 3903 2739 con·

2353 2780 2795 2872 sequentia,
2864 2783 3051 2873 quia
3099 2803 3358 2875 vapor
3400 2782 3901 2876 inspissatus

2351 2895 2692 2987 gravior
2732 2901 2856 2970 est
2890 2918 3077 2969 aere
3115 2918 3277 2969 non
3322 2897 3803 2991 inspissatO.

2441 3015 2720 3094 Sexto,
2821 3018 3304 3105 sequeretur
3388 3016 3593 3107 quod
3681 3015 3898 3087 Halo
3954 3031 4103 3081 secem

2355 3129 2667 3201 modico
2704 3135 3071 3224 tempore
3130 3131 3491 3214 duraret,
3538 3133 3741 3225 quod
3779 3136 3906 3206 est

2353 3246 2677 3318 falsum.
2772 3250 2872 3320 Et
2970 3253 3194 3340 patet
3280 3249 3899 3342 consequentia,

2356 3362 2543 3454 quia
2600 3383 2860 3454 vapor
2895 3363 3029 3435 ille
3063 3364 3229 3439 cito
3266 3372 3905 3441 consumeretur

2357 3500 2402 3551 a
2443 3479 2743 3551 labore.

2448 3597 2929 3688 Oppositum
2971 3603 3094 3672 est
3128 3600 3332 3691 apud
3368 3599 3906 3673 Aristotelem
3943 3609 4110 3673 Opimi

2359 3715 2433 3780 in
2467 3715 2586 3779 hoe
2634 3718 2848 3781 tertio.

2452 3830 2541 3899 In
2616 3828 2772 3902 ista
2842 3830 3291 3920 quaestione
3356 3832 3763 3906 videbitur
3816 3834 3909 3905 de

2360 3944 2630 4015 causis
2678 3944 2928 4037 ipsius
2992 3947 3224 4029 Halo,
3293 3948 3609 4022 seilicet
3656 3954 3912 4022 mate-

2364 4060 2550 4132 riali
2625 4066 2703 4134 et
2784 4061 3211 4144 efficiente,
3301 4064 3481 4136 <lein
3580 4065 3658 4137 in
3738 4066 3909 4138 alia

2366 4177 2810 4269 quaestione
2845 4179 3248 4253 videbitur
3287 4181 3377 4252 de
3410 4182 3583 4273 ejus
3608 4183 3793 4264 fine,
3832 4188 3914 4256 et

2365 4295 2806 4368 coloribus.

2721 4625 3149 4681 ARTICULUS
3184 4627 3475 4682 UNICUS.

2815 4801 2909 4865 De
2974 4802 3189 4866 causis
3269 4802 3460 4867 Halo.

2460 4999 2864 5076 Quantum
2925 4996 3017 5067 ad
3080 4995 3456 5087 primum,
3496 4998 3914 5073 sciendum
4035 5007 4107 5122 1⁰⁴2

2372 5113 2578 5203 quod
2646 5118 2835 5195 Halo,
2900 5118 3180 5186 Grraece
3246 5120 3369 5188 est
3427 5115 3630 5190 idem
3703 5075 4027 5211 (11101111α
4101 5089 4110 5132 ³

2370 5253 2638 5313 corona,
2687 5230 2884 5301 unde
2942 5231 3149 5302 Halo
3192 5238 3317 5305 est
3354 5232 3485 5305 ille
3544 5233 3913 5306 circulus

2372 5344 2645 5416 clarus
2711 5347 3184 5438 quandoque
3234 5368 3639 5443 apparens
3682 5352 3913 5426 circa

2376 5461 2674 5545 lunam,
2732 5464 3206 5555 quandoque
3239 5466 3462 5539 circa
3495 5467 3703 5540 alias
3753 5488 3917 5546 rna.-

2376 5597 2575 5671 gnas
2622 5580 2932 5661 stellas,
2994 5586 3073 5655 et
3150 5584 3621 5675 quandoque
3692 5584 3921 5658 circa
