<?xml version="1.0" encoding="UTF-8"?>
<!DOCTYPE html PUBLIC "-//W3C//DTD XHTML 1.0 Transitional//EN"
    "http://www.w3.org/TR/xhtml1/DTD/xhtml1-transitional.dtd">
<html xmlns="http://www.w3.org/1999/xhtml" xml:lang="en" lang="en">
 <head>
  <title>
</title>
<meta http-equiv="Content-Type" content="text/html;charset=utf-8" />
  <meta name='ocr-system' content='tesseract 3.04.00' />
  <meta name='ocr-capabilities' content='ocr_page ocr_carea ocr_par ocr_line ocrx_word'/>
</head>
<body>
  <div class='ocr_page' id='page_1' title='image "./joannisdunsscot03waddgoog_0391.png"; bbox 0 0 4252 6393; ppageno 0'>
   <div class='ocr_carea' id='block_1_1' title="bbox 182 5498 218 5550">
    <p class='ocr_par' dir='ltr' id='par_1_1' title="bbox 182 5498 218 5550">
     <span class='ocr_line' id='line_1_1' title="bbox 182 5498 218 5550; baseline 0.111 -4"><span class='ocrx_word' id='word_1_1' title='bbox 182 5498 218 5550; x_wconf 78' lang='lat'>2.</span> 
     </span>
    </p>
   </div>
   <div class='ocr_carea' id='block_1_2' title="bbox 1709 400 2249 477">
    <p class='ocr_par' dir='ltr' id='par_1_2' title="bbox 1709 400 2249 477">
     <span class='ocr_line' id='line_1_2' title="bbox 1709 400 2249 477; baseline 0 -12"><span class='ocrx_word' id='word_1_2' title='bbox 1709 400 2069 477; x_wconf 70' lang='lat' dir='ltr'>QUAESTIO</span> <span class='ocrx_word' id='word_1_3' title='bbox 2115 401 2249 465; x_wconf 84' lang='lat' dir='ltr'>vm</span> 
     </span>
    </p>
   </div>
   <div class='ocr_carea' id='block_1_3' title="bbox 337 560 1904 5689">
    <p class='ocr_par' dir='ltr' id='par_1_3' title="bbox 337 560 1885 2162">
     <span class='ocr_line' id='line_1_3' title="bbox 339 560 1877 654; baseline 0.001 -21"><span class='ocrx_word' id='word_1_4' title='bbox 339 561 429 634; x_wconf 94' lang='lat' dir='ltr'>do</span> <span class='ocrx_word' id='word_1_5' title='bbox 491 560 789 636; x_wconf 88' lang='lat' dir='ltr'>dicitur</span> <span class='ocrx_word' id='word_1_6' title='bbox 848 564 1055 654; x_wconf 89' lang='lat' dir='ltr'>quod</span> <span class='ocrx_word' id='word_1_7' title='bbox 1129 583 1270 635; x_wconf 92' lang='lat' dir='ltr'>ens</span> <span class='ocrx_word' id='word_1_8' title='bbox 1351 561 1738 637; x_wconf 88' lang='lat' dir='ltr'>dividitur</span> <span class='ocrx_word' id='word_1_9' title='bbox 1798 563 1877 635; x_wconf 92' lang='lat' dir='ltr'>in</span> 
     </span>
     <span class='ocr_line' id='line_1_4' title="bbox 337 680 1880 756; baseline 0.002 -6"><span class='ocrx_word' id='word_1_10' title='bbox 337 680 598 752; x_wconf 87' lang='lat' dir='ltr'>decem</span> <span class='ocrx_word' id='word_1_11' title='bbox 668 681 1334 755; x_wconf 84' lang='lat' dir='ltr'>Praedicamenta.</span> <span class='ocrx_word' id='word_1_12' title='bbox 1391 681 1670 756; x_wconf 89' lang='lat' dir='ltr'>Omnis</span> <span class='ocrx_word' id='word_1_13' title='bbox 1738 702 1880 753; x_wconf 91' lang='lat' dir='ltr'>au-</span> 
     </span>
     <span class='ocr_line' id='line_1_5' title="bbox 340 797 1876 880; baseline 0 -9"><span class='ocrx_word' id='word_1_14' title='bbox 340 802 494 871; x_wconf 93' lang='lat' dir='ltr'>tem</span> <span class='ocrx_word' id='word_1_15' title='bbox 553 802 966 880; x_wconf 85' lang='lat' dir='ltr'>creatura,</span> <span class='ocrx_word' id='word_1_16' title='bbox 1028 797 1157 870; x_wconf 92' lang='lat' dir='ltr'>vel</span> <span class='ocrx_word' id='word_1_17' title='bbox 1231 798 1612 880; x_wconf 81' lang='lat' dir='ltr'>essentia,</span> <span class='ocrx_word' id='word_1_18' title='bbox 1690 797 1876 871; x_wconf 91' lang='lat' dir='ltr'>dici·</span> 
     </span>
     <span class='ocr_line' id='line_1_6' title="bbox 338 916 1879 998; baseline -0.002 -8"><span class='ocrx_word' id='word_1_19' title='bbox 338 921 469 990; x_wconf 89' lang='lat' dir='ltr'>tur</span> <span class='ocrx_word' id='word_1_20' title='bbox 523 936 704 989; x_wconf 89' lang='lat' dir='ltr'>esse</span> <span class='ocrx_word' id='word_1_21' title='bbox 738 916 868 988; x_wconf 95' lang='lat' dir='ltr'>vel</span> <span class='ocrx_word' id='word_1_22' title='bbox 915 936 1058 988; x_wconf 90' lang='lat' dir='ltr'>ens</span> <span class='ocrx_word' id='word_1_23' title='bbox 1103 916 1265 990; x_wconf 87' lang='lat' dir='ltr'>isto</span> <span class='ocrx_word' id='word_1_24' title='bbox 1307 916 1566 998; x_wconf 92' lang='lat' dir='ltr'>modo,</span> <span class='ocrx_word' id='word_1_25' title='bbox 1603 936 1879 989; x_wconf 92' lang='lat' dir='ltr'>secun-</span> 
     </span>
     <span class='ocr_line' id='line_1_7' title="bbox 338 1031 1880 1126; baseline 0.001 -21"><span class='ocrx_word' id='word_1_26' title='bbox 338 1034 515 1105; x_wconf 92' lang='lat' dir='ltr'>dum</span> <span class='ocrx_word' id='word_1_27' title='bbox 610 1033 818 1125; x_wconf 90' lang='lat' dir='ltr'>quod</span> <span class='ocrx_word' id='word_1_28' title='bbox 910 1031 1151 1106; x_wconf 91' lang='lat' dir='ltr'>habet</span> <span class='ocrx_word' id='word_1_29' title='bbox 1263 1038 1688 1126; x_wconf 90' lang='lat' dir='ltr'>aspectum</span> <span class='ocrx_word' id='word_1_30' title='bbox 1783 1033 1880 1106; x_wconf 89' lang='lat' dir='ltr'>ad</span> 
     </span>
     <span class='ocr_line' id='line_1_8' title="bbox 338 1150 1875 1245; baseline 0.001 -22"><span class='ocrx_word' id='word_1_31' title='bbox 338 1151 609 1232; x_wconf 91' lang='lat' dir='ltr'>Deum,</span> <span class='ocrx_word' id='word_1_32' title='bbox 674 1153 760 1223; x_wconf 90' lang='lat' dir='ltr'>ut</span> <span class='ocrx_word' id='word_1_33' title='bbox 794 1150 890 1222; x_wconf 90' lang='lat' dir='ltr'>ad</span> <span class='ocrx_word' id='word_1_34' title='bbox 920 1171 1254 1225; x_wconf 90' lang='lat' dir='ltr'>causam</span> <span class='ocrx_word' id='word_1_35' title='bbox 1294 1152 1875 1245; x_wconf 71' lang='lat' dir='ltr'>exemplarem,</span> 
     </span>
     <span class='ocr_line' id='line_1_9' title="bbox 342 1266 1878 1359; baseline 0.001 -21"><span class='ocrx_word' id='word_1_36' title='bbox 342 1266 811 1359; x_wconf 82' lang='lat' dir='ltr'>inquantum</span> <span class='ocrx_word' id='word_1_37' title='bbox 881 1267 1195 1342; x_wconf 91' lang='lat' dir='ltr'>scilicet</span> <span class='ocrx_word' id='word_1_38' title='bbox 1270 1267 1512 1340; x_wconf 90' lang='lat' dir='ltr'>habet</span> <span class='ocrx_word' id='word_1_39' title='bbox 1573 1268 1652 1340; x_wconf 90' lang='lat' dir='ltr'>in</span> <span class='ocrx_word' id='word_1_40' title='bbox 1707 1269 1878 1343; x_wconf 90' lang='lat' dir='ltr'>Deo</span> 
     </span>
     <span class='ocr_line' id='line_1_10' title="bbox 342 1384 1882 1476; baseline 0.001 -20"><span class='ocrx_word' id='word_1_41' title='bbox 342 1384 616 1468; x_wconf 87' lang='lat' dir='ltr'>ideam,</span> <span class='ocrx_word' id='word_1_42' title='bbox 670 1385 1108 1457; x_wconf 90' lang='lat' dir='ltr'>secundum</span> <span class='ocrx_word' id='word_1_43' title='bbox 1171 1404 1415 1476; x_wconf 89' lang='lat' dir='ltr'>quam</span> <span class='ocrx_word' id='word_1_44' title='bbox 1478 1388 1605 1459; x_wconf 87' lang='lat' dir='ltr'>est</span> <span class='ocrx_word' id='word_1_45' title='bbox 1654 1384 1882 1460; x_wconf 85' lang='lat' dir='ltr'>facti-</span> 
     </span>
     <span class='ocr_line' id='line_1_11' title="bbox 343 1500 1880 1583; baseline 0.002 -11"><span class='ocrx_word' id='word_1_46' title='bbox 343 1500 560 1583; x_wconf 87' lang='lat' dir='ltr'>bilis;</span> <span class='ocrx_word' id='word_1_47' title='bbox 620 1504 704 1576; x_wconf 92' lang='lat' dir='ltr'>et</span> <span class='ocrx_word' id='word_1_48' title='bbox 760 1501 1192 1574; x_wconf 90' lang='lat' dir='ltr'>secundum</span> <span class='ocrx_word' id='word_1_49' title='bbox 1245 1501 1493 1575; x_wconf 88' lang='lat' dir='ltr'>istum</span> <span class='ocrx_word' id='word_1_50' title='bbox 1556 1501 1880 1575; x_wconf 91' lang='lat' dir='ltr'>modum</span> 
     </span>
     <span class='ocr_line' id='line_1_12' title="bbox 344 1618 1881 1712; baseline 0.001 -21"><span class='ocrx_word' id='word_1_51' title='bbox 344 1618 476 1691; x_wconf 87' lang='lat' dir='ltr'>illa</span> <span class='ocrx_word' id='word_1_52' title='bbox 540 1619 809 1692; x_wconf 90' lang='lat' dir='ltr'>solum</span> <span class='ocrx_word' id='word_1_53' title='bbox 894 1623 1080 1694; x_wconf 86' lang='lat' dir='ltr'>sunt</span> <span class='ocrx_word' id='word_1_54' title='bbox 1157 1641 1318 1693; x_wconf 91' lang='lat' dir='ltr'>non</span> <span class='ocrx_word' id='word_1_55' title='bbox 1384 1620 1631 1702; x_wconf 91' lang='lat' dir='ltr'>entia,</span> <span class='ocrx_word' id='word_1_56' title='bbox 1707 1639 1881 1712; x_wconf 87' lang='lat' dir='ltr'>quae</span> 
     </span>
     <span class='ocr_line' id='line_1_13' title="bbox 343 1735 1883 1811; baseline 0.002 -5"><span class='ocrx_word' id='word_1_57' title='bbox 343 1755 493 1808; x_wconf 90' lang='lat' dir='ltr'>non</span> <span class='ocrx_word' id='word_1_58' title='bbox 532 1735 833 1811; x_wconf 90' lang='lat' dir='ltr'>habent</span> <span class='ocrx_word' id='word_1_59' title='bbox 875 1737 953 1809; x_wconf 92' lang='lat' dir='ltr'>in</span> <span class='ocrx_word' id='word_1_60' title='bbox 1014 1737 1182 1811; x_wconf 93' lang='lat' dir='ltr'>Deo</span> <span class='ocrx_word' id='word_1_61' title='bbox 1227 1738 1636 1811; x_wconf 88' lang='lat' dir='ltr'>rationem</span> <span class='ocrx_word' id='word_1_62' title='bbox 1680 1736 1883 1810; x_wconf 90' lang='lat' dir='ltr'>idea-</span> 
     </span>
     <span class='ocr_line' id='line_1_14' title="bbox 342 1852 1879 1946; baseline 0 -22"><span class='ocrx_word' id='word_1_63' title='bbox 342 1853 516 1935; x_wconf 90' lang='lat' dir='ltr'>lem,</span> <span class='ocrx_word' id='word_1_64' title='bbox 562 1853 838 1946; x_wconf 89' lang='lat' dir='ltr'>qualia</span> <span class='ocrx_word' id='word_1_65' title='bbox 877 1857 1067 1928; x_wconf 90' lang='lat' dir='ltr'>sunt</span> <span class='ocrx_word' id='word_1_66' title='bbox 1104 1852 1644 1946; x_wconf 90' lang='lat' dir='ltr'>impossibilia</span> <span class='ocrx_word' id='word_1_67' title='bbox 1675 1873 1879 1936; x_wconf 89' lang='lat' dir='ltr'>esse,</span> 
     </span>
     <span class='ocr_line' id='line_1_15' title="bbox 343 1969 1885 2064; baseline 0.003 -24"><span class='ocrx_word' id='word_1_68' title='bbox 343 1969 462 2041; x_wconf 88' lang='lat' dir='ltr'>vel</span> <span class='ocrx_word' id='word_1_69' title='bbox 535 1970 949 2064; x_wconf 84' lang='lat' dir='ltr'>figmenta,</span> <span class='ocrx_word' id='word_1_70' title='bbox 1032 1976 1120 2046; x_wconf 91' lang='lat' dir='ltr'>ut</span> <span class='ocrx_word' id='word_1_71' title='bbox 1186 1970 1745 2064; x_wconf 88' lang='lat' dir='ltr'>Tragelaphus</span> <span class='ocrx_word' id='word_1_72' title='bbox 1803 1973 1885 2045; x_wconf 92' lang='lat' dir='ltr'>et</span> 
     </span>
     <span class='ocr_line' id='line_1_16' title="bbox 349 2086 669 2162; baseline -0.006 -1"><span class='ocrx_word' id='word_1_73' title='bbox 349 2086 669 2162; x_wconf 87' lang='lat' dir='ltr'>similia.</span> 
     </span>
    </p>

    <p class='ocr_par' dir='ltr' id='par_1_4' title="bbox 346 2203 1894 5436">
     <span class='ocr_line' id='line_1_17' title="bbox 429 2203 1884 2279; baseline -0.001 -1"><span class='ocrx_word' id='word_1_74' title='bbox 429 2203 609 2278; x_wconf 90' lang='lat' dir='ltr'>Alio</span> <span class='ocrx_word' id='word_1_75' title='bbox 662 2205 897 2278; x_wconf 91' lang='lat' dir='ltr'>modo</span> <span class='ocrx_word' id='word_1_76' title='bbox 927 2203 1229 2279; x_wconf 89' lang='lat' dir='ltr'>dicitur</span> <span class='ocrx_word' id='word_1_77' title='bbox 1281 2225 1410 2277; x_wconf 91' lang='lat' dir='ltr'>res</span> <span class='ocrx_word' id='word_1_78' title='bbox 1463 2225 1643 2277; x_wconf 89' lang='lat' dir='ltr'>esse</span> <span class='ocrx_word' id='word_1_79' title='bbox 1701 2204 1884 2277; x_wconf 91' lang='lat' dir='ltr'>sim-</span> 
     </span>
     <span class='ocr_line' id='line_1_18' title="bbox 351 2321 1885 2414; baseline -0.001 -22"><span class='ocrx_word' id='word_1_80' title='bbox 351 2321 691 2413; x_wconf 86' lang='lat' dir='ltr'>pliciter,</span> <span class='ocrx_word' id='word_1_81' title='bbox 793 2326 1121 2414; x_wconf 88' lang='lat' dir='ltr'>sumpto</span> <span class='ocrx_word' id='word_1_82' title='bbox 1217 2344 1353 2389; x_wconf 73' lang='lat' dir='ltr'>esse</span> <span class='ocrx_word' id='word_1_83' title='bbox 1447 2321 1885 2395; x_wconf 89' lang='lat' dir='ltr'>secundum</span> 
     </span>
     <span class='ocr_line' id='line_1_19' title="bbox 348 2438 1881 2533; baseline -0.004 -21"><span class='ocrx_word' id='word_1_84' title='bbox 348 2438 739 2533; x_wconf 83' lang='lat' dir='ltr'>adjacens,</span> <span class='ocrx_word' id='word_1_85' title='bbox 819 2442 908 2513; x_wconf 87' lang='lat' dir='ltr'>ut</span> <span class='ocrx_word' id='word_1_86' title='bbox 974 2458 1159 2511; x_wconf 92' lang='lat' dir='ltr'>cum</span> <span class='ocrx_word' id='word_1_87' title='bbox 1217 2438 1421 2519; x_wconf 94' lang='lat' dir='ltr'>dico,</span> <span class='ocrx_word' id='word_1_88' title='bbox 1501 2441 1693 2507; x_wconf 76' lang='lat' dir='ltr'>homo</span> <span class='ocrx_word' id='word_1_89' title='bbox 1767 2449 1881 2522; x_wconf 76' lang='lat' dir='ltr'>est,</span> 
     </span>
     <span class='ocr_line' id='line_1_20' title="bbox 346 2556 1882 2640; baseline 0.001 -14"><span class='ocrx_word' id='word_1_90' title='bbox 346 2556 463 2628; x_wconf 89' lang='lat' dir='ltr'>vel</span> <span class='ocrx_word' id='word_1_91' title='bbox 512 2580 671 2626; x_wconf 72' lang='lat' dir='ltr'>rosa</span> <span class='ocrx_word' id='word_1_92' title='bbox 700 2570 818 2640; x_wconf 73' lang='lat' dir='ltr'>esc,</span> <span class='ocrx_word' id='word_1_93' title='bbox 884 2561 965 2633; x_wconf 92' lang='lat' dir='ltr'>et</span> <span class='ocrx_word' id='word_1_94' title='bbox 1026 2556 1179 2629; x_wconf 90' lang='lat' dir='ltr'>hoc</span> <span class='ocrx_word' id='word_1_95' title='bbox 1252 2557 1556 2631; x_wconf 90' lang='lat' dir='ltr'>dicitur</span> <span class='ocrx_word' id='word_1_96' title='bbox 1603 2557 1695 2630; x_wconf 91' lang='lat' dir='ltr'>de</span> <span class='ocrx_word' id='word_1_97' title='bbox 1767 2576 1882 2638; x_wconf 87' lang='lat' dir='ltr'>re,</span> 
     </span>
     <span class='ocr_line' id='line_1_21' title="bbox 348 2673 1885 2768; baseline 0.001 -23"><span class='ocrx_word' id='word_1_98' title='bbox 348 2694 503 2746; x_wconf 88' lang='lat' dir='ltr'>non</span> <span class='ocrx_word' id='word_1_99' title='bbox 598 2695 744 2768; x_wconf 89' lang='lat' dir='ltr'>per</span> <span class='ocrx_word' id='word_1_100' title='bbox 840 2695 1074 2747; x_wconf 90' lang='lat' dir='ltr'>suam</span> <span class='ocrx_word' id='word_1_101' title='bbox 1153 2673 1653 2751; x_wconf 85' lang='lat' dir='ltr'>essentiam:</span> <span class='ocrx_word' id='word_1_102' title='bbox 1724 2694 1885 2746; x_wconf 91' lang='lat' dir='ltr'>non</span> 
     </span>
     <span class='ocr_line' id='line_1_22' title="bbox 348 2790 1889 2872; baseline -0.001 -9"><span class='ocrx_word' id='word_1_103' title='bbox 348 2791 552 2864; x_wconf 91' lang='lat' dir='ltr'>enim</span> <span class='ocrx_word' id='word_1_104' title='bbox 593 2791 840 2865; x_wconf 88' lang='lat' dir='ltr'>homo</span> <span class='ocrx_word' id='word_1_105' title='bbox 896 2790 1406 2867; x_wconf 81' lang='lat' dir='ltr'>humanitate</span> <span class='ocrx_word' id='word_1_106' title='bbox 1470 2794 1622 2872; x_wconf 87' lang='lat' dir='ltr'>est,</span> <span class='ocrx_word' id='word_1_107' title='bbox 1695 2790 1889 2862; x_wconf 87' lang='lat' dir='ltr'>alio·</span> 
     </span>
     <span class='ocr_line' id='line_1_23' title="bbox 352 2908 1890 3003; baseline 0.001 -24"><span class='ocrx_word' id='word_1_108' title='bbox 352 2909 531 2999; x_wconf 90' lang='lat' dir='ltr'>quin</span> <span class='ocrx_word' id='word_1_109' title='bbox 570 2908 817 2983; x_wconf 88' lang='lat' dir='ltr'>homo</span> <span class='ocrx_word' id='word_1_110' title='bbox 851 2930 1176 3003; x_wconf 88' lang='lat' dir='ltr'>semper</span> <span class='ocrx_word' id='word_1_111' title='bbox 1205 2913 1422 2983; x_wconf 91' lang='lat' dir='ltr'>esset</span> <span class='ocrx_word' id='word_1_112' title='bbox 1454 2912 1669 2990; x_wconf 90' lang='lat' dir='ltr'>actu,</span> <span class='ocrx_word' id='word_1_113' title='bbox 1704 2928 1890 2982; x_wconf 92' lang='lat' dir='ltr'>cum</span> 
     </span>
     <span class='ocr_line' id='line_1_24' title="bbox 352 3022 1891 3119; baseline 0.001 -25"><span class='ocrx_word' id='word_1_114' title='bbox 352 3023 584 3099; x_wconf 91' lang='lat' dir='ltr'>homo</span> <span class='ocrx_word' id='word_1_115' title='bbox 645 3045 970 3119; x_wconf 80' lang='lat' dir='ltr'>semper</span> <span class='ocrx_word' id='word_1_116' title='bbox 1036 3025 1146 3099; x_wconf 91' lang='lat' dir='ltr'>sit</span> <span class='ocrx_word' id='word_1_117' title='bbox 1202 3024 1492 3106; x_wconf 89' lang='lat' dir='ltr'>homo;</span> <span class='ocrx_word' id='word_1_118' title='bbox 1540 3023 1674 3097; x_wconf 89' lang='lat' dir='ltr'>sed</span> <span class='ocrx_word' id='word_1_119' title='bbox 1703 3022 1891 3097; x_wconf 93' lang='lat' dir='ltr'>dici-</span> 
     </span>
     <span class='ocr_line' id='line_1_25' title="bbox 355 3142 1890 3235; baseline -0.003 -18"><span class='ocrx_word' id='word_1_120' title='bbox 355 3146 483 3217; x_wconf 88' lang='lat' dir='ltr'>tur</span> <span class='ocrx_word' id='word_1_121' title='bbox 546 3163 753 3226; x_wconf 92' lang='lat' dir='ltr'>esse,</span> <span class='ocrx_word' id='word_1_122' title='bbox 818 3142 1300 3235; x_wconf 81' lang='lat' dir='ltr'>inquantum</span> <span class='ocrx_word' id='word_1_123' title='bbox 1367 3145 1493 3218; x_wconf 92' lang='lat' dir='ltr'>est</span> <span class='ocrx_word' id='word_1_124' title='bbox 1559 3143 1890 3218; x_wconf 81' lang='lat' dir='ltr'>effectus</span> 
     </span>
     <span class='ocr_line' id='line_1_26' title="bbox 353 3259 1892 3355; baseline -0.001 -22"><span class='ocrx_word' id='word_1_125' title='bbox 353 3261 515 3345; x_wconf 92' lang='lat' dir='ltr'>Dei,</span> <span class='ocrx_word' id='word_1_126' title='bbox 556 3261 684 3333; x_wconf 93' lang='lat' dir='ltr'>vel</span> <span class='ocrx_word' id='word_1_127' title='bbox 717 3259 1064 3355; x_wconf 89' lang='lat' dir='ltr'>alicujus</span> <span class='ocrx_word' id='word_1_128' title='bbox 1102 3259 1647 3353; x_wconf 87' lang='lat' dir='ltr'>producentis,</span> <span class='ocrx_word' id='word_1_129' title='bbox 1703 3259 1892 3351; x_wconf 89' lang='lat' dir='ltr'>quia</span> 
     </span>
     <span class='ocr_line' id='line_1_27' title="bbox 356 3376 1892 3471; baseline -0.002 -20"><span class='ocrx_word' id='word_1_130' title='bbox 356 3398 492 3471; x_wconf 88' lang='lat' dir='ltr'>per</span> <span class='ocrx_word' id='word_1_131' title='bbox 528 3378 937 3454; x_wconf 81' lang='lat' dir='ltr'>actionem</span> <span class='ocrx_word' id='word_1_132' title='bbox 979 3378 1338 3470; x_wconf 87' lang='lat' dir='ltr'>aliquam</span> <span class='ocrx_word' id='word_1_133' title='bbox 1397 3376 1533 3450; x_wconf 91' lang='lat' dir='ltr'>dat</span> <span class='ocrx_word' id='word_1_134' title='bbox 1580 3376 1655 3448; x_wconf 90' lang='lat' dir='ltr'>ei</span> <span class='ocrx_word' id='word_1_135' title='bbox 1712 3396 1892 3449; x_wconf 92' lang='lat' dir='ltr'>esse</span> 
     </span>
     <span class='ocr_line' id='line_1_28' title="bbox 356 3493 1892 3578; baseline -0.001 -11"><span class='ocrx_word' id='word_1_136' title='bbox 356 3495 687 3578; x_wconf 86' lang='lat' dir='ltr'>actuale,</span> <span class='ocrx_word' id='word_1_137' title='bbox 761 3516 923 3569; x_wconf 91' lang='lat' dir='ltr'>non</span> <span class='ocrx_word' id='word_1_138' title='bbox 981 3515 1161 3567; x_wconf 92' lang='lat' dir='ltr'>esse</span> <span class='ocrx_word' id='word_1_139' title='bbox 1226 3493 1649 3576; x_wconf 78' lang='lat' dir='ltr'>essentiae3</span> <span class='ocrx_word' id='word_1_140' title='bbox 1721 3494 1892 3565; x_wconf 91' lang='lat' dir='ltr'>nul-</span> 
     </span>
     <span class='ocr_line' id='line_1_29' title="bbox 353 3609 1893 3701; baseline -0.001 -19"><span class='ocrx_word' id='word_1_141' title='bbox 353 3611 502 3683; x_wconf 90' lang='lat' dir='ltr'>lius</span> <span class='ocrx_word' id='word_1_142' title='bbox 540 3612 755 3685; x_wconf 91' lang='lat' dir='ltr'>enim</span> <span class='ocrx_word' id='word_1_143' title='bbox 788 3614 1021 3686; x_wconf 90' lang='lat' dir='ltr'>actus</span> <span class='ocrx_word' id='word_1_144' title='bbox 1066 3609 1466 3684; x_wconf 85' lang='lat' dir='ltr'>terminus</span> <span class='ocrx_word' id='word_1_145' title='bbox 1499 3612 1649 3691; x_wconf 90' lang='lat' dir='ltr'>est,</span> <span class='ocrx_word' id='word_1_146' title='bbox 1687 3609 1893 3701; x_wconf 88' lang='lat' dir='ltr'>quod</span> 
     </span>
     <span class='ocr_line' id='line_1_30' title="bbox 356 3724 1892 3810; baseline -0.001 -10"><span class='ocrx_word' id='word_1_147' title='bbox 356 3726 587 3803; x_wconf 87' lang='lat' dir='ltr'>homo</span> <span class='ocrx_word' id='word_1_148' title='bbox 630 3730 739 3804; x_wconf 90' lang='lat' dir='ltr'>sit</span> <span class='ocrx_word' id='word_1_149' title='bbox 796 3729 1070 3810; x_wconf 92' lang='lat' dir='ltr'>homo,</span> <span class='ocrx_word' id='word_1_150' title='bbox 1142 3746 1327 3800; x_wconf 92' lang='lat' dir='ltr'>cum</span> <span class='ocrx_word' id='word_1_151' title='bbox 1385 3725 1678 3800; x_wconf 88' lang='lat' dir='ltr'>habeat</span> <span class='ocrx_word' id='word_1_152' title='bbox 1738 3724 1892 3798; x_wconf 91' lang='lat' dir='ltr'>hoc</span> 
     </span>
     <span class='ocr_line' id='line_1_31' title="bbox 356 3841 1892 3939; baseline -0.003 -21"><span class='ocrx_word' id='word_1_153' title='bbox 356 3865 498 3939; x_wconf 87' lang='lat' dir='ltr'>per</span> <span class='ocrx_word' id='word_1_154' title='bbox 572 3845 1017 3921; x_wconf 85' lang='lat' dir='ltr'>essentiam</span> <span class='ocrx_word' id='word_1_155' title='bbox 1098 3863 1355 3924; x_wconf 92' lang='lat' dir='ltr'>suam,</span> <span class='ocrx_word' id='word_1_156' title='bbox 1450 3843 1585 3915; x_wconf 93' lang='lat' dir='ltr'>sed</span> <span class='ocrx_word' id='word_1_157' title='bbox 1684 3841 1892 3933; x_wconf 89' lang='lat' dir='ltr'>quod</span> 
     </span>
     <span class='ocr_line' id='line_1_32' title="bbox 352 3959 1891 4043; baseline -0.002 -10"><span class='ocrx_word' id='word_1_158' title='bbox 352 3960 587 4035; x_wconf 94' lang='lat' dir='ltr'>homo</span> <span class='ocrx_word' id='word_1_159' title='bbox 682 3967 870 4037; x_wconf 90' lang='lat' dir='ltr'>actu</span> <span class='ocrx_word' id='word_1_160' title='bbox 925 3962 1060 4043; x_wconf 90' lang='lat' dir='ltr'>sit,</span> <span class='ocrx_word' id='word_1_161' title='bbox 1134 3959 1287 4032; x_wconf 91' lang='lat' dir='ltr'>hoc</span> <span class='ocrx_word' id='word_1_162' title='bbox 1363 3962 1490 4034; x_wconf 91' lang='lat' dir='ltr'>est</span> <span class='ocrx_word' id='word_1_163' title='bbox 1548 3978 1595 4029; x_wconf 92' lang='lat' dir='ltr'>a</span> <span class='ocrx_word' id='word_1_164' title='bbox 1670 3977 1891 4031; x_wconf 89' lang='lat' dir='ltr'>crea-</span> 
     </span>
     <span class='ocr_line' id='line_1_33' title="bbox 355 4073 1894 4168; baseline -0.002 -17"><span class='ocrx_word' id='word_1_165' title='bbox 355 4078 593 4162; x_wconf 87' lang='lat' dir='ltr'>tione,</span> <span class='ocrx_word' id='word_1_166' title='bbox 717 4078 845 4152; x_wconf 91' lang='lat' dir='ltr'>vel</span> <span class='ocrx_word' id='word_1_167' title='bbox 963 4098 1011 4149; x_wconf 92' lang='lat' dir='ltr'>a</span> <span class='ocrx_word' id='word_1_168' title='bbox 1114 4073 1668 4168; x_wconf 77' lang='lat' dir='ltr'>generatione.</span> <span class='ocrx_word' id='word_1_169' title='bbox 1790 4075 1894 4149; x_wconf 84' lang='lat' dir='ltr'>Et</span> 
     </span>
     <span class='ocr_line' id='line_1_34' title="bbox 354 4194 1891 4283; baseline -0.001 -17"><span class='ocrx_word' id='word_1_170' title='bbox 354 4195 559 4270; x_wconf 90' lang='lat' dir='ltr'>istud</span> <span class='ocrx_word' id='word_1_171' title='bbox 628 4220 763 4266; x_wconf 76' lang='lat' dir='ltr'>esse</span> <span class='ocrx_word' id='word_1_172' title='bbox 828 4194 1126 4267; x_wconf 91' lang='lat' dir='ltr'>habent</span> <span class='ocrx_word' id='word_1_173' title='bbox 1206 4196 1640 4273; x_wconf 79' lang='lat' dir='ltr'>creaturae,</span> <span class='ocrx_word' id='word_1_174' title='bbox 1714 4211 1891 4283; x_wconf 86' lang='lat' dir='ltr'>quae</span> 
     </span>
     <span class='ocr_line' id='line_1_35' title="bbox 354 4306 1891 4405; baseline -0.005 -20"><span class='ocrx_word' id='word_1_175' title='bbox 354 4314 789 4405; x_wconf 90' lang='lat' dir='ltr'>procedunt</span> <span class='ocrx_word' id='word_1_176' title='bbox 902 4310 1032 4382; x_wconf 93' lang='lat' dir='ltr'>vel</span> <span class='ocrx_word' id='word_1_177' title='bbox 1153 4308 1651 4389; x_wconf 89' lang='lat' dir='ltr'>immediate,</span> <span class='ocrx_word' id='word_1_178' title='bbox 1762 4306 1891 4379; x_wconf 93' lang='lat' dir='ltr'>vel</span> 
     </span>
     <span class='ocr_line' id='line_1_36' title="bbox 354 4422 1888 4517; baseline -0.005 -16"><span class='ocrx_word' id='word_1_179' title='bbox 354 4428 882 4503; x_wconf 85' lang='lat' dir='ltr'>mediantibus</span> <span class='ocrx_word' id='word_1_180' title='bbox 1007 4423 1436 4517; x_wconf 85' lang='lat' dir='ltr'>agentibus</span> <span class='ocrx_word' id='word_1_181' title='bbox 1555 4422 1888 4505; x_wconf 88' lang='lat' dir='ltr'>creatis,</span> 
     </span>
     <span class='ocr_line' id='line_1_37' title="bbox 355 4539 1892 4639; baseline -0.003 -24"><span class='ocrx_word' id='word_1_182' title='bbox 355 4549 436 4619; x_wconf 92' lang='lat' dir='ltr'>ut</span> <span class='ocrx_word' id='word_1_183' title='bbox 516 4543 963 4639; x_wconf 87' lang='lat' dir='ltr'>respiciunt</span> <span class='ocrx_word' id='word_1_184' title='bbox 1054 4543 1313 4617; x_wconf 90' lang='lat' dir='ltr'>Deum</span> <span class='ocrx_word' id='word_1_185' title='bbox 1410 4540 1492 4612; x_wconf 92' lang='lat' dir='ltr'>in</span> <span class='ocrx_word' id='word_1_186' title='bbox 1571 4539 1892 4614; x_wconf 87' lang='lat' dir='ltr'>ratione</span> 
     </span>
     <span class='ocr_line' id='line_1_38' title="bbox 351 4656 1892 4735; baseline -0.003 -3"><span class='ocrx_word' id='word_1_187' title='bbox 351 4680 611 4735; x_wconf 82' lang='lat' dir='ltr'>causae</span> <span class='ocrx_word' id='word_1_188' title='bbox 702 4658 1157 4734; x_wconf 84' lang='lat' dir='ltr'>efficientis.</span> <span class='ocrx_word' id='word_1_189' title='bbox 1267 4660 1367 4731; x_wconf 84' lang='lat' dir='ltr'>Et</span> <span class='ocrx_word' id='word_1_190' title='bbox 1457 4656 1892 4730; x_wconf 92' lang='lat' dir='ltr'>secundum</span> 
     </span>
     <span class='ocr_line' id='line_1_39' title="bbox 356 4773 1891 4852; baseline -0.003 -4"><span class='ocrx_word' id='word_1_191' title='bbox 356 4775 597 4852; x_wconf 88' lang='lat' dir='ltr'>istum</span> <span class='ocrx_word' id='word_1_192' title='bbox 738 4778 1063 4849; x_wconf 90' lang='lat' dir='ltr'>modum</span> <span class='ocrx_word' id='word_1_193' title='bbox 1206 4773 1587 4847; x_wconf 90' lang='lat' dir='ltr'>dicuntur</span> <span class='ocrx_word' id='word_1_194' title='bbox 1728 4791 1891 4845; x_wconf 91' lang='lat' dir='ltr'>non</span> 
     </span>
     <span class='ocr_line' id='line_1_40' title="bbox 351 4887 1894 4982; baseline -0.005 -15"><span class='ocrx_word' id='word_1_195' title='bbox 351 4896 588 4976; x_wconf 84' lang='lat' dir='ltr'>entia,</span> <span class='ocrx_word' id='word_1_196' title='bbox 704 4914 865 4967; x_wconf 90' lang='lat' dir='ltr'>non</span> <span class='ocrx_word' id='word_1_197' title='bbox 970 4891 1237 4964; x_wconf 90' lang='lat' dir='ltr'>solum</span> <span class='ocrx_word' id='word_1_198' title='bbox 1352 4887 1894 4982; x_wconf 78' lang='lat' dir='ltr'>impossibilia</span> 
     </span>
     <span class='ocr_line' id='line_1_41' title="bbox 354 5006 1893 5097; baseline -0.004 -16"><span class='ocrx_word' id='word_1_199' title='bbox 354 5009 551 5094; x_wconf 85' lang='lat' dir='ltr'>fieri,</span> <span class='ocrx_word' id='word_1_200' title='bbox 616 5010 748 5083; x_wconf 88' lang='lat' dir='ltr'>sed</span> <span class='ocrx_word' id='word_1_201' title='bbox 817 5008 1063 5082; x_wconf 91' lang='lat' dir='ltr'>etiam</span> <span class='ocrx_word' id='word_1_202' title='bbox 1124 5006 1289 5087; x_wconf 91' lang='lat' dir='ltr'>illa,</span> <span class='ocrx_word' id='word_1_203' title='bbox 1374 5024 1552 5097; x_wconf 74' lang='lat' dir='ltr'>quae</span> <span class='ocrx_word' id='word_1_204' title='bbox 1619 5024 1893 5077; x_wconf 90' lang='lat' dir='ltr'>sccun-</span> 
     </span>
     <span class='ocr_line' id='line_1_42' title="bbox 354 5122 1891 5219; baseline -0.004 -20"><span class='ocrx_word' id='word_1_205' title='bbox 354 5128 530 5202; x_wconf 85' lang='lat' dir='ltr'>dum</span> <span class='ocrx_word' id='word_1_206' title='bbox 600 5129 919 5201; x_wconf 92' lang='lat' dir='ltr'>modum</span> <span class='ocrx_word' id='word_1_207' title='bbox 1005 5127 1348 5219; x_wconf 82' lang='lat' dir='ltr'>possunt</span> <span class='ocrx_word' id='word_1_208' title='bbox 1413 5122 1571 5196; x_wconf 92' lang='lat' dir='ltr'>dici</span> <span class='ocrx_word' id='word_1_209' title='bbox 1645 5122 1891 5205; x_wconf 88' lang='lat' dir='ltr'>entia,</span> 
     </span>
     <span class='ocr_line' id='line_1_43' title="bbox 358 5239 1892 5336; baseline -0.004 -20"><span class='ocrx_word' id='word_1_210' title='bbox 358 5250 437 5318; x_wconf 82' lang='lat' dir='ltr'>ut</span> <span class='ocrx_word' id='word_1_211' title='bbox 477 5266 669 5320; x_wconf 90' lang='lat' dir='ltr'>rosa</span> <span class='ocrx_word' id='word_1_212' title='bbox 701 5248 1121 5336; x_wconf 86' lang='lat' dir='ltr'>corrupta,</span> <span class='ocrx_word' id='word_1_213' title='bbox 1161 5240 1599 5313; x_wconf 84' lang='lat' dir='ltr'>secundum</span> <span class='ocrx_word' id='word_1_214' title='bbox 1646 5239 1892 5311; x_wconf 92' lang='lat' dir='ltr'>istum</span> 
     </span>
     <span class='ocr_line' id='line_1_44' title="bbox 361 5364 1262 5436; baseline -0.007 -3"><span class='ocrx_word' id='word_1_215' title='bbox 361 5364 671 5436; x_wconf 90' lang='lat' dir='ltr'>modum</span> <span class='ocrx_word' id='word_1_216' title='bbox 715 5383 874 5433; x_wconf 91' lang='lat' dir='ltr'>non</span> <span class='ocrx_word' id='word_1_217' title='bbox 914 5365 1038 5433; x_wconf 85' lang='lat' dir='ltr'>est</span> <span class='ocrx_word' id='word_1_218' title='bbox 1095 5379 1262 5431; x_wconf 89' lang='lat' dir='ltr'>ens.</span> 
     </span>
    </p>

    <p class='ocr_par' dir='ltr' id='par_1_5' title="bbox 365 5473 1904 5689">
     <span class='ocr_line' id='line_1_45' title="bbox 426 5473 1896 5574; baseline -0.005 -22"><span class='ocrx_word' id='word_1_219' title='bbox 426 5483 539 5552; x_wconf 80' lang='lat' dir='ltr'>Ex</span> <span class='ocrx_word' id='word_1_220' title='bbox 589 5501 743 5574; x_wconf 92' lang='lat' dir='ltr'>quo</span> <span class='ocrx_word' id='word_1_221' title='bbox 795 5482 922 5553; x_wconf 91' lang='lat' dir='ltr'>est</span> <span class='ocrx_word' id='word_1_222' title='bbox 953 5475 1532 5550; x_wconf 84' lang='lat' dir='ltr'>advertendum</span> <span class='ocrx_word' id='word_1_223' title='bbox 1564 5473 1896 5565; x_wconf 88' lang='lat' dir='ltr'>diligen-</span> 
     </span>
     <span class='ocr_line' id='line_1_46' title="bbox 365 5588 1904 5689; baseline -0.005 -20"><span class='ocrx_word' id='word_1_224' title='bbox 365 5597 508 5679; x_wconf 87' lang='lat' dir='ltr'>ter,</span> <span class='ocrx_word' id='word_1_225' title='bbox 557 5595 761 5689; x_wconf 86' lang='lat' dir='ltr'>quod</span> <span class='ocrx_word' id='word_1_226' title='bbox 841 5614 1026 5669; x_wconf 91' lang='lat' dir='ltr'>cum</span> <span class='ocrx_word' id='word_1_227' title='bbox 1093 5591 1270 5674; x_wconf 91' lang='lat' dir='ltr'>hoc,</span> <span class='ocrx_word' id='word_1_228' title='bbox 1354 5588 1566 5683; x_wconf 90' lang='lat' dir='ltr'>quod</span> <span class='ocrx_word' id='word_1_229' title='bbox 1636 5588 1904 5669; x_wconf 84' lang='lat' dir='ltr'>Philo.</span> 
     </span>
    </p>
   </div>
   <div class='ocr_carea' id='block_1_4' title="bbox 3443 413 3563 477">
    <p class='ocr_par' dir='ltr' id='par_1_6' title="bbox 3443 413 3563 477">
     <span class='ocr_line' id='line_1_47' title="bbox 3443 413 3563 477; baseline -0.017 1"><span class='ocrx_word' id='word_1_230' title='bbox 3443 413 3563 477; x_wconf 84' lang='lat'>365</span> 
     </span>
    </p>
   </div>
   <div class='ocr_carea' id='block_1_5' title="bbox 1988 563 3652 3104">
    <p class='ocr_par' dir='ltr' id='par_1_7' title="bbox 1988 563 3652 3104">
     <span class='ocr_line' id='line_1_48' title="bbox 1990 563 3529 658; baseline 0.008 -23"><span class='ocrx_word' id='word_1_231' title='bbox 1990 564 2225 658; x_wconf 90' lang='lat' dir='ltr'>sophi</span> <span class='ocrx_word' id='word_1_232' title='bbox 2260 563 2359 637; x_wconf 92' lang='lat' dir='ltr'>ab</span> <span class='ocrx_word' id='word_1_233' title='bbox 2399 566 2675 639; x_wconf 89' lang='lat' dir='ltr'>eodem</span> <span class='ocrx_word' id='word_1_234' title='bbox 2733 568 3005 644; x_wconf 88' lang='lat' dir='ltr'>dicant</span> <span class='ocrx_word' id='word_1_235' title='bbox 3076 592 3249 646; x_wconf 90' lang='lat' dir='ltr'>rem</span> <span class='ocrx_word' id='word_1_236' title='bbox 3325 595 3529 656; x_wconf 88' lang='lat' dir='ltr'>esse,</span> 
     </span>
     <span class='ocr_line' id='line_1_49' title="bbox 1988 682 3536 779; baseline 0.006 -25"><span class='ocrx_word' id='word_1_237' title='bbox 1988 687 2068 757; x_wconf 93' lang='lat' dir='ltr'>et</span> <span class='ocrx_word' id='word_1_238' title='bbox 2108 704 2288 757; x_wconf 90' lang='lat' dir='ltr'>esse</span> <span class='ocrx_word' id='word_1_239' title='bbox 2319 682 2549 766; x_wconf 86' lang='lat' dir='ltr'>hanc,</span> <span class='ocrx_word' id='word_1_240' title='bbox 2598 685 2787 777; x_wconf 83' lang='lat' dir='ltr'>quia</span> <span class='ocrx_word' id='word_1_241' title='bbox 2829 687 3202 779; x_wconf 66' lang='lat' dir='ltr'>quaelibet</span> <span class='ocrx_word' id='word_1_242' title='bbox 3247 711 3376 762; x_wconf 91' lang='lat' dir='ltr'>res</span> <span class='ocrx_word' id='word_1_243' title='bbox 3410 695 3536 765; x_wconf 90' lang='lat' dir='ltr'>est</span> 
     </span>
     <span class='ocr_line' id='line_1_50' title="bbox 1990 798 3536 894; baseline 0.008 -25"><span class='ocrx_word' id='word_1_244' title='bbox 1990 798 2161 873; x_wconf 77' lang='lat' dir='ltr'>haec</span> <span class='ocrx_word' id='word_1_245' title='bbox 2220 821 2368 894; x_wconf 84' lang='lat' dir='ltr'>per</span> <span class='ocrx_word' id='word_1_246' title='bbox 2429 822 2659 874; x_wconf 85' lang='lat' dir='ltr'>suam</span> <span class='ocrx_word' id='word_1_247' title='bbox 2720 805 3162 878; x_wconf 88' lang='lat' dir='ltr'>essentiam</span> <span class='ocrx_word' id='word_1_248' title='bbox 3218 812 3299 882; x_wconf 90' lang='lat' dir='ltr'>et</span> <span class='ocrx_word' id='word_1_249' title='bbox 3368 828 3536 881; x_wconf 88' lang='lat' dir='ltr'>ma-</span> 
     </span>
     <span class='ocr_line' id='line_1_51' title="bbox 1990 915 3652 1014; baseline 0.005 -24"><span class='ocrx_word' id='word_1_250' title='bbox 1990 915 2316 997; x_wconf 81' lang='lat' dir='ltr'>teriam,</span> <span class='ocrx_word' id='word_1_251' title='bbox 2376 916 2491 990; x_wconf 88' lang='lat' dir='ltr'>ita</span> <span class='ocrx_word' id='word_1_252' title='bbox 2532 917 2806 994; x_wconf 92' lang='lat' dir='ltr'>dicunt</span> <span class='ocrx_word' id='word_1_253' title='bbox 2885 922 3089 1013; x_wconf 93' lang='lat' dir='ltr'>quod</span> <span class='ocrx_word' id='word_1_254' title='bbox 3159 923 3537 1014; x_wconf 79' lang='lat' dir='ltr'>quaelibet</span> <span class='ocrx_word' id='word_1_255' title='bbox 3651 979 3652 984; x_wconf 10' lang='grc' dir='ltr'><strong><em>Ν</em></strong></span> 
     </span>
     <span class='ocr_line' id='line_1_52' title="bbox 1995 1036 3540 1127; baseline 0.008 -25"><span class='ocrx_word' id='word_1_256' title='bbox 1995 1051 2125 1104; x_wconf 91' lang='lat' dir='ltr'>res</span> <span class='ocrx_word' id='word_1_257' title='bbox 2158 1036 2283 1106; x_wconf 93' lang='lat' dir='ltr'>est</span> <span class='ocrx_word' id='word_1_258' title='bbox 2324 1053 2466 1106; x_wconf 93' lang='lat' dir='ltr'>ens</span> <span class='ocrx_word' id='word_1_259' title='bbox 2499 1053 2646 1127; x_wconf 87' lang='lat' dir='ltr'>per</span> <span class='ocrx_word' id='word_1_260' title='bbox 2678 1056 2910 1109; x_wconf 91' lang='lat' dir='ltr'>suam</span> <span class='ocrx_word' id='word_1_261' title='bbox 2951 1039 3428 1123; x_wconf 88' lang='lat' dir='ltr'>essentiam;</span> <span class='ocrx_word' id='word_1_262' title='bbox 3459 1045 3540 1115; x_wconf 93' lang='lat' dir='ltr'>et</span> 
     </span>
     <span class='ocr_line' id='line_1_53' title="bbox 1994 1148 3539 1243; baseline 0.006 -25"><span class='ocrx_word' id='word_1_263' title='bbox 1994 1148 2208 1240; x_wconf 90' lang='lat' dir='ltr'>quia,</span> <span class='ocrx_word' id='word_1_264' title='bbox 2248 1153 2335 1223; x_wconf 91' lang='lat' dir='ltr'>ut</span> <span class='ocrx_word' id='word_1_265' title='bbox 2379 1154 2625 1243; x_wconf 89' lang='lat' dir='ltr'>patet,</span> <span class='ocrx_word' id='word_1_266' title='bbox 2661 1152 3002 1226; x_wconf 76' lang='lat' dir='ltr'>diversae</span> <span class='ocrx_word' id='word_1_267' title='bbox 3036 1160 3226 1230; x_wconf 91' lang='lat' dir='ltr'>sunt</span> <span class='ocrx_word' id='word_1_268' title='bbox 3261 1176 3539 1228; x_wconf 91' lang='lat' dir='ltr'>rerum</span> 
     </span>
     <span class='ocr_line' id='line_1_54' title="bbox 1990 1266 3577 1349; baseline 0.002 -13"><span class='ocrx_word' id='word_1_269' title='bbox 1990 1266 2394 1349; x_wconf 85' lang='lat' dir='ltr'>essentiae,</span> <span class='ocrx_word' id='word_1_270' title='bbox 2427 1272 2515 1342; x_wconf 92' lang='lat' dir='ltr'>ut</span> <span class='ocrx_word' id='word_1_271' title='bbox 2549 1268 3026 1343; x_wconf 78' lang='lat' dir='ltr'>substantiae</span> <span class='ocrx_word' id='word_1_272' title='bbox 3066 1276 3146 1346; x_wconf 96' lang='lat' dir='ltr'>et</span> <span class='ocrx_word' id='word_1_273' title='bbox 3187 1272 3577 1345; x_wconf 86' lang='lat' dir='ltr'>acciden-.</span> 
     </span>
     <span class='ocr_line' id='line_1_55' title="bbox 1994 1383 3541 1481; baseline 0.005 -25"><span class='ocrx_word' id='word_1_274' title='bbox 1994 1383 2129 1465; x_wconf 82' lang='lat' dir='ltr'>tis,</span> <span class='ocrx_word' id='word_1_275' title='bbox 2168 1383 2338 1456; x_wconf 93' lang='lat' dir='ltr'>ideo</span> <span class='ocrx_word' id='word_1_276' title='bbox 2366 1383 2641 1459; x_wconf 90' lang='lat' dir='ltr'>dicunt</span> <span class='ocrx_word' id='word_1_277' title='bbox 2690 1387 2899 1477; x_wconf 89' lang='lat' dir='ltr'>quod</span> <span class='ocrx_word' id='word_1_278' title='bbox 2947 1408 3089 1459; x_wconf 90' lang='lat' dir='ltr'>ens</span> <span class='ocrx_word' id='word_1_279' title='bbox 3130 1389 3541 1481; x_wconf 77' lang='lat' dir='ltr'>aequivoce</span> 
     </span>
     <span class='ocr_line' id='line_1_56' title="bbox 1997 1499 3541 1592; baseline 0.005 -21"><span class='ocrx_word' id='word_1_280' title='bbox 1997 1499 2491 1592; x_wconf 81' lang='lat' dir='ltr'>praedicatur</span> <span class='ocrx_word' id='word_1_281' title='bbox 2531 1501 2622 1574; x_wconf 93' lang='lat' dir='ltr'>de</span> <span class='ocrx_word' id='word_1_282' title='bbox 2675 1502 3160 1587; x_wconf 89' lang='lat' dir='ltr'>substantia,</span> <span class='ocrx_word' id='word_1_283' title='bbox 3204 1509 3285 1581; x_wconf 94' lang='lat' dir='ltr'>et</span> <span class='ocrx_word' id='word_1_284' title='bbox 3336 1507 3541 1579; x_wconf 89' lang='lat' dir='ltr'>acci-</span> 
     </span>
     <span class='ocr_line' id='line_1_57' title="bbox 1992 1617 3539 1710; baseline 0.004 -20"><span class='ocrx_word' id='word_1_285' title='bbox 1992 1617 2252 1691; x_wconf 91' lang='lat' dir='ltr'>dente.</span> <span class='ocrx_word' id='word_1_286' title='bbox 2292 1617 2682 1710; x_wconf 88' lang='lat' dir='ltr'>Theologi</span> <span class='ocrx_word' id='word_1_287' title='bbox 2722 1624 2995 1694; x_wconf 90' lang='lat' dir='ltr'>autem</span> <span class='ocrx_word' id='word_1_288' title='bbox 3045 1621 3321 1698; x_wconf 91' lang='lat' dir='ltr'>dicunt</span> <span class='ocrx_word' id='word_1_289' title='bbox 3364 1643 3539 1696; x_wconf 85' lang='lat' dir='ltr'>rem</span> 
     </span>
     <span class='ocr_line' id='line_1_58' title="bbox 1993 1735 3541 1820; baseline 0.003 -12"><span class='ocrx_word' id='word_1_290' title='bbox 1993 1752 2197 1817; x_wconf 90' lang='lat' dir='ltr'>esse,</span> <span class='ocrx_word' id='word_1_291' title='bbox 2278 1754 2437 1807; x_wconf 89' lang='lat' dir='ltr'>non</span> <span class='ocrx_word' id='word_1_292' title='bbox 2526 1735 2623 1807; x_wconf 92' lang='lat' dir='ltr'>ab</span> <span class='ocrx_word' id='word_1_293' title='bbox 2717 1739 3098 1820; x_wconf 86' lang='lat' dir='ltr'>essentia,</span> <span class='ocrx_word' id='word_1_294' title='bbox 3217 1740 3349 1812; x_wconf 90' lang='lat' dir='ltr'>sed</span> <span class='ocrx_word' id='word_1_295' title='bbox 3443 1740 3541 1812; x_wconf 91' lang='lat' dir='ltr'>ab</span> 
     </span>
     <span class='ocr_line' id='line_1_59' title="bbox 1995 1847 3542 1943; baseline 0.006 -25"><span class='ocrx_word' id='word_1_296' title='bbox 1995 1851 2182 1920; x_wconf 88' lang='lat' dir='ltr'>actu</span> <span class='ocrx_word' id='word_1_297' title='bbox 2240 1847 2723 1931; x_wconf 78' lang='lat' dir='ltr'>existentiae,</span> <span class='ocrx_word' id='word_1_298' title='bbox 2797 1871 3033 1943; x_wconf 89' lang='lat' dir='ltr'>quem</span> <span class='ocrx_word' id='word_1_299' title='bbox 3082 1872 3243 1925; x_wconf 89' lang='lat' dir='ltr'>non</span> <span class='ocrx_word' id='word_1_300' title='bbox 3301 1852 3542 1927; x_wconf 90' lang='lat' dir='ltr'>habet</span> 
     </span>
     <span class='ocr_line' id='line_1_60' title="bbox 1994 1962 3544 2065; baseline 0.008 -32"><span class='ocrx_word' id='word_1_301' title='bbox 1994 1962 2268 2055; x_wconf 89' lang='lat' dir='ltr'>aliqua</span> <span class='ocrx_word' id='word_1_302' title='bbox 2360 1968 2769 2048; x_wconf 86' lang='lat' dir='ltr'>creatura,</span> <span class='ocrx_word' id='word_1_303' title='bbox 2861 1986 3006 2039; x_wconf 90' lang='lat' dir='ltr'>nec</span> <span class='ocrx_word' id='word_1_304' title='bbox 3071 1967 3370 2044; x_wconf 88' lang='lat' dir='ltr'>habere</span> <span class='ocrx_word' id='word_1_305' title='bbox 3411 1991 3544 2065; x_wconf 92' lang='lat' dir='ltr'>po·</span> 
     </span>
     <span class='ocr_line' id='line_1_61' title="bbox 1996 2079 3541 2163; baseline 0.006 -10"><span class='ocrx_word' id='word_1_306' title='bbox 1996 2083 2186 2162; x_wconf 88' lang='lat' dir='ltr'>test,</span> <span class='ocrx_word' id='word_1_307' title='bbox 2260 2079 2418 2154; x_wconf 91' lang='lat' dir='ltr'>nisi</span> <span class='ocrx_word' id='word_1_308' title='bbox 2485 2082 2584 2155; x_wconf 93' lang='lat' dir='ltr'>ab</span> <span class='ocrx_word' id='word_1_309' title='bbox 2651 2083 2838 2156; x_wconf 92' lang='lat' dir='ltr'>alio.</span> <span class='ocrx_word' id='word_1_310' title='bbox 2877 2088 2977 2159; x_wconf 85' lang='lat' dir='ltr'>Et</span> <span class='ocrx_word' id='word_1_311' title='bbox 3036 2085 3187 2160; x_wconf 89' lang='lat' dir='ltr'>hac</span> <span class='ocrx_word' id='word_1_312' title='bbox 3265 2090 3541 2163; x_wconf 91' lang='lat' dir='ltr'>eadem</span> 
     </span>
     <span class='ocr_line' id='line_1_62' title="bbox 1999 2198 3545 2298; baseline 0.007 -28"><span class='ocrx_word' id='word_1_313' title='bbox 1999 2198 2344 2280; x_wconf 89' lang='lat' dir='ltr'>ratione,</span> <span class='ocrx_word' id='word_1_314' title='bbox 2409 2219 2566 2291; x_wconf 90' lang='lat' dir='ltr'>qua</span> <span class='ocrx_word' id='word_1_315' title='bbox 2635 2201 3003 2273; x_wconf 90' lang='lat' dir='ltr'>accidens</span> <span class='ocrx_word' id='word_1_316' title='bbox 3062 2224 3222 2277; x_wconf 92' lang='lat' dir='ltr'>non</span> <span class='ocrx_word' id='word_1_317' title='bbox 3279 2210 3545 2298; x_wconf 84' lang='lat' dir='ltr'>potest</span> 
     </span>
     <span class='ocr_line' id='line_1_63' title="bbox 1997 2316 3544 2402; baseline 0.004 -13"><span class='ocrx_word' id='word_1_318' title='bbox 1997 2316 2163 2390; x_wconf 88' lang='lat' dir='ltr'>tale</span> <span class='ocrx_word' id='word_1_319' title='bbox 2202 2336 2380 2388; x_wconf 91' lang='lat' dir='ltr'>esse</span> <span class='ocrx_word' id='word_1_320' title='bbox 2421 2316 2717 2389; x_wconf 87' lang='lat' dir='ltr'>habere</span> <span class='ocrx_word' id='word_1_321' title='bbox 2757 2318 2848 2390; x_wconf 94' lang='lat' dir='ltr'>de</span> <span class='ocrx_word' id='word_1_322' title='bbox 2916 2338 3026 2402; x_wconf 91' lang='lat' dir='ltr'>se,</span> <span class='ocrx_word' id='word_1_323' title='bbox 3083 2321 3360 2393; x_wconf 90' lang='lat' dir='ltr'>eadem</span> <span class='ocrx_word' id='word_1_324' title='bbox 3422 2343 3544 2394; x_wconf 87' lang='lat' dir='ltr'>ra-</span> 
     </span>
     <span class='ocr_line' id='line_1_64' title="bbox 2000 2433 3546 2528; baseline 0.004 -22"><span class='ocrx_word' id='word_1_325' title='bbox 2000 2434 2223 2508; x_wconf 91' lang='lat' dir='ltr'>tione</span> <span class='ocrx_word' id='word_1_326' title='bbox 2306 2454 2450 2506; x_wconf 93' lang='lat' dir='ltr'>nec</span> <span class='ocrx_word' id='word_1_327' title='bbox 2538 2433 2920 2526; x_wconf 86' lang='lat' dir='ltr'>Angelus,</span> <span class='ocrx_word' id='word_1_328' title='bbox 3017 2437 3205 2528; x_wconf 88' lang='lat' dir='ltr'>quia</span> <span class='ocrx_word' id='word_1_329' title='bbox 3276 2440 3546 2512; x_wconf 89' lang='lat' dir='ltr'>omnia</span> 
     </span>
     <span class='ocr_line' id='line_1_65' title="bbox 2001 2548 3549 2632; baseline 0.006 -10"><span class='ocrx_word' id='word_1_330' title='bbox 2001 2555 2190 2625; x_wconf 91' lang='lat' dir='ltr'>sunt</span> <span class='ocrx_word' id='word_1_331' title='bbox 2255 2550 2347 2623; x_wconf 93' lang='lat' dir='ltr'>de</span> <span class='ocrx_word' id='word_1_332' title='bbox 2421 2548 2737 2623; x_wconf 89' lang='lat' dir='ltr'>nihilo:</span> <span class='ocrx_word' id='word_1_333' title='bbox 2807 2551 2979 2623; x_wconf 86' lang='lat' dir='ltr'>ideo</span> <span class='ocrx_word' id='word_1_334' title='bbox 3039 2572 3196 2625; x_wconf 92' lang='lat' dir='ltr'>non</span> <span class='ocrx_word' id='word_1_335' title='bbox 3272 2555 3549 2632; x_wconf 91' lang='lat' dir='ltr'>dicunt</span> 
     </span>
     <span class='ocr_line' id='line_1_66' title="bbox 2003 2665 3545 2759; baseline 0.003 -23"><span class='ocrx_word' id='word_1_336' title='bbox 2003 2665 2208 2757; x_wconf 89' lang='lat' dir='ltr'>quod</span> <span class='ocrx_word' id='word_1_337' title='bbox 2286 2686 2455 2748; x_wconf 91' lang='lat' dir='ltr'>ens,</span> <span class='ocrx_word' id='word_1_338' title='bbox 2547 2666 2753 2759; x_wconf 89' lang='lat' dir='ltr'>quod</span> <span class='ocrx_word' id='word_1_339' title='bbox 2828 2666 3129 2742; x_wconf 89' lang='lat' dir='ltr'>dicitur</span> <span class='ocrx_word' id='word_1_340' title='bbox 3195 2669 3293 2741; x_wconf 92' lang='lat' dir='ltr'>ab</span> <span class='ocrx_word' id='word_1_341' title='bbox 3387 2696 3545 2756; x_wconf 71' lang='lat' dir='ltr'>esse,</span> 
     </span>
     <span class='ocr_line' id='line_1_67' title="bbox 2001 2783 3550 2875; baseline 0.005 -20"><span class='ocrx_word' id='word_1_342' title='bbox 2001 2783 2415 2875; x_wconf 79' lang='lat' dir='ltr'>aequivoce</span> <span class='ocrx_word' id='word_1_343' title='bbox 2446 2783 2768 2856; x_wconf 87' lang='lat' dir='ltr'>dicatur</span> <span class='ocrx_word' id='word_1_344' title='bbox 2810 2783 2903 2856; x_wconf 90' lang='lat' dir='ltr'>de</span> <span class='ocrx_word' id='word_1_345' title='bbox 2970 2786 3428 2861; x_wconf 88' lang='lat' dir='ltr'>substantia</span> <span class='ocrx_word' id='word_1_346' title='bbox 3467 2794 3550 2863; x_wconf 89' lang='lat' dir='ltr'>et</span> 
     </span>
     <span class='ocr_line' id='line_1_68' title="bbox 2004 2899 3551 2995; baseline 0.003 -23"><span class='ocrx_word' id='word_1_347' title='bbox 2004 2899 2439 2980; x_wconf 91' lang='lat' dir='ltr'>accidente,</span> <span class='ocrx_word' id='word_1_348' title='bbox 2506 2899 2668 2972; x_wconf 90' lang='lat' dir='ltr'>imo</span> <span class='ocrx_word' id='word_1_349' title='bbox 2748 2899 3115 2985; x_wconf 85' lang='lat' dir='ltr'>univoce,</span> <span class='ocrx_word' id='word_1_350' title='bbox 3179 2904 3551 2995; x_wconf 92' lang='lat' dir='ltr'>quamvis</span> 
     </span>
     <span class='ocr_line' id='line_1_69' title="bbox 2003 3016 3548 3104; baseline 0.003 -14"><span class='ocrx_word' id='word_1_351' title='bbox 2003 3016 2168 3090; x_wconf 87' lang='lat' dir='ltr'>tale</span> <span class='ocrx_word' id='word_1_352' title='bbox 2244 3036 2422 3088; x_wconf 88' lang='lat' dir='ltr'>esse</span> <span class='ocrx_word' id='word_1_353' title='bbox 2489 3016 2868 3092; x_wconf 88' lang='lat' dir='ltr'>varietur</span> <span class='ocrx_word' id='word_1_354' title='bbox 2925 3016 3004 3091; x_wconf 90' lang='lat' dir='ltr'>in</span> <span class='ocrx_word' id='word_1_355' title='bbox 3094 3018 3357 3104; x_wconf 87' lang='lat' dir='ltr'>rebus,</span> <span class='ocrx_word' id='word_1_356' title='bbox 3425 3043 3548 3095; x_wconf 88' lang='lat' dir='ltr'>se·-</span> 
     </span>
    </p>
   </div>
   <div class='ocr_carea' id='block_1_6' title="bbox 2004 3119 3742 3237">
    <p class='ocr_par' dir='ltr' id='par_1_8' title="bbox 2004 3119 3742 3237">
     <span class='ocr_line' id='line_1_70' title="bbox 2004 3119 3742 3237; baseline 0.003 -34"><span class='ocrx_word' id='word_1_357' title='bbox 2004 3131 2352 3204; x_wconf 90' lang='lat' dir='ltr'>cundum</span> <span class='ocrx_word' id='word_1_358' title='bbox 2390 3132 2710 3205; x_wconf 87' lang='lat' dir='ltr'>variam</span> <span class='ocrx_word' id='word_1_359' title='bbox 2760 3131 3304 3208; x_wconf 88' lang='lat' dir='ltr'>imitationem</span> <span class='ocrx_word' id='word_1_360' title='bbox 3359 3136 3552 3211; x_wconf 89' lang='lat' dir='ltr'>divi·</span> <span class='ocrx_word' id='word_1_361' title='bbox 3631 3232 3638 3237; x_wconf 23' lang='grc' dir='ltr'>Ι</span> <span class='ocrx_word' id='word_1_362' title='bbox 3739 3119 3742 3122; x_wconf 56' lang='grc'><strong>’</strong></span> 
     </span>
    </p>
   </div>
   <div class='ocr_carea' id='block_1_7' title="bbox 2001 3248 3597 5676">
    <p class='ocr_par' dir='ltr' id='par_1_9' title="bbox 2001 3248 3597 5676">
     <span class='ocr_line' id='line_1_71' title="bbox 2003 3248 3552 3344; baseline 0.007 -25"><span class='ocrx_word' id='word_1_363' title='bbox 2003 3268 2125 3320; x_wconf 85' lang='lat' dir='ltr'>nae</span> <span class='ocrx_word' id='word_1_364' title='bbox 2214 3248 2767 3341; x_wconf 84' lang='lat' dir='ltr'>perfectionis,</span> <span class='ocrx_word' id='word_1_365' title='bbox 2875 3250 2992 3324; x_wconf 86' lang='lat' dir='ltr'>ita</span> <span class='ocrx_word' id='word_1_366' title='bbox 3059 3254 3266 3344; x_wconf 92' lang='lat' dir='ltr'>quod</span> <span class='ocrx_word' id='word_1_367' title='bbox 3336 3257 3552 3330; x_wconf 91' lang='lat' dir='ltr'>ratio</span> 
     </span>
     <span class='ocr_line' id='line_1_72' title="bbox 2003 3365 3550 3450; baseline 0.006 -13"><span class='ocrx_word' id='word_1_368' title='bbox 2003 3365 2217 3439; x_wconf 90' lang='lat' dir='ltr'>entis</span> <span class='ocrx_word' id='word_1_369' title='bbox 2247 3365 2550 3438; x_wconf 87' lang='lat' dir='ltr'>dicitur</span> <span class='ocrx_word' id='word_1_370' title='bbox 2605 3365 2840 3438; x_wconf 88' lang='lat' dir='ltr'>vario</span> <span class='ocrx_word' id='word_1_371' title='bbox 2918 3369 3153 3441; x_wconf 91' lang='lat' dir='ltr'>modo</span> <span class='ocrx_word' id='word_1_372' title='bbox 3220 3370 3312 3444; x_wconf 93' lang='lat' dir='ltr'>de</span> <span class='ocrx_word' id='word_1_373' title='bbox 3353 3374 3550 3450; x_wconf 92' lang='lat' dir='ltr'>enti-</span> 
     </span>
     <span class='ocr_line' id='line_1_73' title="bbox 2004 3481 3553 3580; baseline 0.008 -27"><span class='ocrx_word' id='word_1_374' title='bbox 2004 3481 2176 3564; x_wconf 86' lang='lat' dir='ltr'>bus,</span> <span class='ocrx_word' id='word_1_375' title='bbox 2267 3483 2702 3555; x_wconf 90' lang='lat' dir='ltr'>secundum</span> <span class='ocrx_word' id='word_1_376' title='bbox 2797 3484 3006 3575; x_wconf 91' lang='lat' dir='ltr'>quod</span> <span class='ocrx_word' id='word_1_377' title='bbox 3104 3487 3553 3580; x_wconf 89' lang='lat' dir='ltr'>respiciunt</span> 
     </span>
     <span class='ocr_line' id='line_1_74' title="bbox 2001 3596 3554 3679; baseline 0.005 -8"><span class='ocrx_word' id='word_1_378' title='bbox 2001 3597 2260 3671; x_wconf 90' lang='lat' dir='ltr'>Deum</span> <span class='ocrx_word' id='word_1_379' title='bbox 2332 3596 2478 3670; x_wconf 90' lang='lat' dir='ltr'>sub</span> <span class='ocrx_word' id='word_1_380' title='bbox 2556 3599 2877 3672; x_wconf 88' lang='lat' dir='ltr'>ratione</span> <span class='ocrx_word' id='word_1_381' title='bbox 2943 3620 3210 3675; x_wconf 74' lang='lat' dir='ltr'>causae</span> <span class='ocrx_word' id='word_1_382' title='bbox 3293 3624 3554 3679; x_wconf 87' lang='lat' dir='ltr'>exem·</span> 
     </span>
     <span class='ocr_line' id='line_1_75' title="bbox 2005 3712 3550 3806; baseline 0.008 -22"><span class='ocrx_word' id='word_1_383' title='bbox 2005 3712 2288 3806; x_wconf 87' lang='lat' dir='ltr'>plaris,</span> <span class='ocrx_word' id='word_1_384' title='bbox 2333 3733 2495 3785; x_wconf 91' lang='lat' dir='ltr'>non</span> <span class='ocrx_word' id='word_1_385' title='bbox 2541 3714 2688 3787; x_wconf 92' lang='lat' dir='ltr'>sub</span> <span class='ocrx_word' id='word_1_386' title='bbox 2730 3715 3049 3791; x_wconf 85' lang='lat' dir='ltr'>ratione</span> <span class='ocrx_word' id='word_1_387' title='bbox 3080 3737 3352 3793; x_wconf 79' lang='lat' dir='ltr'>causae</span> <span class='ocrx_word' id='word_1_388' title='bbox 3388 3722 3550 3796; x_wconf 84' lang='lat' dir='ltr'>effi·</span> 
     </span>
     <span class='ocr_line' id='line_1_76' title="bbox 2006 3830 3554 3930; baseline 0.006 -27"><span class='ocrx_word' id='word_1_389' title='bbox 2006 3830 2325 3905; x_wconf 91' lang='lat' dir='ltr'>cientis.</span> <span class='ocrx_word' id='word_1_390' title='bbox 2363 3831 2609 3904; x_wconf 88' lang='lat' dir='ltr'>Ratio</span> <span class='ocrx_word' id='word_1_391' title='bbox 2651 3832 2868 3904; x_wconf 88' lang='lat' dir='ltr'>enim</span> <span class='ocrx_word' id='word_1_392' title='bbox 2907 3837 3403 3930; x_wconf 82' lang='lat' dir='ltr'>exemplaris</span> <span class='ocrx_word' id='word_1_393' title='bbox 3473 3841 3554 3912; x_wconf 90' lang='lat' dir='ltr'>in</span> 
     </span>
     <span class='ocr_line' id='line_1_77' title="bbox 2002 3946 3552 4035; baseline 0.006 -14"><span class='ocrx_word' id='word_1_394' title='bbox 2002 3947 2197 4028; x_wconf 90' lang='lat' dir='ltr'>Deo,</span> <span class='ocrx_word' id='word_1_395' title='bbox 2261 3951 2386 4021; x_wconf 91' lang='lat' dir='ltr'>est</span> <span class='ocrx_word' id='word_1_396' title='bbox 2454 3946 2619 4020; x_wconf 91' lang='lat' dir='ltr'>alia</span> <span class='ocrx_word' id='word_1_397' title='bbox 2708 3954 2791 4024; x_wconf 92' lang='lat' dir='ltr'>et</span> <span class='ocrx_word' id='word_1_398' title='bbox 2847 3951 3034 4035; x_wconf 92' lang='lat' dir='ltr'>alia,</span> <span class='ocrx_word' id='word_1_399' title='bbox 3117 3957 3552 4030; x_wconf 90' lang='lat' dir='ltr'>secundum</span> 
     </span>
     <span class='ocr_line' id='line_1_78' title="bbox 2005 4063 3554 4156; baseline 0.008 -21"><span class='ocrx_word' id='word_1_400' title='bbox 2005 4063 2436 4145; x_wconf 89' lang='lat' dir='ltr'>rationem,</span> <span class='ocrx_word' id='word_1_401' title='bbox 2475 4064 2688 4139; x_wconf 90' lang='lat' dir='ltr'>sicut</span> <span class='ocrx_word' id='word_1_402' title='bbox 2722 4068 2938 4142; x_wconf 89' lang='lat' dir='ltr'>ratio</span> <span class='ocrx_word' id='word_1_403' title='bbox 2972 4068 3337 4144; x_wconf 88' lang='lat' dir='ltr'>idearum</span> <span class='ocrx_word' id='word_1_404' title='bbox 3368 4100 3383 4156; x_wconf 88' lang='lat'>;</span> <span class='ocrx_word' id='word_1_405' title='bbox 3421 4076 3554 4148; x_wconf 91' lang='lat' dir='ltr'>sed</span> 
     </span>
     <span class='ocr_line' id='line_1_79' title="bbox 2007 4180 3552 4263; baseline 0.008 -12"><span class='ocrx_word' id='word_1_406' title='bbox 2007 4181 2223 4254; x_wconf 87' lang='lat' dir='ltr'>ratio</span> <span class='ocrx_word' id='word_1_407' title='bbox 2254 4180 2683 4257; x_wconf 85' lang='lat' dir='ltr'>efficientis</span> <span class='ocrx_word' id='word_1_408' title='bbox 2724 4187 2850 4257; x_wconf 92' lang='lat' dir='ltr'>est</span> <span class='ocrx_word' id='word_1_409' title='bbox 2894 4188 3220 4261; x_wconf 91' lang='lat' dir='ltr'>omnino</span> <span class='ocrx_word' id='word_1_410' title='bbox 3277 4190 3552 4263; x_wconf 90' lang='lat' dir='ltr'>eadem</span> 
     </span>
     <span class='ocr_line' id='line_1_80' title="bbox 2006 4298 3552 4400; baseline 0.006 -28"><span class='ocrx_word' id='word_1_411' title='bbox 2006 4298 2086 4372; x_wconf 92' lang='lat' dir='ltr'>in</span> <span class='ocrx_word' id='word_1_412' title='bbox 2142 4300 2339 4380; x_wconf 90' lang='lat' dir='ltr'>Deo,</span> <span class='ocrx_word' id='word_1_413' title='bbox 2384 4301 2463 4372; x_wconf 86' lang='lat' dir='ltr'>et</span> <span class='ocrx_word' id='word_1_414' title='bbox 2510 4319 2621 4382; x_wconf 84' lang='lat' dir='ltr'>re,</span> <span class='ocrx_word' id='word_1_415' title='bbox 2675 4304 2758 4374; x_wconf 92' lang='lat' dir='ltr'>et</span> <span class='ocrx_word' id='word_1_416' title='bbox 2825 4303 3172 4387; x_wconf 86' lang='lat' dir='ltr'>ratione,</span> <span class='ocrx_word' id='word_1_417' title='bbox 3239 4326 3552 4400; x_wconf 89' lang='lat' dir='ltr'>respec-</span> 
     </span>
     <span class='ocr_line' id='line_1_81' title="bbox 2003 4414 3554 4511; baseline 0.006 -24"><span class='ocrx_word' id='word_1_418' title='bbox 2003 4418 2091 4488; x_wconf 89' lang='lat' dir='ltr'>tu</span> <span class='ocrx_word' id='word_1_419' title='bbox 2174 4414 2536 4487; x_wconf 90' lang='lat' dir='ltr'>omnium</span> <span class='ocrx_word' id='word_1_420' title='bbox 2620 4435 2795 4507; x_wconf 80' lang='lat' dir='ltr'>quae</span> <span class='ocrx_word' id='word_1_421' title='bbox 2881 4420 3278 4511; x_wconf 86' lang='lat' dir='ltr'>producit.</span> <span class='ocrx_word' id='word_1_422' title='bbox 3355 4426 3554 4497; x_wconf 87' lang='lat' dir='ltr'>Esse</span> 
     </span>
     <span class='ocr_line' id='line_1_82' title="bbox 2006 4529 3554 4633; baseline 0.008 -31"><span class='ocrx_word' id='word_1_423' title='bbox 2006 4529 2497 4623; x_wconf 89' lang='lat' dir='ltr'>simpliciter</span> <span class='ocrx_word' id='word_1_424' title='bbox 2598 4534 2679 4604; x_wconf 92' lang='lat' dir='ltr'>et</span> <span class='ocrx_word' id='word_1_425' title='bbox 2782 4535 3101 4609; x_wconf 89' lang='lat' dir='ltr'>actuale</span> <span class='ocrx_word' id='word_1_426' title='bbox 3216 4540 3554 4633; x_wconf 81' lang='lat' dir='ltr'>respicit</span> 
     </span>
     <span class='ocr_line' id='line_1_83' title="bbox 2003 4645 3551 4735; baseline 0.006 -15"><span class='ocrx_word' id='word_1_427' title='bbox 2003 4649 2263 4727; x_wconf 86' lang='lat' dir='ltr'>Deum</span> <span class='ocrx_word' id='word_1_428' title='bbox 2342 4649 2430 4719; x_wconf 88' lang='lat' dir='ltr'>ut</span> <span class='ocrx_word' id='word_1_429' title='bbox 2496 4645 3027 4735; x_wconf 87' lang='lat' dir='ltr'>efficientem;</span> <span class='ocrx_word' id='word_1_430' title='bbox 3100 4674 3278 4728; x_wconf 90' lang='lat' dir='ltr'>esse</span> <span class='ocrx_word' id='word_1_431' title='bbox 3353 4679 3551 4732; x_wconf 88' lang='lat' dir='ltr'>vero</span> 
     </span>
     <span class='ocr_line' id='line_1_84' title="bbox 2005 4763 3555 4860; baseline 0.011 -26"><span class='ocrx_word' id='word_1_432' title='bbox 2005 4763 2184 4846; x_wconf 91' lang='lat' dir='ltr'>hoc,</span> <span class='ocrx_word' id='word_1_433' title='bbox 2246 4763 2374 4836; x_wconf 93' lang='lat' dir='ltr'>vel</span> <span class='ocrx_word' id='word_1_434' title='bbox 2436 4763 2657 4847; x_wconf 92' lang='lat' dir='ltr'>illud,</span> <span class='ocrx_word' id='word_1_435' title='bbox 2696 4786 2844 4859; x_wconf 87' lang='lat' dir='ltr'>per</span> <span class='ocrx_word' id='word_1_436' title='bbox 2886 4771 3094 4860; x_wconf 92' lang='lat' dir='ltr'>quod</span> <span class='ocrx_word' id='word_1_437' title='bbox 3140 4792 3271 4846; x_wconf 86' lang='lat' dir='ltr'>res</span> <span class='ocrx_word' id='word_1_438' title='bbox 3304 4781 3429 4853; x_wconf 87' lang='lat' dir='ltr'>est</span> <span class='ocrx_word' id='word_1_439' title='bbox 3474 4778 3555 4851; x_wconf 91' lang='lat' dir='ltr'>in</span> 
     </span>
     <span class='ocr_line' id='line_1_85' title="bbox 2004 4881 3550 4976; baseline 0.01 -23"><span class='ocrx_word' id='word_1_440' title='bbox 2004 4900 2328 4973; x_wconf 88' lang='lat' dir='ltr'>genere,</span> <span class='ocrx_word' id='word_1_441' title='bbox 2367 4881 2704 4975; x_wconf 87' lang='lat' dir='ltr'>respicit</span> <span class='ocrx_word' id='word_1_442' title='bbox 2765 4882 3033 4976; x_wconf 89' lang='lat' dir='ltr'>ipsum</span> <span class='ocrx_word' id='word_1_443' title='bbox 3095 4888 3241 4961; x_wconf 93' lang='lat' dir='ltr'>sub</span> <span class='ocrx_word' id='word_1_444' title='bbox 3302 4893 3550 4968; x_wconf 88' lang='lat' dir='ltr'>ratio-</span> 
     </span>
     <span class='ocr_line' id='line_1_86' title="bbox 2005 5001 3554 5093; baseline 0.009 -22"><span class='ocrx_word' id='word_1_445' title='bbox 2005 5020 2102 5071; x_wconf 89' lang='lat' dir='ltr'>ne</span> <span class='ocrx_word' id='word_1_446' title='bbox 2170 5018 2438 5070; x_wconf 85' lang='lat' dir='ltr'>causae</span> <span class='ocrx_word' id='word_1_447' title='bbox 2478 5001 3002 5093; x_wconf 83' lang='lat' dir='ltr'>exemplaris,</span> <span class='ocrx_word' id='word_1_448' title='bbox 3089 5004 3252 5079; x_wconf 92' lang='lat' dir='ltr'>imo</span> <span class='ocrx_word' id='word_1_449' title='bbox 3318 5010 3554 5084; x_wconf 87' lang='lat' dir='ltr'>vario</span> 
     </span>
     <span class='ocr_line' id='line_1_87' title="bbox 2008 5115 3597 5208; baseline 0.004 -20"><span class='ocrx_word' id='word_1_450' title='bbox 2008 5115 2243 5188; x_wconf 91' lang='lat' dir='ltr'>modo</span> <span class='ocrx_word' id='word_1_451' title='bbox 2311 5115 2705 5208; x_wconf 86' lang='lat' dir='ltr'>competit</span> <span class='ocrx_word' id='word_1_452' title='bbox 2791 5118 3031 5192; x_wconf 87' lang='lat' dir='ltr'>rebus</span> <span class='ocrx_word' id='word_1_453' title='bbox 3121 5122 3283 5196; x_wconf 90' lang='lat' dir='ltr'>tale</span> <span class='ocrx_word' id='word_1_454' title='bbox 3348 5146 3597 5199; x_wconf 84' lang='lat' dir='ltr'>esse..</span> 
     </span>
     <span class='ocr_line' id='line_1_88' title="bbox 2008 5231 3553 5327; baseline 0.008 -23"><span class='ocrx_word' id='word_1_455' title='bbox 2008 5234 2208 5304; x_wconf 85' lang='lat' dir='ltr'>Esse</span> <span class='ocrx_word' id='word_1_456' title='bbox 2300 5252 2497 5304; x_wconf 91' lang='lat' dir='ltr'>vero</span> <span class='ocrx_word' id='word_1_457' title='bbox 2594 5231 3085 5327; x_wconf 85' lang='lat' dir='ltr'>simpliciter</span> <span class='ocrx_word' id='word_1_458' title='bbox 3140 5238 3379 5316; x_wconf 88' lang='lat' dir='ltr'>habet</span> <span class='ocrx_word' id='word_1_459' title='bbox 3423 5264 3553 5318; x_wconf 89' lang='lat' dir='ltr'>res</span> 
     </span>
     <span class='ocr_line' id='line_1_89' title="bbox 2009 5348 3553 5455; baseline 0.01 -35"><span class='ocrx_word' id='word_1_460' title='bbox 2009 5348 2372 5431; x_wconf 88' lang='lat' dir='ltr'>univoce,</span> <span class='ocrx_word' id='word_1_461' title='bbox 2417 5352 2499 5423; x_wconf 91' lang='lat' dir='ltr'>et</span> <span class='ocrx_word' id='word_1_462' title='bbox 2530 5349 3079 5426; x_wconf 86' lang='lat' dir='ltr'>uniformiter.</span> <span class='ocrx_word' id='word_1_463' title='bbox 3117 5358 3281 5430; x_wconf 93' lang='lat' dir='ltr'>Nec</span> <span class='ocrx_word' id='word_1_464' title='bbox 3314 5380 3553 5455; x_wconf 89' lang='lat' dir='ltr'>prop-</span> 
     </span>
     <span class='ocr_line' id='line_1_90' title="bbox 2010 5464 3552 5566; baseline 0.006 -26"><span class='ocrx_word' id='word_1_465' title='bbox 2010 5471 2141 5541; x_wconf 89' lang='lat' dir='ltr'>ter</span> <span class='ocrx_word' id='word_1_466' title='bbox 2214 5464 2366 5539; x_wconf 88' lang='lat' dir='ltr'>hoc</span> <span class='ocrx_word' id='word_1_467' title='bbox 2451 5467 2844 5560; x_wconf 86' lang='lat' dir='ltr'>sequitur,</span> <span class='ocrx_word' id='word_1_468' title='bbox 2935 5472 3142 5562; x_wconf 90' lang='lat' dir='ltr'>quod</span> <span class='ocrx_word' id='word_1_469' title='bbox 3219 5479 3552 5566; x_wconf 89' lang='lat' dir='ltr'>quodvis</span> 
     </span>
     <span class='ocr_line' id='line_1_91' title="bbox 2009 5582 3555 5676; baseline -0.002 -20"><span class='ocrx_word' id='word_1_470' title='bbox 2009 5604 2189 5656; x_wconf 90' lang='lat' dir='ltr'>esse</span> <span class='ocrx_word' id='word_1_471' title='bbox 2292 5582 2780 5676; x_wconf 91' lang='lat' dir='ltr'>simpliciter</span> <span class='ocrx_word' id='word_1_472' title='bbox 2859 5588 3194 5674; x_wconf 86' lang='lat' dir='ltr'>entium,</span> <span class='ocrx_word' id='word_1_473' title='bbox 3270 5614 3555 5673; x_wconf 89' lang='lat' dir='ltr'>conve.</span> 
     </span>
    </p>
   </div>
  </div>
 </body>
</html>
