4252 6393
1804 393 2165 471 QUAES'l'lO
2214 396 2289 459 lv

415 561 640 635 aqua,
694 564 869 636 quae
908 550 1178 621 tamen
1208 554 1334 623 est
1385 572 1688 645 corpus
1732 574 1953 645 pers·

415 661 763 753 picuum,
827 670 909 737 et
970 665 1501 759 diaphanum;
1567 669 1954 743 similiter

414 780 487 852 in
533 782 751 855 vitro
799 785 1091 875 spisso,
1139 785 1266 856 vel
1308 787 1706 877 crystallo
1759 788 1953 861 bene

411 896 771 971 videmus
874 901 1336 990 imaginem,
1430 924 1602 994 quae
1683 910 1954 978 tamen

415 1019 599 1087 surt
673 1035 1032 1107 corpora
1109 1017 1562 1109 perspicua,
1645 1025 1724 1093 et
1796 1041 1953 1093 non

413 1130 683 1203 densa.

497 1249 612 1320 Ad
668 1249 880 1322 istud
913 1252 1237 1332 dicitur,
1296 1253 1502 1343 quod
1533 1255 1953 1327 conclusio

414 1365 910 1459 intelligitur
949 1370 1040 1441 de
1097 1371 1583 1463 corporibus
1632 1372 1955 1464 diaplia-

409 1486 561 1564 nis,
607 1489 690 1558 et
737 1488 1190 1578 perspicuis
1265 1508 1532 1581 parvae
1586 1490 1955 1581 spissitu-

406 1600 613 1672 dinis
672 1604 1108 1675 seeundum
1185 1605 1694 1695 profundum,
1770 1607 1956 1699 quia

407 1717 480 1788 si
544 1739 850 1810 corpus
911 1719 1402 1812 diaphanum
1465 1724 1571 1796 sit
1644 1744 1956 1813 maguae

410 1834 1026 1926 profunditatis,
1075 1838 1286 1912 sicut
1327 1861 1562 1933 aqua,
1602 1845 1792 1914 tunc
1837 1842 1958 1912 be-

407 1971 507 2021 ne
553 1953 1033 2034 reflectitur,
1099 1977 1258 2027 non
1323 1962 1593 2030 tamen
1660 1961 1759 2031 ab
1803 1982 1959 2033 una

411 2069 588 2141 sola
662 2072 1096 2161 superficie
1138 2094 1391 2164 aquae,
1469 2077 1681 2149 sicut
1738 2080 1828 2150 fit
1882 2078 1958 2150 in

411 2187 903 2278 corporibus
1001 2190 1278 2281 politis
1337 2196 1417 2265 et
1470 2193 1763 2273 densis,
1828 2197 1959 2267 sed

414 2301 509 2374 fit
598 2302 932 2375 reflexio
1005 2308 1441 2379 secundum
1520 2312 1962 2401 quamlibet

427 2424 743 2509 partem
783 2421 858 2492 in
906 2421 1325 2513 prosundO,
1378 2427 1585 2499 etad
1635 2428 1961 2518 quemli-

427 2536 558 2609 bet
593 2543 978 2629 punctum
1022 2541 1223 2633 ejus

517 2654 653 2725 Sed
692 2660 1007 2737 contra,
1066 2657 1252 2748 quia
1297 2663 1485 2731 tunc
1526 2661 1966 2732 consimili-

447 2772 564 2840 ter
599 2769 945 2843 dicerem
982 2776 1188 2864 quod
1222 2775 1320 2846 ab
1352 2797 1540 2848 aere
1578 2799 1770 2849 raro
1808 2777 1968 2849 fue·

454 2884 552 2957 rit
629 2887 980 2969 reflexio,
1045 2890 1250 2979 quod
1337 2894 1611 2964 tamen
1700 2894 1969 2966 fuerat

457 3008 813 3091 negatum
859 3004 939 3076 in
983 3007 1467 3097 praecedenti
1517 3011 1968 3083 conclusio-

463 3137 568 3188 ne.
639 3122 1042 3195 Probatur
1102 3128 1706 3217 consequentia,
1784 3130 1970 3221 quia

473 3254 591 3325 per
629 3240 1135 3312 reflexionem
1180 3262 1224 3312 a
1260 3244 1618 3333 quolibet
1673 3252 1970 3337 puncto

479 3350 779 3446 alicujus
863 3357 1123 3449 partis
1184 3359 1260 3428 in
1343 3359 1581 3433 fundo
1652 3363 1970 3435 tandem

486 3477 770 3544 remotae
814 3479 1159 3566 apparet
1197 3475 1488 3564 imago.

575 3586 1112 3680 Respondetur
1225 3594 1586 3682 negando
1700 3616 1973 3667 couse-

495 3705 875 3786 quentiam,
906 3706 1094 3797 quia
1137 3707 1213 3778 in
1264 3709 1750 3800 corporibus
1809 3712 1974 3782 dia-

498 3810 728 3898 pbanis
786 3823 1049 3893 solum
1093 3823 1181 3895 tit
1225 3822 1413 3895 talis
1479 3824 1808 3896 reflexio
1862 3849 1973 3897 se-

502 3933 778 4009 cundum
840 3939 1351 4032 profundum,
1419 3943 1730 4031 quando
1795 3964 1973 4014 ocu-

502 4037 598 4112 lus
651 4055 876 4127 estin
936 4056 1195 4126 medio
1249 4056 1591 4128 alte-rius
1650 4057 1974 4149 diapha·

502 4161 793 4254 neitatis,
875 4172 1190 4246 scilicet
1261 4174 1638 4254 rarioris,
1734 4197 1973 4267 quam

499 4271 577 4345 Sit
627 4289 951 4362 medium
1006 4290 1429 4362 reflectens
1501 4317 1515 4361 z
1591 4292 1824 4382 cujus
1879 4293 1976 4364 si-

486 4402 690 4471 gnum
720 4413 862 4487 est,
904 4407 1089 4498 quia,
1125 4408 1437 4498 quando
1473 4428 1616 4479 aer
1656 4414 1780 4482 est
1827 4410 1976 4481 ins-

479 4501 796 4594 pissatus
839 4523 1242 4618 superius,
1290 4529 1480 4597 tune
1528 4546 1669 4617 per
1732 4527 1976 4599 talem

474 4618 893 4713 Peflectitur
952 4641 1086 4710 lux
1142 4639 1378 4720 Solis,
1441 4640 1565 4711 vel
1612 4643 1852 4712 Lunae
1902 4643 1978 4714 in

460 4738 948 4830 apparitione
1025 4755 1258 4835 Halo,
1323 4755 1449 4826 vel
1520 4756 1786 4828 Iridis.
1861 4761 1976 4830 Ex

453 4856 568 4924 ‘¹¹¹0
619 4879 858 4952 Patet
904 4873 1108 4966 quod
1152 4873 1219 4944 si
1284 4873 1564 4944 oculus
1627 4880 1841 4948 esset
1902 4876 1978 4946 in

442 4969 658 5058 aqua,
716 4992 843 5063 ubi
889 4989 1563 5082 apparetimago,
1624 4992 1978 5084 amplius

431 5083 555 5145 ”⁰¹¹
599 5110 974 5202 apparet
1018 5106 1167 5178 sibi
1203 5105 1455 5178 adhuc
1493 5107 1569 5177 in
1605 5127 1977 5197 quocum-

427 5199 540 5268 ΨὈ
600 5219 792 5298 Situ
842 5228 1290 5318 poneretur
1334 5224 1642 5294 oculus.

452 5310 836 5426 ,Quarta
907 5341 1200 5414 accidit
1258 5341 1694 5414 diversitas
1742 5341 1819 5412 in
1873 5341 1979 5411 vi-

418 5433 644 5514 S¹⁰¹¹Q
709 5480 852 5553 per
887 5456 1212 5551 specula
1256 5462 1353 5528 ex
1397 5457 1553 5531 situ
1607 5457 1720 5528 rei
1753 5457 1974 5539 visae,

416 5535 471 5606 “t
538 5564 834 5649 etiam
888 5597 985 5646 ex
1031 5574 1192 5652 situ
1254 5573 1506 5655 visus,
1551 5577 1630 5652 et
1701 5594 1981 5648 secun-

153 1274 333 1325 solutio.

162 2670 386 2731 Objectic».

167 3583 468 3651 Remmia.

231 5315 297 5368 17.

3466 395 3577 460 187

2063 555 2248 628 dulim
2310 554 2459 629 hoc
2540 556 2873 650 ponitur
2936 557 3092 631 ista
3151 556 3597 638 conclusio,

2067 673 2272 762 quod
2362 673 2441 744 in
2511 674 2870 765 quolibet
2929 678 3228 766 puncto
3300 674 3606 765 speculi

2067 794 2414 879 apparet
2451 795 2797 883 punctus
2847 790 2965 862 rei
3011 791 3372 884 objectae,
3418 793 3603 864 dum

2072 903 2288 976 inter
2352 905 2615 999 ipsum
2658 911 2737 979 et
2799 908 3217 999 speculum
3261 928 3421 979 non
3482 912 3608 981 est

2068 1021 2393 1112 aliquod
2461 1022 2921 1116 prohibenS,
3002 1029 3083 1098 et
3147 1023 3354 1097 visio
3416 1026 3607 1099 talis

2068 1160 2231 1211 non
2272 1140 2360 1213 fit
2405 1141 2504 1212 ab
2534 1142 2811 1213 eodem
2856 1142 3041 1223 situ,
3103 1144 3235 1214 sed
3268 1164 3314 1215 a
3353 1143 3609 1215 diver·

2072 1256 2187 1328 sis
2232 1258 2552 1329 sitibus.
2594 1259 3025 1341 Probatur,
3065 1259 3253 1350 quia
3298 1260 3375 1332 in
3420 1281 3608 1351 quo-

2073 1373 2265 1446 libet
2303 1379 2599 1466 puncto
2639 1374 2754 1445 rei
2789 1374 3010 1455 visae,
3054 1374 3129 1446 in
3173 1376 3610 1467 quemlibet

2074 1495 2457 1583 punctum
2504 1492 2808 1585 speculi
2867 1493 3145 1566 incidit
3192 1493 3461 1566 radius
3506 1494 3613 1566 di-

2074 1613 2374 1689 rectus,
2424 1610 2557 1700 qui
2624 1629 2766 1700 per
2825 1610 3175 1701 prima-m
3243 1611 3608 1703 supposi-

2072 1722 2375 1795 tionem
2485 1725 2937 1797 reflectitur
3036 1726 3129 1796 ad
3220 1725 3611 1816 angulum

2071 1840 2468 1932 {equalem
2520 1840 2858 1931 anguIO,
2896 1842 3329 1913 secundum
3376 1863 3613 1934 quem

2076 1957 2450 2037 incessit;
2527 1956 2784 2047 igitur
2846 1957 2912 2029 si
2982 1958 3207 2029 visus
3260 1962 3615 2050 ponatur

2076 2074 2157 2146 in
2247 2074 2458 2144 linea
2542 2074 3031 2155 reflexionis,
3132 2074 3615 2166 ubicumque

2077 2191 2347 2271 suerit,
2392 2191 2688 2263 videbit
2758 2191 2981 2263 illam
3042 2190 3479 2283 imaginem
3535 2191 3616 2265 in

2078 2328 2585 2398 quocumque
2630 2312 2927 2399 puncto
2990 2309 3321 2400 speculi,
3371 2328 3419 2379 a
3460 2329 3615 2401 quo

2075 2424 2165 2497 fit
2210 2425 2568 2496 reflexio.
2616 2428 2734 2496 Ex
2778 2446 2932 2516 quo
2985 2425 3355 2516 sequitur
3413 2425 3621 2518 quod

2080 2542 2158 2614 in
2192 2543 2475 2614 eodem
2513 2541 2714 2623 loco,
2755 2542 2923 2614 sive
2960 2543 3036 2614 in
3070 2543 3346 2616 eodem
3381 2562 3621 2634 punc-

2082 2664 2166 2733 to
2242 2658 2575 2750 speculi,
2662 2659 2739 2730 in
2813 2680 2968 2751 quo
3038 2659 3253 2733 videt
3342 2659 3621 2731 oculus

2080 2774 2387 2852 dexter,
2456 2772 2536 2844 in
2605 2774 2879 2846 eodem
2949 2776 3292 2865 apparet
3338 2775 3620 2846 oculus

2084 2890 2421 2961 sinister
2463 2889 2561 2961 ab
2593 2890 2755 2961 alio
2798 2889 2986 2970 situ,
3035 2889 3426 2962 sciliceta
3461 2890 3623 2962 situ

2087 3007 2271 3089 ist0,
2355 3008 2448 3078 ad
2520 3028 2753 3097 quem
2827 3006 3280 3080 reflectitur
3351 3006 3626 3079 radius

2087 3124 2575 3217 proveniens
2645 3124 2742 3194 ab
2813 3124 3047 3196 oculo
3126 3124 3468 3199 sinistro
3535 3125 3630 3198 ad

2089 3240 2316 3312 illum
2356 3246 2768 3333 punctum.
2819 3242 3179 3313 Secundo
3231 3241 3625 3333 sequitur,

2089 3358 2294 3448 quod
2366 3358 2430 3428 si
2508 3357 2941 3446 cujuslibet
3006 3357 3281 3450 puncti
3336 3358 3631 3449 objecti

2090 3475 2358 3563 imago
2424 3475 2529 3548 sit
2592 3474 3073 3566 impressive
3133 3474 3210 3545 in
3267 3474 3625 3566 speculo,

2091 3598 2279 3666 tunc
2341 3592 2585 3663 simul
2629 3596 2816 3663 sunt
2868 3591 3141 3681 imago
3187 3590 3401 3663 oculi
3451 3591 3631 3662 dex-

2091 3709 2228 3788 tri,
2294 3714 2373 3783 et
2446 3708 2661 3780 oculi
2732 3707 3076 3788 sinistri,
3147 3707 3306 3778 imo
3387 3706 3628 3779 simul

2091 3831 2280 3898 sunt
2362 3825 2759 3916 imagines
2846 3823 3206 3896 omnium
3270 3824 3630 3917 partium

2090 3942 2410 4032 objecti.
3773 4018 3831 4070 ¹8

2180 4060 2398 4129 Tunc
2483 4079 2625 4149 pro
2698 4056 3047 4127 secunda
3109 4055 3634 4128 conclusione
3725 4057 3916 4148 1ma‘90

3663 4146 3852 4207 objecti
3872 4160 3981 4195 non

2093 4178 2468 4267 ponatur,
2525 4172 2729 4265 quod
2792 4172 3062 4262 imago
3127 4172 3423 4265 objecti
3474 4193 3631 4245 non
3662 4208 3980 4270 mmmm,

2091 4295 2215 4363 est
2253 4289 2733 4382 impressivc
2780 4288 2857 4359 in
2894 4288 3154 4360 oculo.
3197 4289 3627 4372 Probatur,
3661 4333 3728 4383 ιο,

2094 4409 2281 4497 quia
2336 4408 2415 4478 in
2478 4405 2880 4496 aliquibus
2941 4405 3428 4497 corporibus
3494 4426 3633 4498 ap-

2093 4529 2329 4618 paret
2384 4524 2653 4613 imago
2715 4522 2792 4593 in
2842 4521 3263 4614 profundo,
3322 4522 3397 4593 in
3469 4522 3634 4614 qui-

2093 4641 2241 4712 bus
2304 4645 2576 4712 tamen
2636 4660 2796 4710 non
2853 4638 3111 4731 possit
3153 4638 3451 4727 aliquid
3496 4638 3635 4710 im·

2096 4758 2477 4851 primere,
2546 4753 2758 4826 sicut
2815 4754 2893 4824 in
2958 4773 3188 4834 auro,
3255 4757 3396 4825 aut
3455 4752 3635 4824 cha-

2099 4876 2276 4966 lybe
2330 4872 2609 4965 polito.
2658 4872 3041 4953 Secundo,
3080 4870 3268 4962 quia
3322 4870 3390 4942 si
3446 4869 3635 4942 ima-

2096 5013 2198 5082 go
2242 4996 2459 5063 esset
2507 4990 2906 5082 impressa
2952 4987 3307 5080 speculo,
3374 4987 3637 5079 sequi-

2096 5112 2237 5182 tur
2278 5107 2484 5198 quod
2518 5127 2564 5178 a
2607 5126 3117 5197 quocumque
3170 5103 3330 5177 situ
3378 5105 3636 5197 possit

2095 5223 2353 5296 videri
2389 5225 2466 5294 in
2518 5223 2793 5294 eodem
2839 5221 3043 5293 loco.
3094 5223 3192 5293 Et
3236 5221 3637 5313 probatur

2094 5339 2708 5432 consequentia,
2759 5338 2948 5430 quia
3007 5341 3441 5431 postquam
3513 5343 3636 5410 est

2097 5459 2500 5550 impressa
2573 5452 2901 5547 speculo
2964 5457 3233 5546 potest
3294 5452 3636 5543 undique

2095 5576 2313 5649 circa
2355 5596 2437 5650 se
2489 5570 2928 5646 diffundere
2982 5590 3213 5645 suam
3259 5567 3633 5644 similitu-

3663 4286 3729 4320 κα
3758 4270 3816 4320 in
3856 4285 3980 4320 ocu-
