4252 6393
1766 446 2136 528 QUAES'rlo
2180 445 2315 508 xm

412 630 666 700 moveri
739 627 1077 696 videntur.
1152 621 1307 693 Por
1391 616 1600 687 hunc
1692 614 1966 684 autem

422 747 746 819 modum
932 741 1012 814 in
1135 734 1474 811 animali
1573 727 1973 804 annuloso

409 885 551 937 seu
615 863 951 941 insecto,
986 860 1065 931 et
1125 855 1301 949 eJus
1354 848 1722 946 partibus
1766 843 1972 918 mul-

411 985 517 1054 tae
548 980 740 1051 sunt
778 973 1095 1048 animae.

144 1115 362 1189 Terqiqo-
506 1092 667 1166 Alii
752 1091 1049 1171 dicunt,
1122 1084 1331 1178 quod
1386 1080 1575 1174 quia
1626 1073 1976 1151 materia

156 1190 375 1293 νῦῗὲῗιί-
418 1222 504 1294 in
545 1217 905 1313 qualibet
939 1218 1173 1309 parte
1213 1213 1336 1284 est
1373 1226 1685 1282 summe
1714 1204 1977 1296 dispo-

140 1302 392 1414 ”iff‘i‘f'i'em‘
419 1338 584 1414 sita
616 1336 713 1411 ad
744 1335 994 1412 talem
1032 1330 1389 1405 formam
1423 1328 1763 1420 propter
1795 1339 1978 1393 con·

138 1426 386 1554 ῗῗεῖῗίἦζ
421 1454 937 1530 formitatem
986 1469 1172 1524 cum
1241 1449 1448 1526 toto,
1512 1442 1722 1515 sicut
1762 1440 1978 1512 Deus

202 1552 306 1603 et2.

416 1689 635 1766 tanti
730 1679 1292 1778 dispositionis
1394 1673 1739 1749 infundit
1814 1669 1980 1743 ani—

417 1828 667 1889 mam,
741 1805 859 1879 sic
947 1801 1084 1877 Sol
1179 1802 1257 1872 et
1349 1797 1514 1870 alia
1626 1808 1984 1884 corpora

418 1923 787 2001 coelestia
851 1941 1013 1994 non
1054 1918 1333 1992 sinunt
1365 1910 1801 1987 materiam
1842 1906 1987 1979 ali-

420 2062 669 2138 quam
703 2058 1017 2114 summe
1048 2032 1557 2128 dispositam,
1596 2026 1789 2120 quin
1826 2025 1987 2095 sta·
2022 2081 2031 2094 .

418 2159 581 2234 tim
641 2156 723 2230 in
753 2154 1031 2228 eodem
1074 2146 1413 2224 instanti
1446 2143 1786 2217 educant
1826 2137 1986 2211 for·

424 2295 647 2350 mam
733 2268 1200 2345 naturalem
1257 2266 1350 2337 de
1406 2258 1778 2356 potentia
1817 2274 1989 2328 ma-

426 2391 690 2467 teriae.
726 2390 893 2461 Nec
926 2388 1050 2459 est
1113 2376 1690 2455 inconveniens
1728 2373 1992 2466 ipsam

62 2549 71 2612 !
427 2508 770 2582 educere
813 2503 894 2576 in
955 2496 1326 2578 instanti,
1374 2493 1565 2588 quia
1616 2486 1989 2584 quaelibet

432 2644 631 2720 pars
676 2619 1043 2695 materiae
1111 2619 1239 2689 est
1279 2614 1362 2687 in
1398 2609 1691 2684 ultima
1734 2606 1995 2697 dispo-

436 2740 740 2814 sitione
808 2735 904 2809 ad
988 2732 1235 2808 talem
1321 2728 1704 2806 formam,
1776 2720 1843 2793 si
1900 2717 1999 2790 ab

441 2855 611 2928 alia
655 2854 894 2946 parte
933 2847 1366 2923 dividatur.
1865 2837 1873 2850 '

542 2970 706 3045 Alii
798 2967 1098 3047 dicunt,
1190 2960 1399 3055 quod
1494 2958 1708 3031 sicut
1793 2948 2001 3026 unus

447 3089 800 3183 punctus
866 3082 956 3155 fit
1020 3081 1174 3154 duo
1253 3077 1575 3171 puncta,
1631 3075 1718 3146 ut
1779 3072 2001 3163 patet

444 3207 533 3280 in
618 3201 1017 3277 divisione
1100 3196 1361 3276 lineae,
1441 3192 1576 3265 ubi
1656 3189 2003 3283 punctus

448 3321 943 3397 continuans
981 3336 1126 3409 per
1176 3311 1666 3387 divisionem
1698 3307 1789 3380 fit
1820 3306 2000 3386 duo,

449 3440 574 3512 ita
605 3436 688 3510 in
748 3432 1204 3530 proposito.

54 3538 71 3641 l
187 3569 365 3649 Οκξπςα
547 3554 711 3629 Alii
767 3552 1042 3626 dicunt
1084 3546 1288 3642 quod
1346 3563 1508 3615 non
1548 3544 1672 3613 cst
1705 3537 2004 3619 anima,

54 3656 55 3669 Ν
192 3648 368 3697 ‘'mm’‘
457 3674 600 3749 sed
657 3671 992 3746 effectus
1058 3663 1497 3739 derelictus
1548 3657 1646 3729 ab
1705 3654 2005 3735 anima,

456 3794 674 3866 sicut
753 3789 835 3863 in
897 3784 1159 3879 lapide
1236 3782 1422 3855 dum
1516 3773 2006 3870 projicitur:

452 3911 698 3984 durat
779 3909 1054 3979 autem
1129 3900 1213 3974 in
1297 3897 1463 3971 illis
1524 3890 2013 3967 animalibus

453 4028 804 4121 propter
834 4017 1403 4095 viscositatem
1462 4014 1542 4087 et
1586 4008 2014 4103 quamdam

455 4138 1190 4234 imperfectionem,
1254 4151 1429 4224 quae
1544 4122 1846 4199 sufficit
1921 4123 2016 4194 ad

460 4257 780 4331 motum
857 4249 1453 4343 imperfectum.
1526 4243 1696 4315 Ista
1768 4256 2018 4332 quan-

459 4375 640 4446 tum
729 4365 1130 4440 modicum
1206 4359 1469 4454 capio,
1561 4354 1855 4428 habent
1927 4350 2017 4423 de

461 4484 1072 4581 probabilitate,
1118 4486 1199 4555 et
1230 4479 1448 4553 forte
1510 4474 1715 4567 quod
1769 4487 2019 4543 unum

464 4600 953 4675 indivisibile
1027 4597 1169 4670 fiat
1253 4594 1431 4675 duo,
1516 4605 2022 4684 quocumque

468 4719 706 4792 modo
791 4715 1162 4809 implicat
1254 4705 2015 4784 contradictionem.

468 4832 849 4907 Teneatis
908 4830 1114 4924 quod
1152 4826 1405 4900 vultis
1443 4850 1457 4894 ε
1508 4821 1823 4916 primus
1859 4838 2020 4890 mo-

469 4951 618 5023 dus
678 4950 1001 5025 videtur
1035 4946 1233 5020 mihi
1293 4944 1389 5017 ad
1430 4960 1789 5036 praesens
1835 4954 2023 5029 pro-

475 5067 853 5141 babilior.

182 3046 357 3109 opinio.

50 4640 69 5085 *nst-*nur*—
54 4504 67 4609 -ιικιι-
52 4276 67 4459 -⁴----
54 4216 65 4239 η
54 4118 55 4127 *
54 4058 61 4069 .

3486 425 3604 489 493

2443 833 2911 920 QUAESTIO
3007 829 3238 903 XIII.

2087 1036 2445 1125 Supposito
2510 1030 2684 1120 quod
2758 1031 2988 1096 anima
3089 1022 3496 1092 intellectiva
3562 1022 3638 1087 in

2180 1161 2498 1240 quantum
2537 1147 2970 1224 intellectiva,
3004 1143 3091 1209 sit
3136 1142 3362 1226 forma
3408 1156 3638 1223 corpo-

2178 1267 2300 1348 νίς,ι
2372 1265 2699 1353 quoeritur
2757 1272 2983 1326 utrum
3040 1257 3412 1323 intellectus
3478 1273 3636 1319 con-

2170 1387 2446 1471 junctas
2477 1378 2814 1465 intelliqat
2844 1375 3188 1463 singyutare
3217 1371 3249 1438 ἴ)

415 1571 756 1667 corpori
824 1567 1220 1661 disposito
1292 1563 1375 1635 in
1440 1558 1735 1635 ultimo
1824 1555 1980 1628 ins·
2092 1564 3638 1643 AverroesastoAnima,com.9.Mirandulan.libas.

2163 1653 2227 1706 de
2246 1654 2521 1705 eversione
2539 1649 2823 1718 sinqular.
2837 1646 3165 1701 certaminis
3184 1659 3218 1695 a
3238 1645 3366 1695 sect.
3383 1637 3436 1695 4.
3451 1637 3650 1696 Thom.

2170 1723 2219 1778 1.
2251 1727 2399 1792 pare.
2431 1725 2620 1791 quast.
2661 1718 2752 1774 86.
2820 1722 2934 1773 art.
2973 1718 3020 1773 1.
3053 1712 3316 1770 Aureolus
3349 1712 3399 1767 1.
3454 1711 3511 1766 cl.
3554 1708 3643 1765 35.

2166 1799 2352 1865 quaest.
2376 1796 2427 1851 4.
2451 1798 2564 1848 art.
2602 1793 2645 1848 1.
2771 1788 2841 1846 ’(1.
2892 1788 3136 1858 quodlib.
3162 1783 3213 1841 1.
3263 1801 3314 1853 q.
3337 1783 3392 1838 9.
3424 1780 3647 1853 Gregor.

2174 1868 2226 1922 1.
2266 1867 2395 1921 dist.
2429 1863 2480 1920 3.
2513 1867 2700 1933 qua-st.
2774 1902 2786 1916 .
2812 1866 2924 1916 art.
2959 1859 3012 1915 1.
3044 1855 3263 1914 Richar.
3287 1858 3350 1910 in
3379 1857 3434 1909 2.
3466 1854 3524 1909 ἀ.
3557 1851 3647 1910 24.

2169 1942 2356 2064 gvaest.
2389 1938 2441 1992 4.
2474 1938 2678 1992 Duran.
2740 1936 2804 1989 in
2832 1932 2886 1989 2.
2944 1933 3075 1987 dist.
3105 1930 3160 1985 3.
3209 1930 3396 1997 qumi.
3431 1923 3483 1981 1.
3513 1927 3653 1981 Jan-

2207 2023 2302 2064 nn.
2332 2008 2387 2063 3.
2421 2010 2483 2063 de
2525 2008 2754 2074 Anima,
2779 2008 2970 2073 quaest.
3008 2002 3095 2059 11.
3126 2000 3292 2057 Tolet.
3324 2001 3512 2066 qumi.
3557 1993 3645 2053 12.

2172 2077 2442 2137 Conimbr.
2486 2077 2537 2134 3.
2585 2080 2650 2133 de
2679 2079 2906 2143 Anima,
2937 2090 3057 2144 cap.
3091 2072 3143 2130 8.
3177 2075 3362 2141 qumi.
3394 2067 3452 2124 5.
3508 2069 3653 2124 Sua-

2173 2166 2258 2207 rez
2289 2152 2386 2206 tib.
2407 2152 2464 2206 5.
2494 2151 2559 2204 de
2623 2150 2851 2205 Anima.
2902 2161 3022 2216 cap.
3056 2142 3108 2200 3.
3148 2146 3351 2202 Anton.
3381 2136 3553 2197 Andr.
3595 2139 3650 2196 7.

2177 2223 2393 2293 Met.q.
2432 2220 2518 2276 13.
2550 2225 2751 2278 Aversa
2782 2225 2913 2275 tom.
2964 2221 3020 2274 2.
3074 2217 3280 2271 Philas.
3329 2217 3517 2283 quest.
3560 2209 3649 2267 58.

2175 2301 2299 2350 sect.
2333 2297 2386 2351 4.
2418 2292 2681 2365 Complut.
2713 2294 2922 2361 disput.
2952 2290 3009 2345 7.
3041 2291 3104 2344 de
3133 2289 3363 2351 Anima,
3384 2289 3573 2351 quaest.
3599 2283 3651 2338 1.

2176 2371 2226 2421 et
2254 2366 2308 2422 ⁶2.
2340 2363 2473 2421 Vide
2499 2367 2649 2420 Docl.
2672 2368 2858 2434 quaest.
2894 2362 2981 2418 12.
3013 2362 3077 2414 de
3112 2360 3355 2424 Anima,
3383 2359 3432 2409 et
3462 2357 3650 2423 quodi.

2182 2436 2267 2494 13.
2301 2442 2414 2493 art.
2443 2433 2499 2492 2.
2531 2443 2580 2491 ee
2612 2438 2666 2493 3.
2697 2437 2828 2492 dist.
2854 2433 2941 2488 14.
2974 2436 3161 2501 quaese.
3197 2430 3249 2486 3.
3282 2431 3357 2484 ad
3380 2430 3486 2482 ute.
3519 2431 3569 2481 et
3595 2429 3650 2481 2.

2180 2512 2311 2566 dist.
2344 2507 2396 2564 3.
2426 2513 2614 2578 qumi.
2652 2509 2735 2564 11.
2758 2521 2917 2562 num.
2950 2503 3003 2561 9.
3034 2509 3087 2560 et
3116 2504 3245 2558 dist.
3271 2502 3392 2570 9.q.
3415 2503 3470 2555 2.
3496 2513 3657 2552 num.

2182 2580 2271 2637 35.
2303 2586 2351 2636 et
2379 2583 2444 2636 in
2473 2579 2526 2635 4.
2560 2579 2691 2637 dist.
2723 2578 2812 2637 45.
2844 2594 2895 2647 q.
2930 2574 2981 2633 3.
3016 2590 3177 2631 num.
3214 2575 3308 2631 21.
3342 2578 3391 2628 et
3420 2574 3478 2628 7.
3528 2570 3654 2625 Met.

2182 2670 2236 2724 q.
2271 2654 2360 2710 15.

2208 2831 2723 2925 Respondeo;
2771 2828 2991 2902 circa
3033 2826 3239 2899 hanc
3290 2823 3666 2918 quaestio-

2122 2969 2307 3021 nem
2371 2947 2540 3020 tria
2626 2944 2959 3018 ostendo
3000 2967 3014 3012 :
3078 2941 3445 3016 Primum
3540 2938 3663 3010 est

2120 3065 2518 3160 quomodo
2560 3082 2648 3136 se
2679 3061 2970 3134 habeat
3013 3059 3379 3150 cognitio
3416 3055 3671 3128 sensi-

2118 3181 2292 3254 tiva
2332 3179 2427 3252 ad
2463 3175 3052 3253 intellectivam
3086 3180 3120 3245 ‘2
3195 3173 3669 3254 Secundum,

2121 3296 2520 3390 quomodo
2557 3294 3014 3368 intellectus
3038 3288 3676 3382 animaecorpori

2124 3414 2375 3489 unitae
2438 3412 2857 3503 singulare
2935 3412 3377 3502 cognoscat
3408 3412 3442 3477 ‘2
3485 3408 3678 3478 Ter-

2120 3533 2330 3607 tium
2359 3528 2916 3623 est,quomodo
2948 3526 3214 3619 ipsum
3237 3522 3680 3618 apprehen-

2123 3650 2283 3731 dat,
2347 3653 2626 3722 utrum
2685 3645 3014 3728 directe,
3048 3642 3178 3715 vel
3239 3662 3385 3735 per
3455 3641 3678 3714 refle-

2126 3768 2481 3840 xionem.

2641 4071 3070 4130 ARTICULUS
3140 4072 3183 4127 Ι.

2140 4257 2448 4333 Qualiter
2474 4275 2543 4320 se
2580 4254 2815 4319 habeat
2857 4254 3149 4339 coqnitio
3223 4252 3546 4321 sensitiva
3611 4250 3686 4318 in

2445 4370 2686 4437 ordine
2718 4369 2809 4435 ad
2848 4369 3327 4438 intellectivam
3357 4368 3390 4436 ?

2226 4568 2465 4643 Circa
2505 4567 2863 4661 primum
2925 4570 3050 4641 est
3085 4568 3685 4650 ostendendum,

2141 4685 2346 4779 quod
2406 4682 2489 4755 in
2528 4682 2857 4756 homine
2915 4685 3038 4755 est
3099 4683 3262 4755 alia
3320 4684 3686 4775 cognitio

2138 4821 2185 4876 a
2222 4801 2640 4876 sensitiva.
2678 4800 3062 4882 Secundo,
3088 4802 3291 4893 quod
3325 4800 3407 4873 in
3438 4799 3692 4872 homi-

2138 4940 2237 4993 ne
2312 4921 2438 4991 est
2481 4917 2744 4991 omnis
2798 4915 3157 5009 cognitio
3199 4915 3299 4988 ab
3339 4915 3693 4990 intellec-

2137 5036 2334 5111 tiva.
2372 5033 2675 5118 Tertio,
2706 5034 2911 5126 quod
2934 5034 3016 5107 in
3038 5032 3364 5107 homine
3387 5036 3509 5105 est
3540 5053 3698 5106 om-

2140 5152 2267 5226 nis
2291 5150 2652 5243 cognitio
2677 5148 3097 5224 sensitiva.
3123 5151 3459 5231 Quarto,
3490 5148 3695 5240 quod

2142 5270 2320 5343 istae
2363 5270 2534 5341 duee
2585 5266 3124 5360 cognitiones,
3179 5265 3574 5339 sensitiva
3614 5268 3697 5339 et

2143 5387 2677 5471 intellectiva,
2725 5385 2887 5460 sint
2939 5385 3022 5460 in
3077 5384 3406 5458 homine
3468 5388 3695 5458 natu-

2144 5505 2441 5583 raliter
2499 5505 2920 5587 ordinatae,
2983 5523 3078 5575 ac
3148 5523 3295 5595 per
3353 5501 3506 5575 hoc
3584 5522 3699 5575 se-

2142 5623 2485 5702 cundum
2539 5621 2765 5715 prius
2806 5622 2885 5694 et
2930 5618 3370 5714 posteriuS,
3426 5639 3701 5693 secun-
