4252 6393
657 385 780 446 774

650 541 789 613 illa
905 559 1064 612 non
1165 536 1605 613 existente,
1724 531 2190 604 intellectus

645 677 814 729 non
847 658 1066 729 esset
1102 652 1369 724 minus
1406 650 1845 744 perfectus,
1899 669 2044 719 nec
2090 652 2191 716 in-

641 777 984 863 telliqere,·
1026 788 1226 860 ergo
1258 788 1419 840 non
1455 771 1780 859 oportet
1825 764 2016 837 illud
2063 783 2192 856 po·

641 906 845 959 nere
895 886 975 957 in
1030 884 1457 958 intellectu
1490 882 1786 960 divino,
1829 879 2035 971 qnod
2066 899 2193 950 ex-

641 1005 1005 1080 cluditur
1039 1024 1187 1097 per
1226 1006 1626 1075 octavam.
1673 1004 1901 1079 Item,
1944 996 2195 1070 inlini-

644 1129 774 1198 tas
837 1118 1492 1210 intelligibilium
1558 1118 1824 1210 specie
1874 1114 2196 1188 conclu-

641 1243 866 1316 ditur
932 1259 1031 1311 ex
1098 1236 1474 1308 numeris
1532 1240 1611 1308 et
1683 1233 1999 1322 figuris,
2054 1253 2200 1324 per

648 1357 1211 1448 Augustinum
1255 1356 1361 1425 12.
1399 1356 1482 1422 de
1518 1358 1664 1420 (liv.
1702 1376 1850 1439 cap.
1891 1355 1999 1423 18.

742 1472 1131 1553 Secundo,
1238 1470 1570 1542 ostendo
1691 1467 2199 1560 propositum

653 1592 811 1663 sie:
859 1593 1128 1663 Causa
1157 1588 1446 1679 prima,
1473 1585 1601 1658 cui
1631 1584 2066 1656 seeundum
2096 1582 2205 1653 nl·

659 1707 956 1781 timum
992 1724 1156 1776 snae
1189 1702 1732 1782 camminatis,
1795 1720 2043 1773 cansa
2094 1721 2208 1768 se-

660 1825 917 1897 cunda
949 1820 1247 1915 aliquid
1292 1819 1818 1913 perfectionis
1870 1817 2081 1890 addit
2132 1817 2209 1889 in

661 1938 1098 2020 causando,
1135 1957 1298 2008 non
1329 1935 1649 2010 videtur
1683 1935 1859 2006 sola
1895 1935 2011 2006 ita
2039 1954 2211 2025 per-

660 2056 874 2129 fecte
916 2075 1262 2128 causare
1306 2053 1715 2130 effeetnm,
1765 2051 1977 2123 sient
2027 2071 2213 2122 cnm

662 2172 840 2264 ipsa
861 2191 1112 2244 eausa
1135 2170 1504 2249 secunda,
1538 2168 1724 2259 qnia
1765 2166 2213 2239 causalitas

661 2290 927 2361 solum
963 2286 1249 2379 primae
1291 2284 1687 2356 diminuta
1719 2288 1843 2356 est
1895 2303 2216 2374 respec-

653 2410 740 2479 tu
763 2403 1273 2477 causalitatis
1293 2401 1356 2472 si
1373 2400 1533 2472 mul
1551 2399 1971 2471 ambarum
1991 2418 2215 2484 uirgo

653 2524 718 2596 si
747 2522 963 2602 illud,
1000 2521 1204 2613 qnod
1238 2523 1515 2592 natum
1541 2522 1865 2589 estesse
1892 2537 1938 2586 a
1969 2536 2219 2586 cansa

656 2637 1004 2711 secunda
1037 2640 1115 2709 et
1162 2635 1451 2727 prima,
1499 2633 1739 2703 simul
1798 2632 1903 2703 sit
1958 2631 2216 2703 multo

665 2753 1114 2848 perfectius
1170 2772 1217 2822 a
1259 2751 1436 2822 sola
1500 2750 1794 2842 prima,
1870 2749 2218 2820 secunda

660 2870 858 2943 nihil
904 2867 1434 2962 perfectionis
1473 2865 1687 2939 addit
1727 2867 2049 2958 primae:
2085 2867 2218 2937 sed

667 2988 890 3061 omni
957 2987 1185 3060 finito
1256 2985 1468 3057 alind
1544 2985 1925 3064 additum,
2002 2984 2220 3057 addit

671 3105 1035 3198 aliquam
1098 3102 1722 3198 perfectionem;
1777 3121 1975 3188 ergo
2029 3101 2218 3175 talis

351 3258 576 3307 Nullum
669 3242 919 3295 cansa
971 3221 1240 3314 prima
1290 3224 1416 3293 est
1473 3220 1813 3291 infinita.
1877 3219 1986 3290 Ad
2038 3238 2218 3310 pro-

315 3321 641 3445 j‘ssssssssfffiffg,
673 3337 1055 3431 positum,
1087 3338 1382 3411 notitia
1406 3337 1992 3425 cujuscumque
2028 3354 2120 3404 na
2142 3339 2221 3406 ta.

323 3446 644 3555 ἀζξὸξῧέζζζῗδ·
672 3462 797 3530 ost
829 3455 1053 3546 gigni
1086 3455 1183 3525 ah
1218 3455 1419 3547 ipse,
1460 3455 1670 3526 sieut
1695 3475 1740 3523 a
1765 3472 2014 3524 cansa
2045 3471 2222 3542 pro-

325 3569 646 3695 *εῗνζζζζξξω
675 3571 923 3651 xima,
960 3576 1039 3645 et
1078 3570 1427 3642 maxime
1465 3569 1603 3640 illa
1639 3590 1812 3659 quw
1836 3566 2216 3646 estvisim

675 3705 874 3777 ergo
920 3686 987 3759 si
1043 3686 1287 3758 alicui
1328 3685 1772 3759 intellectui
1829 3684 1968 3756 illa
2013 3685 2221 3757 inest

677 3803 848 3875 sine
895 3802 1219 3875 actione
1274 3822 1782 3894 quacumque
1845 3802 2036 3876 talis
2095 3803 2222 3874 ob-

666 3921 889 4012 jecti,
951 3921 1082 3991 sed
1142 3922 1703 3993 tantummodo
1766 3942 1861 3992 ex
1913 3920 2223 3993 virtute

675 4038 1018 4111 alterins
1071 4037 1366 4130 objecti
1440 4038 1767 4130 prioris,
1833 4039 2040 4129 quod
2089 4058 2222 4110 na-

675 4159 991 4229 tnmest
1014 4176 1193 4226 esse
1214 4175 1463 4226 cansa
1490 4155 1880 4246 superior
1909 4176 2221 4246 respec-

673 4276 757 4343 tu
800 4270 992 4343 talis
1036 4271 1559 4361 cognitionis,
1607 4271 1982 4362 seqnitur
2015 4271 2221 4361 qnod

675 4386 868 4458 illud
914 4386 1322 4476 objectum
1357 4386 1739 4477 superius
1787 4391 1912 4459 est
1969 4385 2220 4455 intini-

672 4509 849 4576 tum
896 4503 974 4575 in
1015 4504 1750 4593 cognoscibilitate,
1800 4503 1988 4595 qnia
2034 4501 2221 4573 infe-

675 4624 846 4694 rius
879 4624 1081 4696 nihil
1126 4622 1274 4695 sibi
1305 4623 1516 4695 addit
1545 4619 1618 4691 in
1647 4620 2219 4710 cognoscibili-

673 4744 881 4812 tate:
947 4740 1109 4813 tale
1171 4739 1575 4829 objectum
1638 4739 2014 4830 superius
2095 4741 2220 4810 est

673 4858 969 4927 natura
1034 4855 1323 4947 prima,
1380 4854 1566 4945 qnia
1625 4876 1722 4925 ex
1784 4852 2220 4945 praesentia.

673 4972 847 5042 sola
900 4971 1074 5061 ejus
1126 4971 1330 5063 apud
1383 4970 1890 5044 intellectum
1944 4970 2213 5061 primi,

668 5088 893 5159 nullo
930 5089 1090 5160 alio
1128 5089 1445 5178 objecto
1482 5091 2053 5167 concausante‚
2093 5090 2216 5158 est

670 5206 967 5279 notitia
1000 5206 1578 5296 cujuscumque
1629 5205 1926 5295 objecti
1973 5205 2051 5275 in
2108 5204 2215 5275 in-

668 5321 1021 5399 tellectu,
1075 5343 1172 5392 ex
1229 5328 1518 5393 octava
1567 5321 1833 5409 hujus,
1897 5326 1976 5393 et
2046 5340 2216 5412 per-

669 5436 1119 5509 fectissima
1152 5459 1248 5509 ex
1285 5438 1630 5509 secunda
1673 5436 1955 5525 hujns;
2012 5458 2214 5523 ergo

667 5555 980 5629 nullum
1050 5555 1265 5628 aliud
1332 5554 1845 5646 intelligibile
1913 5554 2216 5646 aliquid

1860 375 1964 436 DE
2007 368 2250 435 PRlMO
2294 368 2685 434 PRINClPlO

2304 528 2453 601 sibi
2497 529 2709 602 aldit
2746 528 2827 600 in
2860 529 3568 620 cognoscibilitate
3610 554 3626 610 ;
3664 548 3868 618 ergo

2304 650 2426 720 est
2477 648 2914 729 infinitum3
2972 649 3087 722 sic
3141 648 3398 738 igitur
3429 652 3509 722 et
3552 648 3632 720 in
3667 647 3868 720 enti-

2304 767 2499 845 tate‚
2577 764 2766 855 qnia
2820 766 3435 858 unumquodque
3504 766 3717 839 sicut
3782 785 3869 835 se

2306 881 2543 954 habet
2577 882 2669 953 ad
2711 906 2864 962 esse,
2907 882 3021 955 ita
3053 883 3147 954 ad
3181 881 3590 974 cognosci.

2401 998 2549 1069 Hie
2613 997 3010 1070 instatur:
3066 1018 3266 1088 ergo
3334 999 3557 1071 nulla
3612 1019 3866 1072 eausa
4019 1014 4109 1091 ¹32

2312 1115 2658 1187 secunda
2692 1136 2866 1206 quae
2899 1120 3022 1189 est
3056 1114 3310 1196 finita,
3355 1120 3620 1207 potest
3658 1116 3866 1189 sace·
3920 1079 4224 1191 ZZZ?

2314 1252 2402 1304 re
2436 1231 2820 1305 notitiam
2853 1231 3174 1307 causati
3221 1232 3335 1306 ita
3384 1233 3859 1324 perfectam,

2316 1348 2530 1423 sicut
2564 1354 2757 1422 nata
2798 1355 2921 1423 est
2973 1350 3305 1422 causari
3359 1351 3457 1422 ab
3513 1351 3869 1443 ipsomet

2317 1470 2679 1547 causato,
2718 1467 2922 1558 qnod
2958 1468 3249 1539 falsum
3303 1471 3454 1548 est,
3501 1468 3690 1559 quia
3739 1488 3869 1540 eo-

2319 1581 2580 1673 gnitio
2633 1603 2776 1674 per
2829 1602 3161 1655 eausam
3217 1583 3667 1676 perfectior
3713 1590 3868 1666 est,

2322 1718 2561 1790 qnam
2602 1698 2717 1770 rei
2751 1719 2848 1769 ex
2885 1721 2969 1770 se
3004 1699 3175 1770 sine
3208 1720 3482 1771 causa.
3517 1702 3745 1782 Item,
3774 1723 3872 1772 ex

2323 1814 2472 1887 hoc
2509 1814 2714 1907 quod
2750 1816 3015 1908 prima
3048 1835 3297 1888 eausa
3352 1816 3468 1889 ita
3515 1817 3877 1910 perfecte

2325 1938 2612 2006 causat
2647 1933 2819 2004 sine
2854 1933 3226 2012 secunda,
3256 1933 3467 2006 sicut
3493 1934 3871 2015 cumilla,

2325 2070 2485 2121 non
2519 2050 2837 2122 videtur
2871 2050 3122 2144 sequi,
3149 2050 3305 2122 nisi
3331 2051 3541 2141 quod
3567 2049 3876 2142 perfec-

2328 2166 2634 2240 tionem
2686 2167 3052 2239 secundae
3106 2165 3343 2240 habet
3400 2167 3870 2260 perfectius,

2330 2304 2571 2375 qnam
2607 2282 2782 2375 ipsa
2816 2284 3203 2355 secunda:
3259 2283 3410 2357 hoc
3459 2304 3619 2356 non
3666 2284 3875 2357 vide-

2331 2406 2469 2475 tur
2539 2401 3019 2473 concludere
3096 2401 3611 2482 infinitatem,
3685 2402 3877 2493 qnia

2330 2517 2561 2590 finita
2582 2518 2972 2609 perfectio
3004 2522 3267 2611 potest
3315 2539 3493 2590 esse
3524 2517 3877 2590 eminen-

2331 2634 2503 2707 tior
2525 2633 3024 2726 perfectione
3048 2636 3414 2708 seeundae
3437 2655 3733 2708 eausae.

2427 2755 2653 2831 Item,
2692 2751 2881 2824 licet
2913 2752 3112 2825 nihil
3147 2753 3380 2826 addat
3416 2752 3493 2823 in
3545 2772 3882 2824 causan-

2330 2868 2427 2940 do
2463 2868 2749 2960 primae
2781 2868 3252 2942 causalitati
3286 2869 3719 2942 seeundum
3770 2869 3881 2940 ul·

2330 2984 2623 3057 timum
2660 2988 3083 3076 potentiae:
3140 2987 3544 3078 quomodo
3594 2988 3881 3079 proba-

2334 3105 2495 3181 tur,
2550 3102 2755 3192 qnod
2807 3101 3004 3173 nihil
3067 3101 3279 3176 addit
3342 3103 3419 3175 in
3481 3104 3877 3176 essendo?

2332 3219 2634 3290 namin
2686 3222 3090 3291 causando
3141 3219 3410 3293 lumen
3463 3221 3540 3292 in
3592 3224 3877 3304 medio,

2334 3335 2401 3406 si
2459 3336 2612 3409 iste
2665 3336 2797 3409 Sol
2854 3342 3235 3410 cansaret
3286 3341 3674 3428 qnantum
3727 3359 3885 3411 me-

2331 3451 2547 3523 dium
2590 3457 2859 3545 posset
2899 3453 3286 3545 recipere,
3325 3454 3534 3525 alius
3578 3454 3714 3527 Sol
3768 3454 3880 3525 ni-

2335 3571 2448 3642 hil
2484 3571 2807 3642 adderet
2844 3570 2994 3642 sihi
3034 3571 3109 3642 in
3143 3572 3575 3651 causando,
3629 3575 3709 3645 et
3763 3577 3880 3645 ta-

2338 3707 2515 3759 men
2576 3687 2900 3760 adderet
2948 3687 3099 3759 sihi
3145 3689 3222 3759 in
3274 3690 3633 3769 essendo,
3691 3711 3879 3762 cum

2334 3809 2551 3877 esset
2602 3803 2812 3875 alins
2886 3805 3048 3878 Sol.
3126 3808 3248 3877 Ita
3309 3807 3389 3878 in
3458 3806 3874 3880 intellectu

2336 3921 2579 4016 primi
2637 3927 2761 3993 est
2836 3922 3159 4004 notitia,
3236 3928 3541 4014 quanta
3609 3928 3877 4016 potest

2334 4060 2514 4110 esse
2547 4059 2645 4109 ex
2705 4038 3139 4129 praesentia
3194 4040 3480 4130 primae
3530 4043 3872 4121 naturae,

2338 4163 2423 4231 nt
2460 4156 2796 4246 objecti:
2838 4157 3182 4227 secunda
3214 4176 3415 4246 ergo
3467 4178 3714 4230 cansa
3764 4159 3879 4230 ni-

2335 4271 2447 4343 hil
2481 4271 2694 4345 addit
2731 4272 2809 4343 in
2841 4271 3272 4351 causando,
3312 4272 3499 4363 qnia
3542 4292 3702 4343 non
3752 4278 3881 4345 est

2333 4393 2616 4461 natum
2662 4409 2907 4479 agere
2960 4389 3037 4461 in
3095 4388 3321 4460 illum
3375 4388 3875 4463 intellectum

2326 4507 2499 4598 jam
2562 4526 2873 4577 summe
2928 4511 3376 4587 actuatum,
3445 4509 3655 4580 sieut
3731 4529 3878 4580 nec

2333 4623 2543 4694 alins
2579 4621 2713 4696 Sol
2750 4622 2825 4693 in
2865 4624 3238 4694 medium.
3269 4623 3485 4695 Unde
3511 4624 3578 4695 si
3604 4645 3699 4696 ex
3728 4624 3876 4696 hoc

2338 4740 2732 4832 probatur
2780 4737 2979 4810 nihil
3032 4739 3319 4810 addere
3372 4739 3451 4811 in
3504 4741 3866 4819 essendo,

2332 4857 2652 4929 videtur
2719 4855 3261 4928 consimiliter
3332 4856 3598 4947 argui,
3659 4859 3866 4948 quod

2336 4978 2560 5045 terra
2611 4972 2809 5044 nihil
2862 4973 3094 5045 addat
3147 4972 3311 5045 Soli
3369 4972 3446 5044 in
3508 4974 3870 5055 essendo,

2333 5090 2519 5185 qnia
2554 5088 2755 5161 nihil
2791 5090 3002 5162 addit
3039 5090 3115 5162 in
3151 5089 3558 5161 causando
3604 5090 3872 5163 lumen

2334 5208 2409 5278 in
2447 5206 2726 5278 medio.
3896 5208 4231 5330 {2225252132

2418 5324 2529 5394 Ad
2583 5322 2737 5396 ista
2789 5323 3265 5413 respondeo:
3328 5323 3435 5395 Ad
3490 5322 3865 5414 primum,
3894 5333 4097 5395 plia-m
4132 5348 4232 5379 ”0-

2330 5439 2532 5529 quod
2569 5438 2755 5528 qnia
2803 5437 3004 5508 nihil
3054 5438 3494 5511 scientifice
3551 5404 4233 5569 ⁰0¹¹0¹¹¹·⁸J{{¹5⁶‘’3¹}'.533‘

3818 5558 3828 5566 .
3894 5536 3912 5567 Ι
3989 5539 4046 5570 m
4075 5536 4219 5570 uum

2326 5554 2544 5629 ditur
2574 5556 2665 5629 de
2698 5554 2999 5648 aliquO,
3039 5555 3194 5628 nisi
3229 5556 3309 5628 in
3355 5578 3439 5629 se
3480 5556 3864 5651 simplici-

3994 5588 4139 5650 ejus.
