4252 6393
1803 448 2055 511 CAPUT
2101 450 2145 508 Ι.

3441 443 3558 510 7,·25,

367 626 731 715 principiO,
757 624 1098 708 etcopiose
1123 622 1190 685 in
1215 618 1571 684 Francisco
1604 615 1950 698 Mayrom's
1972 613 2126 678 dise.
2155 612 2262 680 12.
2306 623 2369 676 et
2402 612 2505 680 123.
2550 609 2760 696 primi
2794 611 3081 691 Constat.
3104 618 3163 672 e!
3193 607 3374 693 apud
3405 609 3575 673 alios

371 733 830 801 I⁴¹ormalislas.
883 732 1148 808 Quoties
1197 729 1374 792 enim
1438 726 1784 810 prioritas,
1851 720 2252 787 toties-'ordo
2309 720 2662 804 accipitur,
2727 729 2786 782 cc
2860 740 2893 782 c
2934 728 3187 794 contra,
3254 715 3585 802 quidquid

374 844 599 908 dicant
641 841 981 907 obstinati.
1053 838 1198 902 Vult
1251 855 1407 918 eryo
1465 833 1754 896 breviter
1801 833 1868 894 in
1921 831 2042 894 hoe
2082 830 2305 914 primo
2355 849 2499 913 cap.
2540 826 2712 913 quod
2752 825 2915 889 ordo
2957 825 3346 902 essentiali&
3401 825 3576 891 alius

375 951 714 1038 proprium,
769 949 948 1013 alins
992 944 1383 1011 communis.
1426 939 1809 1005 Communis
1853 958 2029 1012 vem,
2102 936 2279 998 alites
2330 933 2802 1008 eme‘nmtlialis,
2867 932 3042 995 alins
3090 931 3589 1017 dependentium,

380 1057 850 1145 Dependentiw
881 1076 1132 1143 quoqne
1171 1055 1347 1117 alius
1404 1050 1659 1115 causali
1690 1046 1778 1110 mi
1809 1066 2099 1121 causam,
2145 1046 2260 1129 qni
2298 1055 2388 1107 es!
2413 1042 2839 1128 quadruplae
2896 1041 3253 1106 secundum
3296 1051 3576 1126 quatuor

375 1189 641 1238 causas;
682 1166 859 1230 ale‘ns
897 1165 1156 1228 causati
1207 1159 1606 1248 posterioris
1637 1155 1725 1220 ad
1774 1164 2114 1219 causatum
2172 1154 2362 1238 prius
2411 1151 2701 1236 ejusdcm
2759 1173 2993 1228 caus-w,
3031 1161 3089 1212 ee
3122 1151 3239 1213 leoc
3282 1150 3380 1212 vel
3417 1169 3578 1233 pro-

373 1279 640 1365 pinque,
691 1275 791 1339 vel
822 1284 1062 1338 remote
1104 1300 1123 1336 .·
1157 1282 1216 1336 et
1256 1270 1438 1334 deber
1485 1266 1780 1350 intelliqe‘
1818 1264 1899 1328 de
1939 1262 2179 1328 orde'nc
2221 1262 2680 1334 essentiarum,
2719 1272 2992 1345 propter
3050 1258 3442 1323 instantiam
3487 1277 3570 1320 tw

376 1389 592 1472 prima
626 1396 850 1472 quwst.
905 1384 1107 1458 tertii,
1156 1393 1215 1446 el
1259 1383 1364 1449 19.
1410 1387 1634 1463 qwost.
1700 1374 2100 1451 Quodlibeci,
2138 1374 2218 1438 de
2251 1371 2694 1458 dcpendcnlc'a
2738 1378 2994 1434 namra·
3042 1370 3131 1434 ml
3160 1369 3569 1454 suppositum

378 1516 569 1582 quam
605 1505 789 1558 vocal
841 1492 1277 1568 essentialem,
1313 1500 1371 1552 et
1402 1487 1592 1572 ponit
1636 1486 2046 1548 mutilitatem
2083 1484 2151 1545 ‘in
2187 1480 2509 1558 omnibus,
2566 1492 2624 1542 el
2690 1478 3059 1544 rationibus
3098 1479 3472 1558 confirmat,
3510 1485 3569 1537 cl

374 1608 670 1670 declara!
705 1603 1014 1674 membra,
1061 1601 1173 1666 ubi
1214 1601 1416 1664 lectar
1453 1597 1650 1684 plura
1683 1595 1893 1659 addat
1937 1594 2319 1678 diligyenlmn

842 2123 1441 2189 ANNOTATIONES

479 2323 660 2383 Circa
723 2318 889 2379 dicta
944 2317 1010 2378 in
1075 2316 1198 2376 hoc
1263 2313 1470 2390 primo
1544 2326 1690 2386 cap.
1759 2324 1911 2386 pos-

371 2434 518 2491 sent
587 2427 791 2489 multa
853 2422 1113 2502 inquiri,
1178 2419 1298 2482 sed
1362 2433 1570 2495 pauca
1622 2422 1909 2490 tangam,

372 2537 548 2600 unde
610 2535 696 2597 ad
746 2534 995 2612 majora
1035 2532 1243 2592 lector
1284 2533 1643 2588 moveatur.
1673 2525 1908 2596 Prim0‚

376 2660 576 2724 quare
605 2638 1184 2719 aproprielatibus
1228 2637 1504 2713 passivis
1549 2634 1753 2711 ipsius
1800 2648 1909 2693 en·

374 2753 449 2814 tis
478 2751 749 2828 incepit,
783 2764 930 2809 cum
976 2745 1295 2807 absolutae
1328 2744 1458 2804 sint
1501 2742 1766 2821 majoris
1790 2756 1906 2801 en-

376 2860 591 2935 utatis,
666 2861 733 2918 et
795 2872 915 2933 per
975 2868 1396 2930 consequens
1443 2847 1904 2928 cognoscibili·
1953 2901 1961 2908 .

375 2969 538 3029 tatis.
586 2963 920 3035 SecundO,
972 2977 1175 3040 quare
1218 2959 1375 3021 dicit
1413 2958 1591 3021 illam
1637 2959 1910 3035 primam

371 3076 756 3138 divisionem
801 3086 948 3132 esse
1009 3069 1331 3148 aequivoci
1371 3071 1435 3130 in
1479 3067 1912 3144 aequivocata,

375 3201 513 3246 cum
561 3186 780 3244 tamen
813 3177 976 3242 ordo
1028 3175 1395 3240 essentialis
1439 3173 1688 3237 dividat
1729 3172 1903 3235 ordi-

373 3308 521 3354 nem
565 3291 631 3352 in
691 3289 1021 3349 communi
1085 3289 1307 3347 contra
1375 3281 1901 3344 accidentalem:

371 3398 850 3478 aequivocatum
894 3399 1103 3455 autem
1149 3395 1216 3453 in
1288 3390 1494 3469 prima
1561 3390 1905 3457 divisione,

368 3506 626 3569 videtur
662 3504 1024 3565 univocans
1063 3502 1130 3562 in
1178 3496 1496 3570 secunda,
1545 3496 1732 3558 aliter
1783 3514 1907 3557 vox

367 3615 430 3675 in
474 3627 673 3674 voces
715 3610 1140 3672 divideretur.
1195 3608 1377 3675 Item,
1439 3605 1765 3682 sequitur,
1813 3610 1914 3665 est

369 3719 526 3783 ordo
590 3717 1068 3785 eminentialis;
1129 3730 1288 3793 ergo
1347 3712 1736 3785 essentialis,
1787 3712 1907 3773 sed

365 3829 428 3888 in
472 3826 831 3905 aequivocis
877 3838 1009 3885 non
1055 3827 1157 3884 est
1210 3822 1714 3897 consequentia,
1783 3836 1906 3882 nec

368 3932 712 4011 oppositio.
763 3932 950 3991 Plura
997 3929 1121 3990 alia
1151 3926 1392 3988 motiva
1437 3928 1521 3988 ad
1581 3927 1706 3987 hoc
1750 3944 1901 4004 pos-

361 4045 511 4101 sent
553 4035 816 4101 adduci.
862 4036 1104 4107 Tertio,
1150 4038 1377 4096 contra
1422 4035 1701 4110 primam
1747 4034 1900 4095 divi·

362 4145 620 4208 sionem
642 4143 991 4221 objicitur3
1045 4145 1183 4202 tum
1222 4146 1374 4217 quia
1401 4139 1702 4199 membra
1728 4139 1901 4202 coin·

364 4253 607 4323 cidunt,
654 4249 808 4329 quia
875 4248 1174 4310 eminens
1238 4251 1338 4308 est
1408 4246 1899 4324 independenS,

365 4366 431 4422 et
474 4377 509 4421 e
556 4363 809 4431 contra,
856 4361 928 4417 ut
969 4354 1265 4425 videtur;
1318 4357 1652 4433 tum,quia
1698 4370 1900 4415 mem·

356 4471 474 4531 bra
537 4485 669 4529 non
741 4463 1147 4528 sufficienter
1204 4470 1527 4525 evacuant
1590 4462 1895 4535 divisum,

2027 2122 2377 2184 processus
2410 2104 2564 2166 nihil
2617 2106 2759 2166 erit.
2796 2104 3059 2178 Quinto,
3093 2100 3358 2162 videtur
3386 2098 3565 2178 quod

2025 2216 2573 2277 inconvenienter
2623 2211 2780 2273 dicit
2842 2208 3143 2271 ordinem
3191 2224 3338 2269 esse
3400 2206 3564 2271 entis

2023 2321 2428 2398 passionem,
2477 2327 2541 2381 et
2573 2335 2719 2380 cum
2754 2316 3119 2395 hocipsum
3161 2331 3307 2376 esse
3363 2314 3566 2392 aequi-
3610 2337 3619 2342 ·

2023 2432 2334 2507 parantiae
2376 2429 2788 2499 relationem,
2838 2427 2984 2505 quia
3036 2427 3235 2485 etiam
3297 2421 3563 2483 inferius
3635 2470 3646 2482 .

2024 2554 2143 2613 per
2213 2553 2286 2597 se
2357 2541 2536 2596 esset
2598 2534 2811 2609 passio
2875 2530 3254 2608 superioris.
3331 2531 3553 2598 Sexto,

2023 2644 2193 2703 circa
2226 2641 2593 2703 secundum
2630 2641 2996 2701 membrum
3042 2636 3344 2699 secunda}
3407 2632 3559 2693 div-i-

2020 2751 2222 2813 sionis
2253 2750 2636 2812 dubitatur:
2688 2751 2836 2827 quia
2897 2763 3020 2809 non
3068 2746 3326 2807 videtur
3383 2740 3564 2821 quod

2019 2859 2283 2922 sitordo
2313 2859 2702 2925 essentialis,
2728 2857 2849 2920 sed
2882 2856 3097 2935 potius
3140 2852 3564 2915 accidentalis

2021 2965 2378 3026 effectuum
2450 2964 2622 3025 inter
2686 2980 2782 3034 se,
2851 2964 2974 3023 nisi
3034 2967 3317 3038 ponatur
3359 2975 3565 3030 unum

2021 3088 2170 3133 esse
2243 3087 2509 3134 causam
2581 3072 2873 3140 alterius,
2923 3076 2988 3132 et
3053 3075 3205 3130 tunc
3268 3069 3563 3132 membra

2019 3180 2495 3243 coinciderent.
2543 3182 2969 3256 Assumplum
3001 3178 3355 3256 probatur:
3404 3177 3557 3254 quia

2016 3290 2120 3350 vel
2168 3288 2445 3349 effectus
2475 3288 2635 3348 tales
2671 3290 3135 3363 comparantur
3175 3283 3259 3344 ad
3292 3299 3559 3344 causam

2019 3396 2315 3473 primam,
2375 3395 2480 3455 vel
2564 3392 2649 3455 ad
2720 3408 2988 3454 causam
3040 3389 3454 3452 secundam:
3503 3392 3556 3450 si

2018 3501 2224 3577 primo
2262 3498 2480 3571 modo,
2529 3515 2679 3559 cum
2723 3496 2877 3560 nihil
2911 3497 2993 3558 ad
3026 3501 3207 3558 extra
3238 3510 3550 3556 necessa·

2018 3610 2109 3669 rio
2146 3608 2299 3684 agit,
2337 3623 2495 3684 ergo
2529 3610 2748 3682 potest
2779 3621 3029 3681 ponere
3054 3605 3335 3681 primum
3360 3602 3553 3664 effec-

2018 3719 2176 3790 tum,
2198 3728 2327 3776 non
2353 3712 2660 3790 ponendo
2694 3709 3089 3777 secundum.
3118 3717 3185 3771 et
3217 3727 3251 3767 e
3286 3713 3508 3769 contra
3537 3728 3549 3768 ε

2017 3830 2069 3891 si
2115 3824 2413 3889 secundo
2445 3823 2669 3895 modo,
2700 3840 2847 3884 cum
2872 3824 3013 3884 talis
3064 3822 3275 3883 taliter
3302 3825 3545 3890 movet,

2015 3940 2183 4000 sicut
2253 3941 2554 3997 movetur
2607 3950 2640 3992 a
2701 3932 2948 4008 primo;
3011 3945 3170 4007 ergo
3231 3931 3303 3988 ut
3375 3927 3552 4003 prius

2015 4047 2233 4120 potest
2312 4057 2584 4105 causare
2657 4038 3051 4107 secundum,
3126 4052 3260 4097 non
3331 4036 3541 4111 posito

2015 4152 2246 4228 primo.
2282 4152 2463 4211 Plura
2511 4148 2635 4209 alia
2679 4147 2781 4207 hic
2826 4150 3097 4222 possent
3130 4142 3392 4215 adduci,
3425 4141 3548 4203 sed

2011 4257 2112 4318 his
2143 4257 2369 4318 solutis
2428 4254 2677 4332 patebit
2733 4252 2981 4313 facilius
3023 4252 3123 4312 via
3167 4249 3254 4312 ad
3297 4249 3548 4327 reliqua

2012 4364 2347 4426 solvenda.
3196 4414 3199 4419 .

2089 4470 2186 4531 Ad
2221 4473 2493 4549 primum
2521 4472 2701 4546 patet
2728 4470 2788 4528 Q.
2818 4468 2964 4529 dist.
2995 4467 3046 4525 l.
3072 4471 3288 4543 quaest.
3314 4466 3545 4543 primi,

357 4577 591 4639 namin
616 4572 849 4636 divinis
879 4572 963 4634 ad
983 4576 1148 4635 intra
1183 4574 1450 4650 ponitur
1478 4570 1638 4632 ordo
1669 4588 1893 4633 essen-
3576 4557 3898 4619 Proprieta-

359 4684 545 4760 tialis,
583 4687 651 4744 ut
678 4682 1212 4756 habetexpresse
1247 4679 1620 4740 Franciscus
1651 4678 1761 4740 ubi
1794 4696 1896 4740 su·

2008 4580 2073 4639 in
2088 4579 2411 4655 principio
2429 4576 2783 4645 solutiom‘S,
2820 4581 2874 4635 et
2910 4577 2959 4636 l.
2998 4575 3548 4649 Reporffllfom‘m’
3574 4629 3651 4669 m
3681 4618 3875 4670 relati-

2009 4689 2074 4748 in
2089 4686 2348 4762 proloy.
2398 4688 2613 4761 quoese.
2658 4687 2712 4746 l.
2748 4689 2872 4743 ανι.
2904 4684 2940 4742 4
2970 4687 3025 4742 ει
3056 4683 3114 4753 3,
3149 4683 3293 4745 dist.
3321 4684 3550 4763 primi,
3603 4683 3877 4757 coetprimf·

2012 4797 2227 4868 qua‘se.
2274 4793 2323 4850 l.
2354 4795 2408 4851 ee
2452 4794 2513 4850 in
2549 4788 2945 4859 Quodlz’beto,
2981 4788 3114 4864 q.7.
3144 4789 3369 4863 Quaere
3404 4790 3549 4851 Var.
3584 4747 3891 4857 ezzltg‘sigoeezzos

358 4808 496 4870 pra,
532 4802 661 4852 non
699 4795 913 4850 lamen
961 4792 1061 4849 est
1105 4787 1190 4847 ibi
1243 4785 1713 4866 dependentia,
1772 4803 1894 4850 nec

357 4898 729 4960 eminentia.
796 4898 1060 4971 Quarto,
1105 4892 1367 4956 videtur
1409 4894 1585 4971 quod
1652 4895 1898 4971 primus

353 5006 592 5068 modus
636 5004 879 5067 ordinis
924 5001 1311 5076 essentialis,
1345 5000 1595 5063 scilicet
1636 5005 1898 5080 proprie

359 5112 681 5191 capiendo
726 5113 964 5189 ipsum,
1015 5111 1224 5188 magis
1270 5114 1398 5170 erat
1466 5108 1549 5170 ad
1597 5112 1895 5187 proposi-

362 5229 497 5281 tum
540 5219 643 5280 hic
679 5237 691 5277 ε
742 5218 895 5297 quia
949 5217 1226 5292 primum
1259 5214 1440 5291 quod
1472 5221 1773 5285 venatur,
1799 5224 1900 5278 est

356 5344 554 5404 supra
598 5326 902 5388 ordinem
947 5329 1014 5386 et
1056 5339 1189 5386 non
1257 5324 1537 5387 refertur
1602 5324 1686 5387 ad
1740 5341 1892 5402 pos-

358 5439 582 5508 teriuS,
620 5451 822 5513 quare
870 5450 1030 5513 ergo
1103 5432 1288 5494 illum
1335 5433 1729 5509 postponit?
1786 5436 1894 5493 Se-

354 5543 574 5622 quitur
617 5541 822 5609 etiam
871 5540 984 5603 Dei
1029 5538 1112 5600 ad
1146 5543 1508 5600 creaturam
1555 5555 1702 5599 esse
1735 5538 1896 5600 rela-

358 5658 604 5715 tionem
648 5648 922 5722 realem,
970 5664 1120 5711 cum
1163 5649 1244 5731 sit
1289 5663 1485 5711 causa
1514 5645 1928 5725 ejus‚aliter-

2011 4903 2073 4957 et
2119 4897 2342 4956 Franc.
2402 4896 2463 4955 2.
2512 4894 2659 4954 dist.
2717 4893 2942 4967 pre'me',
3007 4896 3073 4951 et
3131 4891 3447 4954 'rhomam
3498 4896 3551 4955 l.

2004 5008 2181 5078 pare.
2236 5006 2452 5075 quaest.
2488 5000 2548 5060 2.
2606 5004 2728 5058 art.
2780 5000 2838 5058 3.
2888 5003 2951 5057 et
3020 4998 3211 5069 alios,
3242 5003 3313 5060 ut
3355 5000 3549 5063 nosti.

2007 5110 2363 5169 Processus
2422 5106 2597 5167 enim
2639 5107 2703 5166 in
2766 5106 3211 5183 cognitionem
3286 5106 3402 5165 Dei
3464 5107 3545 5166 ab

2009 5215 2341 5275 intellectu
2409 5213 2673 5274 viatoris
2724 5217 2828 5271 est
2886 5227 2967 5271 ex
3011 5210 3340 5283 creaturis,
3402 5229 3551 5273 cum

2009 5321 2092 5383 de
2124 5322 2276 5397 lege
2312 5322 2643 5382 communi
2676 5335 2806 5379 non
2839 5320 3045 5394 possit
3065 5324 3340 5393 propter
3369 5322 3545 5394 quid,

2007 5446 2126 5489 seu
2171 5446 2206 5489 a
2253 5429 2450 5504 priori
2475 5428 2789 5505 cognosci
2820 5445 2832 5485 :
2868 5425 3305 5501 proprietates
3329 5430 3548 5487 autem

2008 5536 2298 5598 relativae
2327 5536 2514 5612 primi
2543 5535 2713 5595 entis
2735 5531 3173 5594 immediatius
3197 5548 3269 5593 se
3304 5532 3550 5595 liabent

2008 5644 2092 5706 ad
2140 5644 2431 5708 medium
2495 5644 3031 5711 demonstratione
3102 5642 3283 5731 ᾳιῴα,
3354 5657 3549 5732 quam
