4252 6393
481 786 560 837 ¹0.

474 2318 547 2369 Η.

711 362 830 429 338
1883 361 1987 425 DE
2029 362 2295 427 RERUM
2337 356 2727 431 PRINCIPIO

698 527 938 608 Deus,
975 525 1209 620 cujus
1243 522 1689 597 causalitas
1733 521 1831 594 ab
1881 521 2043 596 alio
2086 543 2248 595 non

703 636 1113 734 dependet,
1159 646 1284 715 est
1317 644 1491 714 tota
1525 658 1798 712 causa.

800 761 1030 839 Item,
1097 777 1329 830 omne
1363 775 1612 847 agens
1646 759 2017 828 creatum
2075 754 2250 845 agit

706 894 853 967 per
938 890 1169 945 suam
1237 871 1616 952 formam,
1685 868 2053 963 quamvis
2133 874 2248 943 to-

704 997 878 1067 tum
910 991 1457 1085 compositum
1501 993 1721 1080 agat,
1759 987 1970 1061 sicut
2009 987 2249 1061 habet

702 1131 881 1184 esse
923 1131 1070 1205 per
1117 1111 1498 1190 formam,
1559 1112 1638 1181 et
1714 1128 1894 1179 esse
1973 1107 2079 1180 sit
2133 1112 2246 1181 to-

701 1228 865 1302 tius
933 1227 1413 1321 compositi:
1463 1247 1647 1299 cum
1709 1226 1967 1316 igitur
2022 1224 2246 1296 nulla

703 1365 952 1420 causa
984 1344 1091 1420 sit
1127 1344 1467 1439 maJoris
1503 1342 2131 1437 independentiae
2165 1341 2244 1414 in

701 1456 1035 1534 essendo
1132 1482 1372 1555 quam
1441 1460 1522 1534 in
1597 1460 2029 1553 operando,
2122 1480 2244 1532 se-

705 1576 988 1668 quitur
1029 1577 1235 1669 quod
1269 1577 1337 1649 si
1369 1576 1639 1648 forma
1683 1575 1945 1648 omnis
2005 1593 2242 1666 agen-

704 1695 810 1769 tis
835 1695 1304 1769 necessario
1336 1699 1463 1769 est
1496 1694 1576 1766 in
1616 1693 1991 1776 materia,
2038 1713 2239 1785 ergo

698 1816 779 1885 et
811 1811 1276 1884 necessario
1318 1810 1494 1905 ejus
1532 1809 1902 1904 operatio
1961 1810 2241 1903 depen-

697 1928 826 2001 det
910 1946 957 1999 a
1018 1928 1408 2008 materia;
1455 1946 1655 2018 ergo
1724 1945 1975 2017 agens
2018 1946 2240 1999 crea-

698 2049 869 2118 tum
974 2042 1176 2117 nihil
1268 2048 1537 2137 potest
1622 2043 2074 2135 producere
2142 2063 2241 2115 ex

695 2160 976 2233 nihilo.

784 2281 903 2350 Ex
946 2282 1181 2370 parte
1210 2280 1621 2347 actualitatis
1659 2277 2044 2367 arguitur
2073 2276 2243 2370 pri-

695 2414 828 2465 mo
958 2393 1074 2467 sic
1174 2418 1190 2463 ε
1325 2393 1758 2466 secundum
1876 2392 2239 2465 Philoso-

696 2510 942 2602 phum
985 2514 1048 2583 1.
1117 2512 1201 2579 de
1261 2524 1442 2600 part.
1505 2514 1714 2579 anim.
1785 2534 1841 2580 c.
1890 2513 1953 2582 1.
2036 2509 2239 2582 nihil

690 2625 1062 2700 educitur
1089 2627 1181 2699 de
1225 2626 1591 2720 potentia
1641 2626 1735 2698 ad
1777 2630 2075 2708 actum,
2125 2627 2239 2700 ni·

688 2741 758 2812 si
792 2762 937 2834 per
976 2741 1298 2834 aliquod
1339 2745 1525 2815 actu
1585 2762 1769 2822 ens;
1816 2742 1951 2814 sed
2002 2761 2238 2814 omne

691 2859 898 2949 quod
958 2850 1316 2940 creatur,
1379 2857 1754 2931 educitur
1804 2859 1895 2930 de
1964 2863 2238 2951 poten-

683 2973 801 3048 tia
868 2972 963 3046 ad
1023 2979 1339 3055 actum:
1386 2993 1585 3065 ergo
1644 2973 2013 3048 educitur
2090 2995 2239 3067 per

685 3088 1013 3181 aliquod
1052 3111 1194 3161 ens
1235 3093 1450 3171 actu,
1525 3089 1641 3162 ita
1682 3090 1893 3182 quod
1933 3094 2234 3181 quanto

688 3205 1004 3298 patiens
1048 3207 1310 3298 magis
1378 3205 1617 3280 habet
1684 3207 1775 3280 de
1840 3207 2230 3300 potentia,

685 3326 766 3397 et
860 3322 1128 3395 minus
1203 3323 1295 3396 de
1362 3327 1577 3404 actu,
1676 3327 1907 3400 tanto
1984 3342 2234 3416 agens

689 3439 955 3512 minus
1016 3438 1257 3514 habet
1305 3440 1395 3513 de
1455 3439 1846 3532 potentia,
1904 3443 1984 3515 et
2054 3441 2233 3533 plus

684 3555 777 3627 de
845 3560 1059 3629 actu.
1134 3557 1363 3628 Nunc
1423 3559 1695 3629 autem
1752 3555 1848 3628 ad
1906 3576 2233 3629 sensum

688 3677 939 3766 patet,
995 3673 1199 3765 quod
1278 3677 1583 3764 quanto
1642 3691 1773 3744 res
1832 3674 2234 3746 educenda

685 3788 953 3860 minus
1029 3786 1269 3863 habet
1333 3788 1425 3861 de
1519 3791 1732 3869 actu,
1830 3787 1925 3860 ad
1994 3808 2233 3881 quem

684 3917 1013 4005 oportet
1105 3913 1457 3995 tendere,
1575 3915 1807 3987 tanto
1904 3917 2234 4005 oportet

682 4029 1084 4133 majorem
1118 4038 1690 4113 actualitatem
1722 4060 1901 4112 esse
1935 4038 2017 4112 in
2048 4060 2233 4133 pro·

677 4163 1037 4239 ducente.
1102 4165 1274 4238 Hoc
1327 4167 1550 4256 patet
1586 4164 1668 4237 in
1701 4164 1921 4236 omni
1957 4169 2227 4247 motu;

683 4288 887 4359 unde
948 4291 1252 4380 quanto
1299 4290 1569 4362 motus
1612 4287 1919 4362 locales
1964 4289 2231 4380 magis

680 4410 1022 4492 distant,
1109 4412 1340 4484 tanto
1437 4408 1839 4501 majorem
1903 4413 2232 4502 oportet

680 4556 860 4608 esse
907 4518 1305 4633 virtutem
1327 4538 2070 4628 pertranseuntem.
2117 4533 2232 4609 Si-

686 4659 996 4736 militer
1037 4660 1309 4753 major
1347 4664 1474 4735 est
1513 4660 1808 4744 virtus,
1863 4680 2040 4754 quae
2095 4661 2232 4735 dat

687 4787 807 4861 rei
846 4807 1027 4861 esse
1095 4785 1632 4861 substantiale
1710 4806 1951 4879 quam
2018 4785 2234 4860 acci-

684 4912 1077 4986 dentale:
1150 4911 1219 4985 si
1290 4911 1552 5003 igitur
1646 4911 2011 4995 effectus,
2091 4909 2230 5003 qui

682 5042 1043 5121 creatur,
1087 5035 1290 5110 nihil
1330 5036 1568 5111 habet
1602 5036 1929 5110 omnino
1971 5037 2064 5109 de
2093 5056 2232 5110 en-

681 5162 948 5246 titate,
1005 5166 1333 5257 oportet
1407 5182 1742 5236 causam
1811 5167 2228 5237 creantem

679 5287 981 5361 habere
1056 5285 1423 5370 totalem,
1513 5290 1595 5360 et
1681 5285 2228 5361 omnimodam

678 5412 1243 5488 actualitatem
1295 5411 1467 5484 sine
1532 5409 2027 5485 admixtione
2094 5432 2230 5505 po·

679 5539 992 5622 tentiae;
1039 5537 1173 5610 sed
1216 5535 1373 5609 hoc
1403 5554 1564 5608 non
1609 5539 1880 5627 potest
1927 5533 2227 5609 habere

2359 525 2635 618 aliqua
2681 528 3070 599 creatura
3105 547 3120 604 ;
3175 538 3375 610 ergo
3414 516 3639 590 nulla
3676 536 3871 589 crea-

2361 646 2550 716 tura
2582 646 2855 735 potest
2887 639 3188 732 aliquid
3232 656 3542 710 creare.
4159 700 4160 733 3

2453 760 2658 833 Item
2691 759 2849 832 sic:
2898 759 2979 831 in
3033 754 3256 830 omni
3304 755 3583 826 creato
3633 748 3877 824 differt
3995 778 4051 829 ιε.

2360 898 2485 966 quo
2523 889 2638 957 est,
2685 881 2765 950 et
2807 878 2969 966 quid
2998 889 3113 956 est,
3161 893 3335 965 quae
3370 871 3557 941 sunt
3619 871 3873 960 partes

2359 992 2837 1067 essentiales
2960 990 3394 1084 cujuslibet
3488 991 3875 1062 'creaturae

2357 1109 2828 1191 existentis;
2902 1132 3000 1182 ex
3078 1129 3234 1202 quo
3340 1110 3587 1199 patet,
3695 1103 3879 1195 quod

2357 1225 2670 1299 nullum
2712 1247 2960 1319 agens
3011 1231 3382 1300 creatum
3416 1245 3499 1295 se
3541 1225 3713 1296 toto
3743 1224 3875 1300 est,

2358 1343 2547 1437 quia
2576 1349 2702 1419 est
2745 1364 2890 1438 per
2921 1364 3156 1415 suum
3197 1366 3324 1433 quo
3361 1353 3478 1424 est,
3521 1359 3668 1432 per
3708 1337 3880 1409 illud

2353 1463 2767 1550 autemquo
2797 1475 2890 1530 est
2924 1463 3354 1554 operatur;
3398 1475 3597 1547 ergo
3639 1453 3881 1526 omnis

2351 1582 2740 1651 creatura
2817 1575 3190 1670 quidquid
3247 1574 3467 1655 facit,
3503 1570 3700 1645 facit
3756 1590 3885 1663 per

2356 1715 2591 1767 suum
2659 1719 2786 1785 quo
2877 1708 3006 1771 est‚·
3069 1714 3253 1768 cum
3330 1691 3588 1783 igitur
3674 1688 3882 1761 solus

2354 1811 2571 1883 Deus
2606 1833 2690 1883 se
2723 1816 2900 1886 toto
2943 1810 3049 1884 sit
3107 1815 3189 1884 et
3231 1812 3482 1891 creet,
3526 1826 3689 1878 non
3729 1809 3884 1878 tan-

2355 1932 2526 2002 tum
2574 1928 2879 2021 poterit
2920 1931 3334 2009 creatura,
3395 1944 3571 2017 quae
3627 1924 3886 1994 actua-

2355 2045 2454 2116 lis
2487 2049 2614 2119 est
2646 2050 2965 2119 tantum
3017 2065 3164 2138 per
3222 2048 3541 2137 partem
3602 2039 3751 2122 sui,
3797 2036 3884 2110 si-

2352 2167 2490 2236 cut
2538 2164 2752 2236 Deus
2793 2183 2877 2235 se
2909 2167 3112 2237 toto.
4159 2222 4160 2235 ,

2440 2279 2718 2375 Tertio
2806 2278 2948 2360 sic,
3047 2283 3136 2353 ut
3229 2274 3736 2367 arguebatur
3815 2267 4160 2342 inpium&

2351 2394 2691 2488 praeced.
2715 2399 2996 2487 quaest.
3022 2393 3352 2466 cuilibet
3374 2412 3642 2464 causae
3673 2406 3894 2480 opor·

2353 2516 2473 2586 tet
2528 2512 2721 2584 dare
2773 2510 3202 2604 proprium
3264 2513 3343 2582 et
3405 2507 3763 2601 primum
3801 2502 3898 2576 ef-

2350 2624 2653 2700 fectum
2683 2651 2697 2694 :
2728 2625 3041 2719 primus
3073 2630 3345 2699 autem
3369 2623 3709 2696 effectus
3731 2617 3892 2700 Dei,

2351 2756 2443 2813 est
2482 2764 2638 2825 esse,
2686 2743 3213 2816 secundarius
3269 2745 3545 2814 autem
3583 2742 3893 2812 motus:

2349 2857 2550 2931 nihil
2583 2858 2798 2931 enim
2844 2863 3113 2951 potest
3146 2860 3743 2938 transmutare,
3779 2851 3902 2926 cui

2349 2973 2620 3066 primo
2663 2994 2821 3045 non
2852 2974 3062 3047 dedit
3094 2995 3299 3057 esse,
3334 2972 3461 3045 vel
3497 2968 3902 3045 immedia-

2348 3094 2452 3171 te,
2489 3089 2617 3162 vel
2642 3090 3040 3165 mediante
3072 3090 3374 3183 aliquo,
3400 3091 3493 3164 de
3517 3110 3679 3182 quo
3716 3084 3904 3160 illud

2344 3208 2460 3281 fit.
2507 3210 2568 3281 E
2612 3207 3039 3282 contrario
3117 3213 3241 3282 est
3304 3208 3384 3280 in
3440 3205 3896 3288 creaturis;

2346 3325 2534 3418 quia
2610 3329 2883 3399 motus
2982 3329 3062 3400 et
3132 3327 3739 3400 transmutatio
3782 3329 3902 3397 est

2347 3441 2662 3535 primus
2720 3441 3054 3516 effectus
3124 3442 3206 3515 in
3272 3443 3720 3525 creaturis,
3828 3445 3905 3516 et

2348 3556 2564 3631 ratio
2623 3557 2777 3631 fuit
2854 3558 3539 3651 assignata,quia
3612 3579 3902 3631 unum-

2346 3674 2712 3766 quodque
2770 3671 2943 3766 anit
3002 3675 3437 3747 secundum
3507 3676 3727 3768 quod
3783 3679 3906 3749 est

2342 3787 2426 3860 in
2464 3794 2708 3863 actu:
2756 3811 2992 3864 omne
3060 3790 3321 3882 igitur
3361 3811 3619 3883 agens
3695 3791 3906 3885 quod

2343 3907 2426 3980 in
2466 3908 2802 3980 essendo
2833 3907 3073 3983 habet
3113 3911 3389 3981 actum
3448 3908 3911 3984 admixtum

2345 4023 2758 4116 potentiae,
2830 4023 3166 4098 effectus
3223 4022 3400 4118 ejus
3469 4029 3600 4100 est
3674 4028 3912 4099 actus

2345 4141 2732 4231 potentiae
2808 4141 3256 4222 admixtus;
3347 4140 3540 4215 talis
3633 4146 3913 4215 autem

2345 4253 2682 4345 proprie
2740 4258 2866 4328 est
2925 4258 3224 4337 motus,
3289 4253 3424 4348 qui
3479 4260 3614 4331 est
3678 4260 3916 4331 actus

2342 4369 2554 4444 entis
2599 4370 2681 4442 in
2748 4371 3145 4464 potentia,
3194 4372 3640 4444 secundum
3705 4370 3917 4465 quod

2344 4487 2423 4560 in
2469 4488 2875 4580 potentia:
2918 4509 3101 4562 esse
3133 4492 3407 4561 autem
3452 4489 3545 4561 de
3603 4511 3696 4562 se
3753 4508 3914 4562 non

2342 4603 2536 4677 dicit
2588 4603 3321 4698 imperfectionem,
3401 4625 3548 4677 nec
3626 4610 3918 4698 poten-

2343 4720 2477 4796 tiae
2510 4721 3118 4806 admixtionem,
3183 4723 3317 4796 sed
3365 4722 3519 4796 hoc
3562 4722 3644 4796 ei
3694 4743 3911 4796 com·

2346 4835 2837 4919 municatur,
2897 4835 3049 4910 hoc
3105 4840 3255 4919 est,
3320 4836 3510 4930 quia
3549 4843 3690 4912 est
3729 4858 3913 4911 esse

2342 4957 2761 5047 receptum
2793 4953 2875 5026 in
2915 4952 3116 5036 alio;
3176 4959 3380 5044 ergo
3437 4955 3667 5028 Deus
3720 4973 3914 5027 cum

2342 5067 2451 5143 sit
2481 5073 2713 5142 actus
2754 5068 2927 5142 sine
2957 5067 3455 5144 admixtione
3481 5071 3913 5163 potentiae,

2339 5184 2516 5277 ejus
2609 5186 2925 5279 primus
3015 5185 3351 5261 effectus
3450 5192 3584 5261 est
3704 5207 3915 5267 esse.

2342 5299 2657 5392 primus
2788 5305 3062 5376 autem
3201 5302 3538 5378 effectus
3687 5322 3918 5376 crea-

2341 5421 2550 5491 turae
2591 5423 2717 5493 est
2758 5424 3073 5502 motus;
3114 5421 3250 5493 sed
3310 5419 3583 5494 omnis
3632 5426 3914 5496 motus

2338 5534 2728 5612 fundatur
2786 5536 2868 5610 in
2911 5538 3314 5612 materia:
3367 5558 3577 5632 ergo
3636 5537 3914 5614 omnis
