4252 6393
1612 391 1839 478 QuAEs
1861 398 1973 466 uo
2024 402 2101 464 w

326 569 545 647 terra,
618 570 814 638 tunc
885 568 1225 656 propter
1305 562 1846 639 subtilitatem

325 683 546 755 exibit
581 703 727 776 per
761 702 1012 775 poros
1055 687 1329 762 terrae,
1367 686 1447 753 et
1480 701 1626 774 per
1665 700 1847 752 con-

327 820 641 892 sequens
684 820 846 872 non
887 799 1023 871 fiet
1065 801 1619 872 terraemotus.

102 920 305 984 Oreo-‘⁶⁸¹⁸
411 916 882 1009 oppositum
965 919 1311 1007 apparet
1390 933 1535 1006 per
1605 932 1845 1004 expe-

329 1033 713 1114 rientiam,
760 1039 840 1105 et
873 1052 1020 1127 per
1052 1032 1583 1106 Aristotelem
1619 1036 1691 1098 in
1724 1034 1846 1097 isto

324 1152 610 1231 secunde,
649 1164 939 1219 traceam
979 1155 1196 1218 tertie.

390 1268 481 1338 'In
523 1266 684 1339 ista
737 1267 1184 1359 quaestione
1240 1266 1509 1359 primo
1558 1265 1848 1337 videbi·

325 1391 438 1456 tur
472 1384 559 1453 de
591 1383 867 1456 causis
898 1388 978 1456 et
1014 1384 1247 1455 modo
1291 1383 1848 1474 generationis

325 1505 855 1574 terraemotus.
893 1501 1277 1582 Secundo,
1325 1499 1727 1575 videbitur
1757 1500 1847 1571 de

326 1619 482 1689 leco
519 1621 602 1691 et
646 1621 1042 1710 tempore,
1110 1618 1398 1709 quibus
1442 1617 1642 1691 fiunt
1695 1620 1848 1690 ter-

328 1739 715 1809 raemotus.

807 2061 1238 2119 ARTICULUS
1298 2065 1339 2118 1.

319 2244 401 2308 De
443 2245 680 2325 causis,
744 2255 805 2310 ee
865 2244 1056 2309 modo
1111 2245 1567 2329 ῃοηεναείοητέ
1618 2255 1846 2310 terrm-

948 2371 1179 2426 metue.

396 2559 797 2636 Quantum
849 2556 943 2627 ad
1000 2556 1378 2647 primum,
1436 2557 1845 2629 sciendum

318 2673 509 2761 quod
546 2677 1070 2745 terraemotus
1105 2675 1374 2765 potest
1408 2673 1846 2762 imaginari

316 2807 460 2859 uno
517 2790 751 2861 modo
811 2789 993 2861 fieri
1054 2789 1585 2863 circulariter
1625 2791 1848 2863 circa

315 2910 675 2977 centrum
729 2906 1024 2977 mundi.
1072 2907 1252 2979 Alio
1299 2907 1534 2979 modo
1577 2913 1848 3000 potest

317 3021 745 3112 imaginari
780 3024 1092 3095 moveri
1136 3026 1311 3097 tota
1344 3025 1584 3097 simul
1624 3030 1842 3104 motu

314 3143 557 3213 recto.
615 3140 895 3215 Tertio
950 3142 1206 3225 modo,
1257 3145 1462 3234 quod
1525 3164 1845 3218 movea-

310 3256 436 3324 tur
468 3260 696 3328 motu
737 3259 963 3328 recto
997 3275 1144 3348 per
1180 3258 1840 3342 rarefactionem,

311 3372 735 3442 secundum
778 3371 1094 3465 aliquas
1132 3379 1406 3466 partes
1445 3376 1569 3448 sui
1610 3396 1846 3469 expo-

314 3486 506 3558 sitas
582 3490 846 3561 calori
916 3517 932 3560 ε
1009 3492 1222 3565 sicut
1290 3493 1848 3583 imaginantur

312 3601 558 3693 aliqui
591 3606 799 3697 quod
833 3610 1305 3701 superficies
1352 3609 1664 3702 objecta
1708 3616 1849 3683 So-

312 3714 361 3787 li
403 3717 483 3788 in
532 3730 822 3798 aestate
881 3726 988 3798 sit
1050 3727 1470 3802 extensior
1512 3733 1852 3822 propter

316 3850 940 3923 rarefactionem
985 3866 1223 3938 quam
1269 3847 1347 3918 in
1391 3845 1701 3937 hyeme,
1771 3852 1851 3921 ct

313 3968 397 4039 de
431 3968 617 4041 istis
660 3966 926 4040 tribus
971 3963 1225 4035 modis
1269 3984 1428 4036 non
1471 3965 1853 4055 intelligi·

314 4101 485 4156 mus
560 4085 640 4156 in
708 4081 1162 4176 proposito.
1235 4087 1545 4163 Quarto
1618 4085 1850 4156 modo

316 4205 690 4274 movetur
729 4205 959 4274 terra
1010 4198 1442 4272 secundum
1493 4199 1850 4291 aliquam

314 4321 631 4404 partem
691 4316 843 4394 sui,
907 4334 1082 4405 quae
1140 4333 1287 4404 per
1336 4311 1850 4398 fractionem,

317 4456 447 4506 seu
479 4433 1032 4527 diruptionem
1068 4431 1281 4504 cadit
1322 4431 1701 4504 deorsum
1746 4433 1857 4506 in-

318 4551 437 4623 fra
470 4558 815 4630 terram,
862 4549 1065 4621 etde
1114 4548 1270 4621 isto
1321 4548 1553 4619 molo
1597 4547 1856 4641 loqui-

319 4690 499 4743 mur
536 4669 614 4740 in
652 4665 1096 4760 preposite.

401 4787 763 4859 Secundo
797 4783 1235 4862 sciendum,
1274 4782 1481 4872 quod
1517 4781 1704 4854 talis
1737 4802 1857 4856 ca-

320 4925 478 4985 sus,
517 4903 687 4975 sive
721 4904 992 4973 motus
1028 4901 1299 4980 terrae,
1353 4903 1621 4990 potest
1673 4920 1860 4992 pro-

321 5020 603 5093 venire
643 5039 796 5090 uno
832 5017 1092 5096 modo,
1131 5016 1444 5105 quando
1480 5036 1671 5107 pars
1705 5021 1863 5089 ter-

322 5159 429 5209 rze
498 5137 847 5227 alicujus
919 5133 1279 5221 regionis
1330 5136 1455 5205 est
1517 5133 1860 5205 multum

320 5276 701 5334 concava,
737 5258 817 5326 et
861 5249 1094 5343 quasi
1136 5249 1534 5322 columnis
1578 5250 1862 5322 subtus

319 5371 848 5444 existentibus
902 5396 917 5438 ε
974 5371 1054 5439 et
1098 5371 1286 5439 tunc
1319 5365 1714 5438 columnm
1760 5365 1864 5435 is-

324 5493 420 5559 tae
481 5485 981 5557 sustinentes
1042 5481 1437 5572 incipiunt
1494 5481 1857 5559 delicere,

328 5608 401 5679 et
440 5608 670 5680 terra
706 5604 1047 5696 propter
1081 5600 1412 5695 ponduS,
1454 5602 1534 5671 et
1568 5617 1864 5689 grave-

3385 407 3489 471 151

1953 564 2215 636 dinem
2248 567 2460 640 cadit
2491 567 2894 649 deorsum,
2932 572 3012 640 et
3045 567 3233 642 talis
3267 588 3505 641 casus

1954 685 2202 755 terrae
2259 685 2609 757 maxime
2655 686 2949 759 accidit
2996 687 3074 759 in
3125 687 3328 760 locis
3372 688 3502 760 ubi

1951 799 2373 874 fodiuntur
2436 803 2832 875 carbones
2900 804 3347 887 natura-les,
3413 809 3500 877 ut

1957 918 2035 989 in
2076 919 2099 944 *
2136 919 2460 1001 Leonia,
2509 920 2828 1010 Anglia,
2863 926 2943 994 et
2989 922 3291 996 Scotia.

2046 1036 2227 1108 Alio
2265 1037 2497 1107 modo
2534 1041 2802 1129 potest
2838 1038 3267 1131 provenire
3309 1039 3500 1112 talis

1957 1171 2198 1225 casus
2250 1156 2499 1227 terrae
2560 1160 2901 1246 propter
2961 1175 3280 1247 aquam,
3329 1177 3503 1247 quae

1958 1268 2225 1342 currit
2260 1289 2405 1361 per
2435 1269 2612 1340 vias
2647 1272 3225 1344 subterraneas
3261 1298 3275 1341 :
3316 1273 3504 1363 quia

1959 1406 2172 1478 aqua
2226 1391 2566 1478 propter
2622 1388 2799 1480 ejus
2840 1389 3267 1460 decursum
3314 1411 3505 1481 quo-

1957 1505 2384 1577 dammodo
2463 1506 2832 1579 corrodit
2905 1511 3183 1599 partes
3254 1512 3505 1581 terrae

1962 1621 2270 1702 subtus,
2355 1621 2435 1694 in
2503 1627 2818 1695 tantum
2901 1625 3106 1714 quod
3183 1626 3501 1697 tandem

1961 1746 2192 1814 terra
2261 1745 2738 1832 superstans
2792 1745 3134 1833 propter
3194 1743 3502 1834 pondus

1960 1857 2175 1929 cadit
2257 1858 2665 1929 deorsum.
2751 1859 2851 1929 Et
2921 1858 3292 1948 quamvis
3362 1859 3501 1933 isti

1959 1973 2173 2046 modi
2209 1978 2732 2047 terraemotus
2782 1978 2968 2047 sunt
3007 1975 3236 2048 valde
3279 1975 3501 2047 simi-

1960 2092 2074 2163 les
2126 2090 2641 2165 terraemotui
2700 2090 3030 2183 proprie
3079 2091 3338 2174 dicto,=
3379 2096 3500 2165 ta-

1959 2229 2143 2281 men
2193 2207 2528 2301 proprie
2579 2226 2737 2277 non
2795 2206 3078 2279 debent
3127 2208 3282 2281 dici
3336 2211 3498 2281 ter-

1963 2331 2378 2400 raemotus.

2046 2441 2322 2514 Tertio
2356 2439 2792 2520 sciendum,
2829 2439 3034 2531 quod
3074 2439 3502 2532 aliquando

1960 2560 2339 2631 movetur
2399 2559 2627 2629 terra
2686 2557 3120 2630 secundum
3182 2561 3500 2649 partem

1962 2677 2120 2750 isto
2168 2674 2399 2746 modo
2446 2699 2459 2742 :
2510 2673 2699 2764 quia
2742 2674 3056 2765 quando
3099 2672 3344 2745 homo
3377 2693 3501 2746 ac-

1961 2792 2171 2867 cedit
2219 2812 2506 2863 versus
2554 2790 2781 2863 illam
2843 2793 3161 2884 partem
3222 2793 3496 2875 terrae,

1962 2932 2154 3006 pars
2216 2910 2620 2984 remotior
2687 2909 2977 3002 incipit
3036 2909 3496 2992 ascendere,

1959 3034 2039 3103 et
2079 3029 2232 3102 hoc
2264 3032 2389 3102 est
2421 3034 2765 3125 propter
2793 3030 3150 3120 aliqua-m
3185 3029 3504 3120 glebam

1961 3154 2311 3227 tenuem,
2377 3166 2550 3239 quae
2602 3142 2972 3237 cooperit
3032 3163 3329 3236 aquam
3398 3145 3507 3218 in·

1957 3264 2444 3340 clusam'sub
2484 3263 2770 3355 ipsam,
2815 3262 3048 3354 cujus
3094 3262 3351 3351 glebae
3385 3284 3508 3334 su-

1962 3380 2334 3475 perficies
2401 3382 2526 3450 est
2579 3376 3163 3469 quodammodo
3234 3381 3501 3458 tenax,

1960 3498 2161 3571 etde
2205 3494 2425 3568 facili
2471 3492 2931 3583 frangibilis
2976 3519 2990 3561 ι
3038 3497 3118 3565 et
3162 3492 3313 3566 iste
3349 3511 3507 3564 mo·

1962 3617 2105 3687 dus
2160 3610 2526 3685 movendi
2567 3628 2728 3681 non
2781 3613 2905 3681 est
2959 3611 3504 3688 terraemotus,

1963 3734 2054 3805 de
2086 3751 2242 3824 quo
2278 3728 2572 3820 quaerit
2615 3724 2997 3809 Quaestio.

2060 3846 2242 3918 Ideo
2279 3843 2458 3917 istis
2499 3839 2884 3921 dimissis,
2931 3839 3025 3911 ad
3067 3839 3506 3911 habendam

1963 3981 2248 4035 veram
2281 3977 2612 4033 causam
2647 3959 3174 4032 ter1·aemotus
3210 3955 3317 4029 sit
3353 3956 3508 4049 pri-

1968 4099 2098 4152 ma
2142 4076 2559 4151 conclusio
2604 4074 2783 4158 ista,
2833 4073 3038 4166 quod
3089 4071 3304 4145 infra
3355 4076 3510 4148 ter-

1972 4216 2148 4269 ram
2187 4196 2267 4268 in
2302 4192 2696 4288 profundo
2732 4190 3175 4265 includitur
3217 4207 3512 4281 magna

1970 4313 2403 4387 multitudo
2462 4308 3007 4385 exhalationis
3066 4307 3370 4390 calidae,
3434 4311 3514 4382 et

1971 4430 2235 4503 siccae.
2274 4424 2682 4499 Probatur
2724 4423 3016 4517 primo,
3066 4423 3252 4515 quia
3304 4444 3514 4516 szepe

1968 4547 2331 4619 videmus
2362 4544 2452 4614 de
2494 4545 2722 4614 terra
2762 4540 2990 4613 exire
3026 4541 3366 4614 multam
3401 4544 3514 4614 ta·

1969 4664 2128 4736 lem
2163 4658 2791 4740 exhalationem,
2839 4658 3044 4748 quod
3076 4677 3236 4730 non
3268 4661 3510 4739 esset,

1972 4780 2133 4853 nisi
2166 4777 2396 4870 prius
2433 4775 2720 4847 fuisset
2763 4773 3075 4847 inclusa
3111 4774 3324 4847 infra
3356 4777 3512 4849 ter-

1975 4917 2178 4969 ram.

2063 5010 2450 5089 Secundo,
2514 5012 2857 5100 apparet
2911 5027 3054 5100 per
3116 5007 3518 5082 rationem

1975 5125 2477 5207 AristoteliS,
2530 5125 2736 5216 quod
2780 5129 3008 5198 terra
3051 5123 3521 5197 humectata

1978 5243 2326 5317 interius
2365 5263 2507 5334 per
2553 5241 2851 5312 imbres
2894 5244 2972 5312 et
3019 5241 3361 5332 pluvias,
3398 5239 3517 5310 de-

1978 5362 2343 5434 siccatur
2411 5358 2688 5431 calore
2761 5357 2996 5437 Solis,
3070 5361 3148 5428 ct
3208 5356 3516 5430 virtute

1977 5482 2448 5550 astrorum:
2486 5479 2694 5546 etex
2731 5473 2875 5547 tali
2912 5471 3282 5544 siccitate
3317 5475 3516 5545 fiunt

1978 5593 2231 5674 rimae,
2294 5595 2375 5666 et
2433 5589 2987 5665 concavitates
3048 5587 3194 5660 sub
3261 5589 3513 5673 terra,

3531 936 3549 958 ⁸
3570 936 3629 986 al
3654 937 3849 989 Leontio
