4252 6393
662 419 783 487 598

688 583 1030 660 unitatis
1070 588 1519 660 numeralis
1578 607 1866 660 eorum
1919 608 2065 681 per
2114 609 2222 668 se,

684 704 812 775 est
878 700 1150 777 unitas
1211 709 1445 778 actus
1503 705 1986 787 existentiae,
2039 705 2226 777 licet

683 818 1116 911 aliquando
1172 820 1279 895 sit
1327 823 1612 895 varius
1659 847 1672 889 ε
1717 822 1927 896 sicut
1977 823 2228 897 etiam

683 935 1051 1010 actiones
1127 940 1208 1010 et
1305 943 1615 1019 motus,
1722 940 2008 1031 quibus
2106 959 2231 1030 ge-

683 1056 1085 1129 nerantur
1179 1052 1295 1125 illi
1391 1059 1623 1128 actus
1740 1056 2227 1134 existentiae,

686 1172 876 1243 sunt
986 1169 1288 1244 diversi
1394 1191 1761 1245 numero.
1883 1175 2233 1265 Propter

687 1284 892 1377 quod
931 1291 1408 1377 generatum
1466 1294 1545 1363 et
1586 1294 2097 1381 corruptum,
2153 1293 2232 1362 et

688 1400 990 1476 iterum
1057 1409 1535 1496 generatum
1602 1426 1762 1478 non
1842 1413 1965 1481 est
2023 1405 2231 1480 idem

690 1536 1059 1604 numero,
1131 1526 1221 1597 ut
1285 1522 1587 1596 dicitur
1650 1528 1715 1597 5.
1789 1527 1992 1612 Phys.
2067 1540 2227 1594 teaet.

689 1639 799 1709 36.
873 1651 932 1707 et
1012 1643 1086 1709 in
1159 1643 1282 1727 fin.
1368 1644 1432 1711 3.
1511 1642 1592 1709 de
1672 1642 1976 1709 Gener-at.
2068 1653 2227 1708 tart.

690 1756 802 1830 70.
909 1756 1116 1846 quod
1222 1760 1456 1830 actus
1553 1757 2011 1831 existentiae
2108 1760 2231 1828 est

689 1871 1001 1954 varius,
1082 1874 1234 1948 etc.
1282 1876 1545 1948 Causa
1605 1877 1878 1947 autem
1956 1893 2233 1945 nume—

692 1989 1070 2064 rositatis
1178 1989 1512 2063 illorum
1613 2012 1759 2084 per
1865 1991 2233 2065 accidens

687 2112 815 2181 est
852 2107 1289 2182 diversitas
1324 2110 1878 2202 subjectorum
1929 2131 1941 2175 ε
1985 2130 2234 2181 eausa

687 2245 886 2297 vero
946 2224 1291 2299 unitatis
1332 2226 1783 2298 numeralis
1846 2247 1989 2319 per
2030 2225 2235 2299 aeci-

688 2341 879 2414 dens
944 2344 1066 2414 est
1138 2342 1407 2416 unitas
1466 2342 1830 2436 subjecti.
1898 2345 2084 2417 Haec
2144 2344 2233 2414 de

694 2457 960 2550 primo
1006 2457 1361 2532 articulo
1405 2458 1570 2533 sint
1614 2464 1964 2532 ostensa.

1182 2765 1614 2823 ARTICULUS
1688 2767 1755 2823 11.

783 2965 1121 3032 Statuitur
1174 2984 1339 3051 pars
1375 2965 1684 3051 neqativa
1736 2967 2144 3052 quaestionis.

477 3177 533 3233 7.
784 3159 1025 3235 Circa
1095 3159 1527 3233 secundum
1595 3160 2017 3234 videndum
2087 3167 2237 3245 est,

695 3298 799 3351 an
840 3277 1044 3350 idem
1078 3278 1446 3351 accidens
1489 3279 1731 3351 simul
1765 3278 2026 3372 possit
2065 3301 2242 3352 esse

700 3394 779 3468 in
843 3394 1147 3468 duobus
1217 3395 1658 3488 subjectis?
1753 3398 1832 3467 et
1904 3397 1971 3467 si
2037 3418 2235 3478 non;

700 3532 951 3604 quare
991 3518 1205 3585 non?
1254 3511 1489 3586 Circa
1541 3511 1747 3603 quod
1816 3516 1941 3585 est
1991 3513 2242 3585 scien-

350 3652 371 3675 ·
405 3651 575 3716 supra
601 3662 661 3701 n.
697 3627 883 3700 dum
943 3628 1148 3720 quod
1195 3629 1449 3717 (sicut
1489 3627 1792 3702 dietum
1826 3634 1950 3703 est
1983 3634 2044 3718 ²)
2086 3630 2239 3701 duo

353 3716 508 3828 ilum
534 3773 673 3824 000⁸·-
698 3745 1148 3820 accidentia
1228 3744 1588 3837 ejusdem
1678 3745 1973 3838 speciei
2079 3768 2241 3819 non

348 3840 658 3967 Ρξῖξῇξζᾯ
699 3866 1040 3953 possunt
1090 3861 1331 3934 simul
1397 3883 1576 3933 esse
1627 3861 1706 3933 in
1749 3863 2024 3934 eodem
2067 3863 2243 3934 sub-

379 3961 635 4077 ‘3233
688 3978 936 4070 ject0.
998 3978 1396 4053 Similiter
1434 3979 1757 4052 videtur
1793 3979 2237 4063 dicendum,

378 4088 645 4153 uffa&-
700 4095 905 4188 quod
947 4094 1158 4169 sicut
1196 4093 1348 4166 duo
1382 4095 1827 4169 accidentia
1884 4097 2242 4184 ejusdem

701 4212 1000 4307 speciei
1049 4234 1211 4287 non
1263 4218 1604 4307 possunt
1647 4214 1891 4286 simul
1942 4235 2120 4289 esse
2164 4214 2244 4286 in

698 4330 975 4403 eodem
1020 4329 1408 4422 subjecto,
1447 4328 1562 4400 sie
1614 4348 1760 4401 nec
1795 4330 2000 4401 idem
2038 4329 2242 4402 acci-

697 4447 887 4520 dens
921 4446 1001 4519 in
1022 4445 1324 4518 duobus
1350 4444 1761 4538 subjectis.
1789 4448 1997 4518 Nam
2031 4447 2243 4521 sicut

701 4564 973 4638 unitas
1008 4563 1348 4658 subjecti
1380 4563 1734 4636 excludit
1776 4565 2241 4637 necessario

696 4680 1301 4754 distinctionem
1353 4679 1858 4751 numeralem
1893 4680 2243 4754 acciden-

696 4798 903 4872 tium
944 4796 1302 4891 ejusdem
1338 4793 1658 4887 speciei,
1697 4795 1853 4867 nisi
1888 4795 2243 4869 acciden-

697 4914 813 4988 tia
851 4913 1227 4988 differant
1272 4910 1537 5003 specie
1580 4937 1592 4980 :
1645 4911 1759 4983 ita
1806 4912 2242 4987 diversitas

697 5032 1252 5123 subiectorum
1284 5028 1634 5102 excludit
1676 5027 2074 5103 unitatem
2105 5051 2244 5101 nu-

699 5149 1115 5231 meralem,
1182 5145 1499 5219 etfacit
1561 5147 2027 5219 necessario
2086 5148 2245 5219 dis-

693 5265 1177 5339 tinctionem
1265 5261 1700 5334 secundum
1779 5282 2238 5346 numerum,

696 5381 989 5454 saltem
1032 5398 1177 5472 per
1219 5377 1614 5460 aecidenS‚
1662 5382 1749 5451 ut
1814 5378 1979 5452 dixi
2044 5406 2057 5448 :
2118 5399 2245 5452 ac-

694 5497 1044 5572 cidentia
1076 5499 1350 5569 autem
1385 5494 1536 5566 sibi
1573 5494 2036 5578 insunt,etsi
2081 5495 2242 5570 sint

700 5611 1142 5690 accidentia
1181 5610 1503 5684 diversa
1537 5611 1617 5684 in
1654 5611 1943 5703 speeie.

1871 427 1975 491 DE
2018 428 2286 492 RERUM
2331 427 2719 492 PRINCIPIO

2430 587 2512 661 Si
2581 588 2942 682 objicias,
3017 588 3223 681 quod
3277 589 3429 662 duo
3490 610 3875 683 corpora,

2340 705 2633 778 saltem
2683 704 3262 794 glorificatum,
3308 710 3388 779 et
3428 726 3590 778 non
3631 706 3893 798 glori-

2338 822 2696 903 ficatum,
2745 827 2933 897 sunt
2992 821 3237 894 simul
3308 849 3321 892 :
3387 844 3567 895 cum
3610 826 3892 897 autem

2341 959 2439 1011 ex
2498 939 2951 1030 adjacentia
3019 938 3397 1030 corporis
3465 939 3561 1010 ad
3616 940 3893 1011 locum

2340 1054 2955 1146 derelinquatur
3022 1055 3417 1146 quoddam
3493 1055 3890 1135 accidens,

2343 1171 2549 1264 quod
2579 1171 2903 1252 dieitur,
2938 1175 3071 1254 ubi,
3110 1191 3309 1263 ergo
3332 1172 3651 1247 videtur
3684 1174 3895 1264 quod

2342 1290 2494 1361 duo
2520 1288 2967 1363 accidentia
2998 1290 3354 1380 eiusdem
3381 1291 3677 1384 speciei
3702 1294 3896 1362 sunt

2345 1407 2586 1479 simul
2670 1407 2746 1478 i'n
2820 1408 3097 1479 eodem
3174 1407 3538 1498 subjecto
3609 1435 3624 1478 :
3699 1429 3892 1482 nam

2346 1522 2714 1612 quamvis
2756 1542 3055 1614 eorpus
3089 1542 3251 1593 non
3284 1523 3390 1595 sit
3425 1523 3505 1594 in
3555 1524 3764 1606 loc0,
3802 1530 3895 1599 ut

2345 1637 2423 1709 in
2468 1638 2857 1730 subjecte,
2904 1642 3013 1706 ubi
3056 1645 3329 1711 tamen
3362 1640 3733 1713 accidens
3765 1650 3894 1716 est

2343 1753 2424 1826 in
2456 1754 2660 1836 loco,
2702 1759 2787 1827 ut
2832 1755 2910 1827 in
2955 1754 3321 1847 subjecto
3369 1782 3383 1825 ε
3430 1758 3556 1828 vel
3596 1779 3697 1832 ex
3740 1757 3895 1832 hoc

2341 1871 2716 1963 sequitur
2739 1871 2945 1962 quod
2970 1892 3223 1944 unum
3242 1873 3608 1946 accidens
3625 1876 3791 1950 erit
3812 1877 3892 1948 in

2344 1989 2691 2062 diversis
2727 1990 3142 2081 subjectis,
3169 1989 3485 2065 scilieet
3521 1993 3895 2066 accidens

2346 2106 2553 2198 quod
2585 2110 2703 2178 est
2743 2109 2874 2187 ubi,
2904 2111 2980 2179 et
3015 2110 3235 2179 tenet
3265 2128 3349 2179 86
3381 2129 3479 2180 ex
3514 2112 3748 2201 parte
3779 2111 3897 2182 lo-

2346 2221 3533 2317 ci‚eritinduobuscorporibus
3569 2224 3891 2300 locatis,

2438 2340 2582 2412 Sed
2622 2360 2782 2411 non
2841 2340 3106 2413 valet:
3153 2360 3341 2412 nam
3411 2361 3593 2413 eum
3646 2362 3893 2415 unum

2350 2456 2682 2530 illorum
2717 2476 3160 2548 corporum
3213 2457 3318 2529 sit
3374 2457 3451 2530 in
3498 2459 3679 2531 loco
3716 2479 3895 2551 pro·

2349 2575 2585 2668 prie‚(
2611 2577 2699 2647 ut
2738 2573 3083 2663 dixi)ubi
3117 2574 3597 2648 derelictum
3627 2597 3727 2648 ex
3754 2576 3898 2652 tali

2350 2690 2807 2783 adjacentia
2877 2691 2971 2762 ad
3049 2692 3248 2765 talia
3323 2713 3706 2785 corpora,
3777 2700 3899 2768 est

2352 2828 2599 2879 unum
2640 2827 3005 2888 numero,
3087 2813 3167 2881 et
3225 2829 3385 2880 non
3426 2815 3551 2884 est
3618 2811 3778 2883 nisi
3821 2811 3898 2883 in

2354 2924 2493 2996 illo
2536 2944 2913 3015 corpore,
2954 2924 3161 3015 quod
3198 2946 3340 3018 per
3398 2947 3507 3009 se,
3554 2931 3633 3000 et
3695 2929 3899 3001 loea-

2352 3041 2569 3123 liter,
2621 3042 2744 3112 est
2797 3040 2877 3113 in
2938 3041 3120 3114 loco
3183 3042 3666 3134 subJective;
3741 3065 3895 3117 non

2354 3156 2470 3231 sic
2514 3161 2786 3232 autem
2829 3161 2951 3231 est
2998 3159 3077 3231 in
3129 3158 3292 3233 alio
3335 3180 3683 3253 corpore
3718 3161 3893 3233 sub-

2347 3275 2671 3367 jective,
2720 3276 2926 3367 quod
2957 3296 3117 3348 non
3158 3281 3281 3350 est
3323 3276 3403 3348 in
3457 3277 3640 3350 loco
3690 3278 3892 3351 loca-

2355 3391 2567 3473 liter,
2607 3392 2792 3484 quia
2816 3395 3249 3465 secundum
3284 3393 3517 3465 illum
3550 3396 3885 3476 modum,

2355 3529 2507 3599 quo
2562 3509 2667 3580 ibi
2726 3513 2874 3590 est,
2942 3512 3210 3601 potest
3264 3512 3530 3603 majus
3599 3531 3889 3603 eorpus

2351 3646 2531 3699 esse
2602 3625 2680 3696 in
2753 3626 3053 3697 minori
3139 3625 3347 3709 loce,
3459 3628 3666 3717 quod
3738 3646 3889 3699 non

2352 3747 2591 3823 esset,
2632 3743 2699 3816 si
2743 3742 2849 3814 ibi
2891 3747 3109 3816 esset
3139 3742 3538 3817 localiter.

2446 3861 2563 3929 Ex
2606 3880 2760 3949 quo
2814 3860 3034 3950 patet
3078 3860 3214 3946 (ut
3269 3858 3542 3933 dicunt
3592 3862 3889 3954 aliqui)

2356 3977 2563 4068 quod
2605 3977 2674 4049 si
2718 3980 2827 4045 ubi
2869 3998 3113 4048 unum
3183 3997 3341 4050 non
3412 3984 3682 4071 potest
3723 3999 3888 4050 esse

2354 4093 2436 4166 in
2504 4093 2811 4166 duobus
2889 4093 3273 4185 subjectis
3340 4093 3609 4178 simul,
3691 4095 3885 4167 sieut

2356 4228 2499 4281 nee
2571 4209 2733 4281 alia
2801 4208 3275 4290 accidentia,
3368 4211 3575 4301 quod
3656 4230 3884 4281 unum

2357 4346 2654 4418 corpus
2698 4347 2855 4398 non
2899 4330 3377 4419 potestesse
3410 4326 3655 4399 simul
3696 4327 3885 4399 loca·

2356 4443 2574 4525 liter,
2611 4448 2690 4517 et
2722 4442 3164 4515 dimensive
3199 4443 3276 4517 in
3318 4443 3627 4515 duobus
3669 4444 3879 4523 loeis,

2357 4580 2499 4631 nec
2551 4559 3081 4632 conversione
3122 4561 3297 4653 ejus
3339 4561 3420 4632 in
3471 4561 3711 4643 aliud,
3755 4581 3881 4632 nec

2356 4675 2892 4749 conversione
2987 4675 3331 4750 alterius
3436 4677 3515 4749 in
3605 4678 3876 4770 ipsum.

2356 4794 2561 4865 Nam
2606 4813 2791 4864 eum
2855 4793 3071 4874 illud,
3139 4794 3343 4885 quod
3392 4800 3516 4869 est
3589 4794 3668 4866 in
3719 4795 3877 4866 loco

2354 4909 2757 4990 localiter,
2833 4908 3122 4981 habeat
3194 4929 3439 4981 unum
3500 4912 3872 4986 accidens,

2358 5028 2562 5119 quod
2604 5030 2726 5099 est
2758 5028 2869 5094 ubi
2897 5026 3376 5100 derelictum
3406 5048 3505 5100 ex
3540 5030 3878 5122 adjacen-

2357 5142 2473 5217 tia
2542 5142 2900 5234 partium
2963 5143 3041 5215 in
3087 5143 3291 5225 loeo,
3365 5145 3573 5236 quod
3629 5149 3749 5219 est
3811 5144 3873 5215 in

2356 5260 2497 5332 illo
2566 5279 2916 5350 corpore
2977 5266 3065 5334 ut
3125 5260 3202 5332 in
3263 5261 3652 5353 subjecto,
3714 5279 3871 5334 culn

2357 5396 2514 5448 non
2570 5376 2884 5468 possint
2962 5378 3116 5449 duo
3187 5377 3634 5451 accidentia.
3686 5379 3873 5469 ejus-

2354 5494 2531 5565 dem
2626 5494 2925 5585 speciei
3022 5493 3264 5566 simul
3332 5515 3511 5566 6886
3582 5495 3659 5566 in
3736 5511 3867 5564 uno

2358 5611 2742 5703 subjecte,
2811 5611 2982 5683 ideo
3052 5632 3213 5683 non
3290 5617 3560 5704 potest
3625 5611 3863 5701 aliqua

3951 607 4108 673 objectio
4118 651 4126 665 .

3955 2358 4116 2414 Salutio.
4174 2385 4177 2400 Α
