4252 6393
135 1118 316 1171 Salutio.

1689 465 2052 547 QUAESTlo
2087 468 2192 530 vll

394 640 573 709 sunt
618 634 909 708 formae
944 632 1380 727 simplices,
1418 635 1505 706 ut
1540 629 1621 702 in
1656 634 1934 704 Sacra-

397 756 661 825 mento
696 750 1037 833 Altaris,
1078 749 1482 841 recipiunt
1515 745 1934 820 alteratio·

393 889 563 950 nes;
619 887 819 959 ergo
874 887 921 938 a
964 868 1214 940 simili
1259 867 1529 940 forma
1572 864 1934 938 substan-

393 984 614 1057 tialis
676 991 1087 1079 separata,
1134 983 1203 1056 si
1256 1003 1399 1077 per
1460 1003 1544 1054 se
1603 981 1930 1054 exis'at.

402 1101 914 1193 Respondent
993 1098 1272 1192 aliqui,
1346 1100 1552 1192 quod
1621 1096 1700 1169 in
1772 1096 1934 1169 illis

396 1218 935 1292 accidentibus
976 1224 1101 1293 cst
1140 1216 1444 1311 triplex
1489 1236 1740 1308 genus
1777 1237 1937 1288 mo-

154 1341 329 1404 Trifiu
396 1338 553 1407 tus.
638 1337 859 1408 Unus
928 1337 1023 1408 ad
1102 1336 1385 1418 situm,
1459 1338 1537 1407 et
1620 1333 1936 1407 ratione

130 1421 254 1469 §ends
276 1419 368 1452 mo·

174 1477 258 1517 m..
396 1452 631 1544 hujus
668 1451 1016 1524 materia
1064 1472 1225 1525 non
1274 1452 1538 1542 egent,
1585 1448 1773 1542 quia
1813 1467 1936 1519 ra—

130 2413 193 2459 An
209 2412 322 2461 acei-

112 2474 249 2521 denu'a
278 2490 357 2522 sa·

110 2545 363 2586 eramenta-

138 2596 195 2645 lia
218 2603 309 2673 sirit

176 2785 241 2832 nis
273 2787 293 2828 1

388 1568 611 1641 tione
681 1589 848 1642 suae
917 1567 1392 1649 functionis,
1464 1569 1733 1659 potest
1808 1586 1935 1637 res

390 1684 703 1759 moveri
752 1686 848 1758 ad
899 1685 1146 1759 situm
1234 1686 1534 1777 absque
1583 1706 1678 1758 eo
1730 1687 1936 1776 quod

387 1800 681 1875 habeat
728 1801 1186 1883 materiam,
1244 1801 1433 1893 quia
1484 1821 1629 1874 nec
1669 1805 1795 1874 est
1841 1802 1936 1873 ad

389 1918 598 1994 hunc
661 1921 971 1993 motum
1033 1919 1382 1992 materia
1441 1919 1930 2002 necessaria,

388 2037 546 2110 nisi
645 2042 988 2130 propter
1076 2039 1387 2110 motum
1472 2036 1933 2110 naturalem

392 2159 733 2235 rectum,
810 2151 942 2246 qui
1022 2151 1372 2246 requirit
1440 2152 1934 2245 gravitatem

389 2275 472 2344 et
552 2270 997 2353 levitatem,
1080 2291 1255 2363 quae
1333 2268 1775 2345 fundantur
1856 2270 1936 2342 in

394 2387 747 2461 materia
777 2387 1164 2461 naturali.
1204 2388 1301 2459 Et
1348 2389 1533 2481 quia
1575 2408 1824 2478 grave
1857 2390 1935 2458 et

394 2507 594 2586 love,
683 2526 858 2597 quae
929 2509 1118 2578 sunt
1194 2505 1773 2599 dispositiones
1842 2505 1935 2576 ad

391 2625 707 2696 motum
743 2625 1082 2704 rectum,
1131 2627 1459 2696 manent
1511 2621 1591 2694 in
1643 2621 1929 2714 specie-

386 2738 560 2819 bus,
597 2737 773 2810 ideo
805 2739 1054 2812 talem
1091 2743 1398 2813 motum
1434 2738 1753 2811 habent.
1796 2741 1936 2811 Est

392 2856 608 2928 alius
688 2860 959 2930 motus
1028 2856 1584 2940 alterationiS‚
1659 2862 1740 2931 et
1810 2857 1936 2930 hic

391 2973 687 3068 duplex
743 2999 758 3044 ε
815 2973 1131 3066 quidam
1196 2974 1413 3046 circa
1469 2973 1932 3066 qualitates,

394 3113 573 3184 quae
637 3095 826 3164 sunt
885 3090 965 3162 in
1028 3089 1279 3164 tertia
1339 3089 1628 3183 specie,
1676 3091 1936 3184 cujus-

394 3206 609 3280 modi
654 3210 841 3280 sunt
883 3207 1161 3280 albedo
1211 3211 1291 3279 et
1343 3207 1703 3297 nigredo,
1751 3206 1935 3279 cali-

390 3321 578 3395 dum
631 3326 713 3394 ct
762 3320 1186 3413 frigidum3
1262 3324 1340 3393 et
1412 3321 1491 3393 in
1562 3321 1742 3394 istis
1812 3324 1934 3394 est

392 3440 810 3521 alteratio,
885 3441 1073 3531 quia
1135 3441 1505 3531 quamvis
1575 3460 1736 3510 non
1806 3439 1936 3511 lia-

392 3558 633 3631 beant
703 3557 1164 3638 materiam,
1240 3556 1320 3629 in
1382 3577 1539 3648 qua
1602 3557 1787 3637 sint,
1844 3578 1936 3629 ac

395 3694 542 3767 per
594 3672 772 3755 hoe,
831 3675 1092 3766 quoad
1164 3674 1314 3748 hoc
1395 3674 1766 3767 operatio
1830 3674 1938 3747 sit

394 3792 930 3873 miraculosa,
1012 3792 1306 3865 habent
1396 3792 1933 3884 quantitatem

388 3907 854 3991 divisivam,
955 3930 1127 4002 quae
1217 3911 1436 3982 tenet
1534 3908 1935 3980 rationem

391 4026 737 4118 subjecti
773 4026 1214 4100 immediati
1258 4028 1352 4100 ad
1393 4026 1600 4100 tales
1643 4028 1937 4099 altera-

388 4143 662 4216 tiones
699 4142 1223 4237 recipiendas,
1271 4144 1472 4215 unde
1515 4142 1937 4235 supposita

388 4259 851 4351 quantitate
913 4278 1058 4351 per
1118 4279 1202 4330 se
1261 4258 1469 4330 tales
1520 4257 1936 4329 alteratio-

388 4398 532 4449 nes
569 4379 758 4449 sunt
793 4376 874 4448 in
906 4376 1023 4448 eis
1056 4376 1504 4450 naturales.
1546 4379 1687 4448 Est
1722 4377 1933 4449 aliud

387 4512 645 4582 genus
682 4492 1202 4564 alterationis
1245 4491 1463 4565 circa
1497 4492 1935 4584 qualitates

392 4614 709 4702 quartae
753 4608 1074 4701 speciei,
1130 4611 1216 4681 ut
1269 4609 1488 4681 cirea
1532 4629 1813 4681 rarum
1856 4613 1935 4681 et

387 4727 755 4806 densum,
814 4724 891 4796 in
953 4724 1242 4816 quibus
1293 4746 1452 4797 non
1523 4726 1611 4798 fit
1672 4729 1936 4797 trans-

393 4840 744 4914 mutatio
789 4862 933 4934 per
966 4862 1074 4922 se,
1131 4844 1218 4913 ut
1250 4841 1547 4915 dicitur
1584 4844 1649 4914 6.
1696 4847 1937 4932 Physi-

389 4982 526 5027 cor.
579 4960 670 5029 In
712 4957 875 5030 illis
915 4958 1131 5030 enim
1166 4958 1721 5051 qualitatibus,
1762 4981 1937 5052 quae

392 5079 585 5149 sunt
646 5077 741 5148 de
796 5074 1046 5148 tertia
1107 5075 1402 5168 specie,
1467 5079 1787 5150 tantum
1849 5079 1935 5150 fit

390 5189 785 5265 alteratio
854 5209 1000 5282 per
1060 5211 1145 5262 se
1216 5214 1231 5258 :
1304 5190 1384 5263 in
1459 5211 1742 5263 rarum
1803 5212 1936 5264 au-

392 5311 558 5379 tem
624 5309 705 5378 et
773 5305 1133 5389 densum,
1197 5307 1284 5378 fit
1343 5310 1934 5382 transmutatio

396 5443 541 5515 per
586 5422 1154 5515 quantitatem,
1202 5424 1683 5514 inquantum
1727 5426 1934 5497 seili-

392 5544 518 5612 cet
558 5540 1227 5613 transmutantur
1267 5559 1314 5610 a
1358 5541 1617 5631 magis
1663 5541 1739 5611 in
1796 5542 1932 5615 mi-

394 5660 685 5745 nuaet
739 5679 781 5727 e
816 5656 1273 5738 contrari03
1321 5655 1494 5730 ideo
1548 5657 1707 5729 illae
1763 5679 1931 5750 spe-

3453 454 3567 523 361

2048 625 2212 700 cies
2258 627 2595 719 possunt
2657 620 3231 696 alterationem
3291 640 3340 692 a
3391 639 3584 692 raro

2052 743 2130 815 in
2177 743 2508 815 densum
2555 740 2941 832 recipere,
3018 737 3204 830 quia
3262 737 3587 812 etiamsi

2047 879 2206 931 non
2269 860 2612 931 habeant
2671 877 2862 930 vere
2932 855 3391 939 materiam,
3455 854 3589 926 ha·

2046 976 2232 1049 bent
2294 977 2555 1069 ipsam
2617 973 3185 1068 quantitatem,
3235 992 3406 1065 quae
3449 970 3590 1045 mi-

2050 1094 2424 1167 raculose
2475 1114 2621 1185 per
2672 1113 2756 1164 se
2805 1094 2970 1164 stat
3015 1109 3162 1183 pro
3198 1088 3586 1181 subject0.

2051 1214 2152 1285 Et
2233 1211 2347 1283 sic
2399 1211 2646 1301 patet,
2711 1206 2913 1300 quod
2975 1209 3244 1279 motus
3314 1203 3446 1296 qui
3502 1203 3588 1276 fit

2051 1327 2550 1402 naturaliter
2591 1325 2671 1397 in
2709 1325 2854 1405 eis,
2922 1323 3001 1395 in
3060 1320 3589 1415 qualitatibus

2048 1444 2321 1520 tertiae
2394 1441 2688 1536 speciei
2758 1439 2992 1512 habet
3092 1437 3582 1531 subjectum;

2049 1563 2201 1637 hoc
2263 1566 2534 1634 autem
2596 1579 2756 1630 non
2813 1558 3029 1630 esset
3069 1556 3260 1628 dare
3312 1555 3394 1628 in
3447 1554 3589 1628 illa

2048 1680 2320 1753 forma
2406 1674 2790 1768 simplici,
2881 1693 3123 1766 quam
3207 1674 3292 1744 tu
3389 1671 3588 1746 dicis

2047 1798 2306 1871 Deum
2343 1815 2578 1887 posse
2610 1790 2903 1864 facere.

2617 1992 3012 2049 SCHOLIUM.

2120 2177 2207 2231 Ex
2260 2174 2372 2231 hoc
2421 2174 2552 2230 loco
2598 2176 2658 2228 et
2704 2171 2807 2239 iis,
2857 2184 2995 2242 quae
3043 2167 3229 2228 habet
3275 2176 3491 2243 quaest.
3531 2174 3587 2228 8.

2049 2289 2222 2331 num.
2256 2273 2349 2330 55.
2398 2277 2459 2330 et
2495 2275 2714 2344 quaest.
2769 2271 2857 2327 17.
2908 2284 3082 2326 num.
3130 2268 3187 2326 3.
3228 2274 3289 2327 et
3325 2271 3381 2326 8.
3424 2269 3590 2326 ultra

2047 2387 2121 2430 ea
2152 2387 2291 2444 quae
2340 2370 2523 2428 babet
2569 2371 2637 2425 in
2685 2370 2740 2425 4.
2789 2368 2931 2425 dist.
2969 2370 3056 2424 12.
3106 2370 3325 2439 quaest.
3377 2367 3427 2423 1.
3477 2380 3594 2439 per

2045 2474 2257 2538 totam,
2317 2469 2589 2525 insertur
2646 2465 2808 2539 quod
2865 2466 3024 2522 alias
3096 2467 3443 2538 praemonui
3525 2465 3592 2522 in

2045 2584 2314 2626 censura
2343 2565 2597 2640 praefixa
2628 2564 2704 2622 ad
2736 2565 2927 2622 libros
2948 2565 3265 2635 Physicor.
3287 2565 3591 2622 nimirum

2048 2671 2294 2725 Scotum
2351 2666 2713 2723 nullatenus
2761 2664 2957 2721 ruisse
3014 2664 3192 2722 illius
3251 2665 3588 2736 opinioniS,

2048 2782 2237 2839 quam
2268 2772 2483 2824 auctor
2520 2764 2701 2822 illius
2731 2767 2937 2837 operis
2967 2764 3380 2835 singulariter
3409 2764 3594 2822 habet

2048 2865 2160 2923 lib.
2197 2867 2246 2921 1.
2279 2869 2494 2937 quaest.
2530 2865 2588 2920 7.
2631 2868 2692 2921 et
2731 2861 2908 2929 alibi,
2946 2862 3191 2919 scilicet
3230 2862 3591 2920 nullatenus

2046 2979 2226 3038 posse
2258 2978 2372 3037 per
2404 2963 2599 3019 ullam
2630 2964 2969 3034 potentiam
2991 2962 3274 3032 separari
3305 2959 3593 3017 accidens

2048 3077 2083 3118 a
2131 3061 2428 3132 subjecto,
2460 3063 2615 3118 etin
2663 3059 2992 3133 speciebus
3031 3056 3593 3117 sacramentalibus

2048 3160 2394 3219 accidentia
2442 3162 2712 3219 transire
2763 3162 2828 3217 iu
2876 3161 3064 3217 aliam
3143 3162 3428 3216 naturam
3486 3161 3594 3214 aut

2048 3276 2114 3317 es
2151 3262 2407 3327 entiam,
2440 3261 2640 3317 veluti
2665 3260 2716 3315 si
2749 3262 2970 3316 natura
3002 3257 3273 3315 humana
3296 3258 3595 3315 transiret

2049 3361 2114 3415 in
2166 3360 2499 3415 asininam.
2551 3360 2956 3415 Communem
3005 3359 3174 3413 enim
3223 3359 3284 3412 et
3329 3355 3596 3413 Catholi-

2048 3472 2208 3523 cam,
2253 3457 2352 3513 hic
2409 3462 2468 3513 et
2510 3457 2741 3529 ubique
2788 3457 3001 3514 Scotus
3039 3457 3207 3512 eirca
3245 3452 3591 3511 accidentia

2050 3556 2459 3613 Eucharistiae
2503 3557 2903 3627 amplexatur
2948 3554 3317 3622 doctrinam,
3366 3552 3494 3609 imo
3523 3552 3589 3606 in

2051 3656 2161 3712 illo
2193 3656 2323 3712 loco
2353 3656 2536 3712 citato
2567 3657 2631 3711 iu
2680 3657 2733 3711 4.
2777 3654 3049 3711 Sentent.
3100 3653 3455 3710 doctissime
3485 3663 3590 3706 re-

2048 3754 2217 3812 fellit
2273 3754 2481 3810 omnia
2512 3754 2847 3825 principia,
2879 3767 3018 3824 quae
3068 3753 3182 3810 ille
3219 3754 3432 3808 auctor
3478 3762 3592 3820 pro

2051 3853 2162 3909 illa
2194 3866 2303 3907 sua
2324 3854 2616 3924 opinione
2645 3852 2916 3909 adducit.

2143 4026 2223 4100 Si
2284 4028 2379 4099 ad
2451 4026 2601 4098 hoe
2671 4025 2949 4109 instes,
3017 4026 3222 4119 quod
3288 4029 3413 4101 est
3484 4028 3591 4100 ibi

2051 4149 2324 4217 motus
2389 4143 2465 4214 in
2537 4142 2994 4236 quantitate
3064 4162 3110 4213 a
3179 4143 3439 4234 magis
3509 4146 3589 4215 et

2051 4272 2343 4351 minus,
2389 4275 2466 4343 et
2511 4274 2781 4342 tamen
2825 4267 3238 4361 quantitas
3279 4289 3424 4342 nec
3456 4268 3588 4340 ha-

2048 4398 2175 4468 bet
2213 4395 2686 4488 subjectum,
2723 4415 2867 4466 nec
2899 4394 3198 4485 aliquid
3235 4416 3381 4487 pro
3417 4393 3591 4467 sub·

2042 4525 2288 4618 ject0,
2358 4522 2920 4615 respondetur,
2988 4523 3194 4614 quod
3238 4520 3373 4595 ille
3427 4522 3588 4595 mo-

2046 4654 2180 4722 tus
2232 4653 2355 4722 ost
2410 4648 2489 4720 in
2532 4649 2985 4741 quantitate
3030 4647 3239 4722 sicut
3281 4648 3362 4719 in
3414 4649 3589 4720 sub-

2040 4776 2294 4869 jeeto;
2360 4774 2559 4848 nihil
2631 4773 2845 4847 enim
2918 4772 3323 4867 prohibet,
3400 4774 3592 4868 quin

2049 4903 2256 4976 idem
2302 4924 2386 4976 rc
2430 4902 2534 4974 sit
2580 4902 3011 4975 secundum
3051 4900 3415 4974 diversas
3468 4921 3591 4974 ra·

2050 5026 2313 5101 tiones
2359 5027 2808 5120 subjectum
2854 5029 3149 5110 motuS,
3192 5031 3274 5101 et
3315 5027 3592 5102 termi-

2049 5172 2201 5224 nus
2243 5177 2283 5220 α
2324 5176 2472 5241 quc,
2527 5150 2655 5223 vel
2714 5155 2805 5221 ad
2865 5176 3054 5243 quem
3113 5180 3134 5220 .·
3195 5151 3590 5225 dimensio

2047 5277 2288 5360 enim,
2341 5280 2424 5349 ut
2468 5281 2591 5349 est
2635 5276 3104 5359 terminata,
3147 5279 3276 5351 est
3318 5278 3593 5352 termi-

2046 5423 2200 5475 nus
2252 5428 2294 5472 a
2342 5428 2492 5495 quo,
2538 5408 2618 5478 et
2658 5406 2748 5472 ad
2788 5427 3015 5493 quem,·
3070 5406 3158 5477 ut
3221 5424 3418 5477 vero
3464 5408 3589 5478 est

2044 5530 2602 5613 interminata,
2639 5534 2763 5603 est
2796 5529 3592 5624 subjectummanens

2044 5676 2472 5731 commune
2516 5658 2660 5731 sub
2693 5660 3041 5750 utroque
3075 5654 3454 5731 termino.

3675 4053 3890 4172 Οιῗαίιζειι

3667 4179 3907 4244 objecti&
