4252 6393
1728 407 2088 487 ouAEsrio
2133 411 2188 475 x

364 561 673 654 patiens
716 561 1006 639 habeat
1046 565 1302 640 vitam
1329 568 1562 640 modo
1605 568 1897 661 imper·

356 677 588 752 secto,

41 790 42 852 i
119 800 311 864 Obiectio·
440 794 690 866 Forte
730 795 971 879 diceS,
1019 800 1225 889 quod
1257 819 1419 871 non
1462 801 1891 882 concludit,

356 913 554 1003 quod
588 912 879 988 habeat
901 915 1181 998 vitam,
1219 919 1374 991 nisi
1418 919 1497 991 in
1532 919 1898 1011 potentia

41 1036 44 1125 l
356 1029 677 1121 passiva
709 1035 790 1105 et
822 1033 1311 1127 susceptiva.

41 1130 44 1225 l
94 1143 330 1207 Ramm-
434 1150 801 1221 Contra:
858 1149 924 1221 si
996 1151 1269 1222 omnia
1330 1153 1660 1243 agentia
1729 1153 1894 1224 uni-

41 1244 44 1301 [
356 1268 665 1347 rentur,
694 1285 855 1337 non
892 1271 1225 1358 possent
1250 1270 1685 1343 materiam
1719 1290 1893 1342 cor-

41 1310 46 1461 .
349 1378 595 1470 poris,
634 1380 702 1453 si
749 1387 1023 1458 essent
1063 1385 1457 1460 denudata
1492 1388 1892 1479 quantita-

346 1499 445 1576 te,
494 1496 821 1570 induere
858 1519 1062 1571 :non
1093 1500 1307 1572 enim
1338 1502 1430 1574 de
1449 1524 1609 1575 non
1643 1523 1891 1595 quan-

345 1613 425 1682 to
460 1613 759 1696 omnia,
799 1616 955 1688 etsi
1007 1616 1115 1690 sit
1151 1619 1499 1692 materia
1541 1624 1733 1712 apta
1774 1643 1889 1692 es-

348 1749 426 1799 se
470 1729 619 1800 sub
664 1733 1161 1822 quantitate,
1219 1741 1555 1829 possent
1615 1735 1889 1810 facere

344 1848 761 1934 quantum,
855 1850 987 1922 sed
1055 1854 1573 1944 supponendo
1644 1874 1889 1946 quan·

344 1961 511 2032 tum
573 1967 1074 2052 augmentat,
1134 1970 1215 2040 et
1257 1969 1351 2040 ad
1397 1968 1715 2061 aliquos
1757 1991 1889 2044 ae-

345 2078 470 2148 tus
552 2077 903 2160 reducit;
967 2100 1169 2172 ergo
1245 2105 1293 2155 a
1372 2084 1647 2167 simili,
1728 2087 1888 2160 nisi

344 2192 665 2286 aliquod
749 2194 1040 2273 habeat
1119 2201 1611 2295 principium
1698 2204 1890 2278 vitae

345 2309 631 2383 saltem
744 2312 1246 2406 imperfecte,
1349 2340 1508 2392 non
1617 2325 1889 2413 potest

341 2445 588 2518 agens
633 2429 927 2502 ducere
986 2433 1080 2504 ad
1121 2438 1396 2507 actum
1436 2436 1653 2509 vitae.
1707 2439 1775 2509 N
1788 2458 1889 2509 on

338 2562 533 2633 ergo
613 2543 914 2619 sufficit
975 2549 1341 2638 potentia
1399 2551 1727 2644 passiva
1793 2552 1889 2624 ad

340 2659 886 2752 recipiendum
928 2663 1284 2756 aliquem
1344 2672 1620 2742 actum
1663 2672 1888 2742 natu·

342 2794 473 2858 rae,
543 2777 701 2851 nisi
774 2780 1007 2852 modo
1087 2781 1569 2876 imperfecto
1638 2787 1745 2860 sit
1806 2787 1886 2859 in

340 2891 732 2984 subjecto.
832 2895 1054 2968 Unde
1148 2899 1639 2977 concludunt
1719 2903 1882 2990 isti,

338 3009 543 3099 quod
575 3014 874 3085 natura
906 3033 1066 3085 non
1102 3017 1371 3107 potest
1413 3017 1685 3092 faeere
1732 3021 1887 3112 pri-

340 3143 553 3196 mam
589 3127 1161 3218 quantitatem,
1201 3152 1345 3207 nec
1385 3133 1738 3227 primam
1774 3136 1884 3209 vi-

52 3222 65 3311 !
335 3244 526 3324 tam,
577 3262 721 3316 nec
783 3246 1136 3338 primam
1208 3251 1690 3344 qualitatem
1735 3278 1751 3336 ;
1805 3257 1887 3327 et

50 3330 65 3473 i
337 3353 447 3429 sic
478 3356 576 3429 de
635 3359 1007 3432 omnibus
1053 3363 1346 3455 primis
1403 3366 1483 3439 in
1531 3368 1884 3459 quolibet

338 3490 635 3563 genere
668 3478 914 3568 patet,
964 3480 1171 3569 quod
1201 3484 1666 3557 necessario
1700 3489 1886 3559 sunt

340 3606 385 3659 a
423 3589 621 3661 Deo.

79 3711 283 3829 Δηίὲνω
430 3708 704 3789 Sexto,
789 3709 1218 3785 ostendunt
1309 3715 1516 3805 quod
1575 3717 1885 3789 nullum

76 3838 293 3906 ququam
344 3821 503 3894 tale
597 3822 976 3914 primum,
1116 3825 1469 3920 primam
1606 3835 1888 3924 utpote

86 3905 294 4014 1232522‘
346 3939 1052 4031 compositionem,
1136 3944 1491 4037 primam
1571 3950 1889 4040 quanti-

76 4019 290 4139 acm,
346 4057 621 4137 tatem,
672 4059 754 4130 et
812 4057 1167 4149 primam
1244 4063 1888 4155 complexionem

340 4172 512 4259 (sub
572 4174 882 4265 quibus,
930 4178 1016 4247 ut
1084 4176 1361 4252 dicunt
1421 4179 1589 4254 haee
1657 4186 1888 4255 terra

340 4292 458 4362 est
482 4288 942 4382 subjectum
967 4294 1552 4387 generationis)
1576 4299 1886 4372 nullum

339 4422 586 4495 agens
643 4408 1026 4480 naturale
1078 4413 1350 4501 potest
1411 4414 1880 4504 producere.

340 4520 639 4603 Primo,
721 4526 1143 4596 ostensum
1217 4530 1366 4609 est,
1444 4529 1650 4619 quod
1726 4530 1885 4602 nisi

337 4636 567 4707 terra
614 4640 1074 4730 composita
1124 4646 1367 4724 esset,
1430 4647 1510 4716 et
1559 4645 1885 4738 aliquod

338 4768 590 4841 genus
617 4753 810 4827 vitae
854 4756 1419 4851 participaret,
1455 4766 1754 4835 natura
1786 4785 1884 4835 ex

339 4884 430 4935 ea
495 4866 834 4943 effectus
906 4891 1100 4942 suos
1156 4892 1318 4944 non
1369 4874 1879 4965 produceret.

339 4980 552 5055 Tunc
620 4982 734 5057 sic
775 5008 790 5052 :
826 4985 1140 5060 nullum
1186 5007 1435 5080 agens
1478 4993 1878 5075 naturale,

340 5097 461 5168 vel
501 5099 960 5183 artificiale,
1010 5103 1387 5195 producit
1430 5108 1883 5200 subjectum

342 5232 597 5298 suum,
653 5217 788 5289 sed
834 5221 1064 5291 terra
1115 5239 1297 5290 cum
1361 5220 1628 5313 prima
1687 5224 1883 5296 mix-

342 5327 592 5413 tione,
650 5353 836 5405 cum
907 5333 1177 5426 prima
1253 5338 1877 5429 compositione,

345 5465 524 5518 cum
595 5449 860 5542 prima
925 5450 1098 5523 vita
1171 5451 1676 5544 imperfecta,
1757 5460 1883 5530 est

347 5560 790 5655 subjectum
824 5565 1380 5656 generationis
1425 5594 1440 5653 ;
1486 5590 1684 5662 ergo
1719 5571 1885 5643 nul·

529 5697 791 5756 Tom.1V.
881 5702 916 5764 3

3502 426 3623 493 449

2018 571 2184 643 lum
2218 593 2467 664 agens
2500 579 2878 652 naturale
2922 585 3189 673 potest
3235 587 3558 677 praedic·
3600 639 3607 646 -

2020 691 2103 760 ta
2141 691 2608 781 producere.
3599 703 3604 706 ’

2112 807 2340 889 Item,
2417 809 2607 881 illud
2676 817 2800 885 est
2868 819 3185 888 naturae
3256 818 3558 911 subjec-

2017 923 2216 1002 tum,
2263 943 2360 993 ex
2405 946 2559 1015 quo
2593 927 2682 1001 fit
2727 948 2871 1020 per
2903 949 3179 1020 agenS,
3235 955 3558 1028 compo-

2019 1033 2293 1119 situm,
2351 1040 2482 1111 sed
2515 1062 2613 1112 ex
2647 1041 3002 1135 simplici
3035 1067 3192 1117 non
3223 1048 3314 1122 fit
3347 1071 3559 1123 com·

2018 1151 2399 1240 positum,
2450 1154 2926 1247 inquantum
2974 1160 3326 1254 simplici
3373 1191 3388 1247 ;
3439 1189 3560 1238 er·

2014 1284 2115 1355 go
2189 1267 2255 1338 si
2324 1290 2422 1340 ex
2495 1275 2721 1344 terra
2797 1274 2997 1349 fiunt
3069 1282 3555 1373 composita,

2013 1387 2662 1463 necessario-est
2719 1396 3178 1485 composita
3231 1397 3558 1489 inquan-

2012 1503 2188 1572 tum
2248 1503 2741 1594 subjectu1n;
2797 1529 2996 1599 ergo
3056 1516 3358 1585 natura
3398 1535 3558 1586 non

2013 1613 2209 1688 facit
2253 1618 2602 1709 primam
2646 1626 3353 1717 compositionem,
3398 1635 3551 1704 ete.

2103 1733 2334 1816 Item,
2385 1742 2682 1811 natura
2734 1742 3317 1819 universaliter
3364 1747 3556 1820 divi-

2008 1846 2230 1921 ditur
2273 1849 2352 1922 in
2396 1855 2755 1926 activum
2797 1861 2878 1931 et
2922 1860 3336 1950 passivum
3373 1888 3387 1932 ε
3423 1883 3558 1935 na-

2012 1967 2200 2036 tura
2233 1972 2505 2041 autem
2553 1991 2714 2044 non
2756 1971 2954 2048 facit
2997 1977 3375 2070 seipsam,
3426 1982 3558 2053 sed

2011 2084 2304 2155 auctor
2361 2090 2740 2170 natura-33
2800 2111 3001 2181 ergo
3064 2092 3558 2187 principium

2011 2195 2491 2289 inquantum
2528 2205 3022 2299 principium
3065 2211 3554 2295 universale,

2012 2316 2092 2385 et
2164 2316 2521 2389 activum
2603 2321 2991 2397 similiter
3061 2326 3551 2411 universale,

2008 2447 2172 2499 non
2229 2439 2571 2522 possunt
2630 2436 2807 2509 fieri
2869 2459 2918 2510 a
2978 2446 3279 2515 natura
3343 2469 3357 2512 ε
3424 2446 3556 2517 sed

2010 2546 2239 2616 terra
2297 2567 2456 2620 non
2507 2549 2748 2627 habet
2801 2555 3204 2631 rationem
3249 2562 3555 2653 passivi

1988 2667 2386 2754 ‚respectu
2469 2668 2817 2761 alicujus
2899 2676 3549 2767 compositionis,

2007 2776 2168 2850 nisi
2231 2785 2319 2853 ut
2378 2787 2503 2856 est
2561 2783 2861 2857 habens
2922 2789 3278 2882 aliquam
3341 2815 3552 2867 com-

2010 2894 2500 2983 positionem
2545 2900 3138 2993 imperfectam,
3183 2928 3326 2981 nec
3358 2910 3548 2994 vivi,

2007 3009 2166 3082 nisi
2218 3017 2306 3086 ut
2357 3020 2479 3088 est
2531 3015 2830 3091 habens
2881 3022 3233 3114 aliquem
3278 3031 3552 3100 actum

2006 3125 2195 3201 vitae
2257 3128 2877 3223 imperfectum;
2950 3159 3147 3231 ergo
3203 3140 3386 3215 illos
3428 3164 3553 3219 ac·

2008 3248 2165 3325 tus,
2215 3246 2350 3336 qui
2390 3246 2686 3324 habent
2716 3252 2806 3324 de
2852 3255 3170 3328 ratione
3215 3261 3545 3351 passuri,

2006 3379 2166 3430 non
2209 3367 2553 3451 possunt
2596 3367 3064 3458 producere.

2094 3475 2286 3548 Vult
2317 3496 2518 3567 ergo
2554 3477 2722 3553 haec
2767 3484 3093 3575 positio,
3132 3489 3339 3578 quod
3383 3490 3547 3583 pri-

2010 3610 2141 3662 ma
2189 3593 2383 3674 vita,
2449 3596 2713 3688 prima
2775 3603 3215 3692 quantitas,
3281 3606 3548 3698 prima

2011 3708 2386 3797 qualitas,
2434 3716 2514 3784 et
2559 3714 2672 3785 sic
2715 3716 2805 3787 dc
2862 3717 3045 3790 aliis
3109 3720 3397 3812 primis
3470 3729 3551 3798 et

2009 3822 2513 3916 imperfectis
2606 3830 2682 3902 in
2781 3835 3140 3925 quolibet
3225 3858 3545 3929 genere,

2012 3945 2199 4014 sunt
2244 3963 2286 4012 a
2344 3946 2763 4019 creatione
2811 3974 2824 4017 :
2889 3954 2968 4023 et
3030 3954 3174 4025 sub
3218 3953 3380 4027 illis
3427 3962 3552 4030 est

2009 4060 2239 4129 terra
2292 4061 2745 4153 subjectum
2803 4069 3359 4156 generationis
3419 4093 3551 4145 na-

2008 4174 2330 4256 turahs,
2421 4198 2566 4250 nec
2635 4179 2874 4255 habet
2958 4204 3104 4275 pro
3184 4186 3552 4262 inconve-

2006 4290 2287 4371 nienti,
2347 4296 2551 4384 quod
2602 4295 2770 4368 hmo
2822 4303 3052 4372 terra
3107 4302 3354 4385 vivat,
3421 4308 3554 4379 sed

2006 4426 2167 4477 non
2239 4409 2316 4479 in
2388 4410 2527 4482 illo
2589 4413 2841 4502 gradu
2899 4416 3114 4497 vitae,
3172 4419 3305 4509 qui
3356 4420 3552 4496 facit

2010 4523 2395 4613 plantam,
2471 4546 2613 4597 nec
2688 4527 2764 4598 in
2834 4532 3087 4619 gradu
3159 4534 3548 4618 sensibili,

2003 4658 2147 4710 nec
2213 4639 2289 4710 in
2349 4640 2623 4733 aliquo
2685 4645 2936 4731 gradu
3010 4651 3547 4743 perceptibili,

2003 4754 2163 4827 nisi
2226 4757 2569 4829 ratione.
2637 4762 2734 4832 Et
2781 4760 2936 4833 isto
2992 4764 3225 4836 modo
3275 4766 3552 4845 dicunt

2005 4872 2212 4963 quod
2248 4877 2514 4946 totum
2551 4874 3117 4968 imperfectum
3162 4887 3286 4956 est
3319 4886 3551 4958 semi-

2002 4987 2185 5057 nale
2266 4993 2641 5080 respectu
2735 4990 3103 5081 perfecti.
3201 4999 3301 5069 Et
3390 4998 3549 5074 isto

2004 5104 2238 5175 modo
2307 5104 2765 5197 imperfrcti
2835 5128 2995 5180 non
3053 5109 3347 5187 habent
3400 5136 3548 5207 pro

2004 5220 2627 5303 inconvenienti,
2676 5224 2881 5314 quod
2921 5229 3367 5313 contraria,
3423 5233 3548 5305 vel

2001 5337 2322 5409 diversa
2393 5336 2554 5412 sint
2617 5341 3074 5430 composita
3135 5343 3215 5415 in
3272 5349 3547 5420 eadem

2003 5456 2256 5525 terra..
2323 5456 2422 5527 Et
2469 5454 2660 5527 illud
2712 5456 2986 5531 dieunt
3048 5459 3548 5538 intellexisse

2003 5574 2754 5644 commentatorem
2806 5575 2871 5643 2.
2927 5576 3214 5666 Mecaplz.
3260 5604 3424 5650 com.
3478 5587 3874 5680 7.110m,·vid0

3330 5716 3393 5768 29

3691 3548 3772 3601 20.
