4252 6393
146 1338 184 1388 3.

1679 453 1956 530 QUAES'r
1961 456 2037 518 10
2089 456 2189 517 Vll

322 615 446 684 tus
499 615 574 686 et
631 633 793 685 non
840 613 1302 698 distinctuS,
1358 634 1451 688 ac
1498 635 1640 708 per
1699 613 1849 687 hoc
1962 615 2298 697 emente,

323 745 454 799 nec
485 747 662 799 sum
695 727 1168 822 singularis,
1203 750 1348 803 nec
1387 749 1580 802 vere
1615 749 1844 800 unus.

3396 454 3513 518 357

2409 615 2594 708 quia
2666 615 2858 688 illud
2940 615 3508 690 indetermina-

1962 734 2140 804 tum
2202 729 2413 804 cadit
2486 731 2564 802 in
2626 731 3308 824 compositionem
3378 752 3507 805 cu-

403 845 628 927 Item,
717 844 799 918 in
884 866 1275 940 processu
1355 850 1672 920 naturae
1769 850 1849 921 et
1953 846 2290 940 juslibet
2332 846 2542 921 entis
2578 869 2725 942 per
2765 869 2872 931 se,
2920 852 3008 922 ut
3047 847 3237 920 dixi.

318 960 536 1044 artis,
582 962 947 1036 videmus
1012 963 1219 1055 quod
1254 964 1667 1058 posterius
1698 965 1848 1037 dis-

318 1077 630 1169 tinguit,
700 1081 1135 1172 restringit
1229 1086 1310 1156 et
1367 1080 1840 1175 specificat;

316 1215 503 1288 ergo
546 1202 874 1290 oportet
910 1201 1114 1292 quod
1164 1200 1279 1274 ita
1313 1201 1420 1274 sit
1463 1199 1618 1273 hic.

393 1315 647 1398 Nono,
713 1319 1046 1393 ostendo
1110 1319 1315 1411 quod
1375 1340 1559 1392 cum
1628 1339 1844 1393 com-

145 1402 290 1537 ssffl.
311 1430 601 1522 positio
636 1453 735 1504 ex
780 1433 1431 1518 indeterminato,
1477 1438 1556 1508 et
1587 1434 1842 1509 deter-

145 1541 199 1575 w.

314 1547 610 1624 minato
673 1556 1067 1644 sequatur
1126 1571 1362 1626 omne
1420 1572 1561 1625 ens
1622 1573 1842 1624 crea-

311 1669 496 1747 tum,
580 1668 787 1759 quod
856 1667 938 1741 in
1006 1668 1159 1752 his,
1245 1690 1420 1761 quae
1496 1673 1682 1743 sunt
1749 1670 1840 1742 de

308 1800 593 1871 genere
649 1783 1152 1868 substantiae,
1238 1785 1430 1858 illud
1502 1786 1839 1859 indeter-

310 1898 694 1974 minatum
767 1900 874 1975 sit
929 1924 1125 1976 vere
1188 1902 1687 1985 substantia;
1760 1907 1839 1976 et

303 2035 472 2088 cum
517 2037 677 2091 non
741 2019 847 2092 sit
888 2011 1181 2103 forma,
1253 2025 1582 2113 oportet
1634 2020 1840 2113 quod

308 2133 405 2206 sit
479 2136 855 2218 materia,
939 2158 1030 2210 ac
1103 2158 1248 2231 per
1307 2136 1483 2219 hoc,
1568 2138 1839 2210 omnia

307 2271 468 2342 quae
543 2257 734 2327 sunt
798 2253 878 2326 in
954 2274 1249 2346 genere
1332 2255 1834 2338 substantiae‚

305 2374 477 2443 sunt
519 2371 981 2464 composita
1025 2394 1123 2444 ex
1168 2372 1517 2444 materia
1557 2377 1637 2445 et
1679 2372 1840 2446 for-

306 2506 446 2557 ma.
521 2490 955 2563 Ostensum
997 2491 1147 2570 est,
1222 2488 1430 2579 quod
1500 2488 1839 2563 indeter-

304 2604 718 2688 minatum,
755 2609 835 2680 et
874 2606 1504 2679 determinatum
1544 2605 1838 2681 habs-nt

303 2721 505 2794 inter
573 2744 658 2795 se
724 2723 1367 2816 proportionem,
1446 2724 1553 2796 ita
1629 2726 1837 2815 quod

301 2861 538 2912 unum
579 2840 1070 2914 determinat
1111 2840 1352 2922 aliud,
1428 2841 1560 2912 sed
1603 2846 1833 2914 actus

293 2957 832 3032 determinans
884 2958 965 3029 in
1004 2976 1299 3048 genere
1359 2957 1834 3030 substantiae

294 3079 366 3147 et
422 3076 1096 3168 correspondens,
1163 3075 1322 3147 crit
1366 3075 1832 3148 necessario

300 3191 750 3268 substantia
821 3219 836 3263 ε
912 3192 1045 3265 sed
1117 3192 1199 3265 in
1272 3212 1568 3285 genere
1659 3193 1834 3265 sub-

299 3310 611 3383 stantiae
691 3309 891 3382 nihil
924 3312 1047 3383 est
1085 3308 1828 3392 indeterminatum,

294 3428 436 3502 nisi
485 3430 861 3512 materia-3
899 3449 1099 3521 ergo
1134 3429 1201 3503 si
1239 3429 1501 3502 omnis
1535 3432 1834 3503 natura

296 3564 427 3637 per
499 3568 579 3618 se
650 3545 1125 3627 subsistens,
1200 3544 1307 3618 sit
1376 3545 1834 3637 composita

292 3683 380 3734 ex
420 3663 1050 3739 indeterminato
1127 3667 1208 3736 et
1259 3662 1828 3743 determinato,

293 3781 661 3873 sequitur
703 3781 910 3874 quod
952 3780 1217 3853 omnis
1261 3784 1647 3853 creatura
1692 3800 1834 3872 per

293 3918 369 3970 se
408 3897 890 3980 subsistens,
946 3896 1402 3991 cujusmodi
1480 3899 1607 3970 est
1659 3896 1833 3967 sub-

291 4015 614 4098 stantia,
660 4016 768 4091 sit
825 4014 1283 4109 composita
1314 4034 1410 4087 ex
1456 4014 1828 4096 materia,

291 4135 365 4204 et
417 4130 715 4205 forma.

373 4251 604 4331 Item,
689 4247 1150 4322 substantia
1253 4250 1374 4320 est
1474 4247 1832 4340 primum

296 4386 563 4455 genus,
607 4366 698 4438 de
767 4385 924 4459 quo
996 4364 1263 4457 primo
1337 4365 1832 4457 praedicatur

296 4502 429 4554 ens
460 4506 474 4563 ;
508 4501 703 4574 ergo
767 4481 836 4554 si
878 4480 1072 4552 illud
1114 4479 1829 4554 indeterminatum

302 4598 374 4670 in
406 4616 701 4689 genere
744 4595 1225 4671 substantiae
1268 4616 1427 4669 non
1465 4599 1592 4669 est
1660 4594 1831 4667 sub-

300 4712 591 4787 stantia
677 4711 811 4784 sed
880 4709 1275 4794 accidenS,
1371 4730 1553 4783 cum
1639 4709 1832 4783 illud

301 4831 495 4921 quod
531 4831 744 4905 cadit
791 4830 872 4903 in
913 4828 1619 4922 compositionem,
1691 4827 1831 4902 ali-

301 4948 518 5040 cujus
584 4950 693 5024 sit
762 4948 993 5042 prius
1059 4966 1181 5032 e0,
1235 4946 1601 5021 accidens
1670 4945 1831 5021 erit

303 5065 515 5155 prius
598 5064 1085 5149 substantia,
1186 5065 1419 5157 eujus
1508 5066 1833 5137 contra-

307 5181 500 5254 rium
539 5184 842 5258 dicitur
870 5188 936 5257 7.
981 5184 1270 5273 Metaph.
1316 5195 1477 5251 text.
1511 5182 1577 5254 4.
1626 5180 1831 5273 quod

304 5298 652 5368 substantia
700 5312 793 5367 est
835 5302 1032 5389 prior
1087 5298 1448 5379 accidente,
1513 5309 1826 5385 tempore,

306 5414 700 5501 definitione,
754 5429 817 5487 et
862 5430 1131 5486 natura.

391 5539 606 5623 Item,
700 5543 1185 5634 sequeretur
1260 5541 1468 5634 quod
1568 5539 1830 5613 omnis

312 5654 748 5741 ,substantia
779 5662 994 5732 esset
1049 5656 1508 5750 composita
1547 5678 1645 5731 ex
1708 5676 1829 5728 ac-

2050 967 2281 1046 Item‚
2327 964 2398 1037 si
2432 963 2621 1037 illud
2651 964 3362 1038 indeterminatum
3387 970 3512 1039 est

1958 1082 2355 1165 accidenS,
2402 1103 2585 1155 cum
2634 1104 2778 1176 per
2830 1082 3020 1155 illud
3081 1082 3189 1155 sit
3241 1103 3508 1175 recep-

1955 1203 2242 1285 tivum,
2283 1208 2766 1295 sequeretur
2807 1204 3014 1296 quod
3048 1202 3512 1277 substantia,

1958 1346 2102 1418 per
2163 1344 2399 1397 suum
2461 1325 2830 1397 accidens
2891 1324 2997 1398 sit
3059 1324 3497 1417 receptiva,

1956 1442 2163 1534 quod
2220 1447 2345 1516 est
2407 1441 2932 1535 impossibile.
2984 1441 3203 1523 Quod
3247 1443 3495 1533 patet,

1955 1558 2144 1650 quia
2190 1578 2423 1631 omne
2475 1557 2843 1631 accidens
2904 1557 2974 1629 si
3044 1556 3498 1649 recipiatur

1955 1676 2033 1748 in
2077 1675 2268 1758 alie,
2321 1675 2450 1746 vel
2491 1674 2653 1748 erit
2697 1674 3134 1767 procedere
3196 1673 3275 1746 in
3328 1673 3494 1746 infi-

1951 1792 2214 1865 nitum
2265 1791 2344 1863 in
2393 1790 2775 1884 potentiis
2828 1790 3304 1882 receptivis;
3367 1790 3491 1862 vel

1950 1909 2112 1982 erit
2161 1909 2352 1980 dare
2418 1908 2626 1999 quod
2689 1906 3144 1981 substantia
3204 1926 3351 1999 per
3411 1928 3494 1979 sc

1953 2025 2325 2117 recipiat,
2381 2029 2459 2096 et
2512 2024 2626 2096 sic
2687 2024 2878 2096 illud
2928 2022 3494 2099 indetermina-

1951 2146 2151 2221 tum,
2211 2161 2353 2233 per
2405 2139 2612 2233 quod
2675 2138 2994 2232 recipit,
3087 2137 3248 2211 erit
3309 2137 3482 2210 sub-

1953 2264 2284 2334 stantla.
2333 2259 2536 2331 Hine
2577 2256 2824 2330 etiam
2873 2259 3121 2348 patet,
3159 2255 3346 2346 quia
3388 2254 3496 2326 in-

1949 2376 2607 2454 determinatum,
2681 2376 3077 2466 quatenus
3159 2372 3494 2446 indeter-

1951 2494 2379 2574 minatum,
2469 2491 2708 2564 habet
2791 2494 3178 2563 naturam
3247 2489 3491 2581 primi

1953 2609 2424 2704 recipientis
2476 2634 2491 2678 ε
2540 2609 2672 2681 sed
2740 2607 3050 2678 nullum
3121 2606 3490 2679 accidens

1951 2733 2221 2824 potest
2255 2727 2551 2799 habere
2592 2724 2798 2797 hanc
2839 2727 3248 2807 naturam,
3304 2745 3487 2796 cum

1948 2849 2026 2920 in
2061 2846 2225 2918 alio
2261 2844 2745 2936 recipiatur;
2795 2862 3020 2932 ergo,
3060 2845 3213 2914 etc.

2034 2963 2396 3044 Decimo,
2446 2961 2781 3034 ostendo
2824 2959 3030 3052 quod
3064 2958 3257 3031 illud
3288 2957 3492 3029 inde·

1946 3198 2154 3291 quod
2192 3202 2319 3269 est
2352 3193 2831 3275 substantia,
2865 3191 3333 3266 necessario
3367 3195 3491 3267 est

1945 3314 2322 3394 materia,
2376 3333 2420 3383 a
2471 3311 2742 3384 forma
2785 3310 3123 3383 realiter
3169 3309 3492 3383 distinc-

1946 3436 2055 3506 ta.
2103 3430 2383 3503 Primo
2431 3429 2579 3511 sic;
2641 3426 3358 3499 indeterminatum
3411 3426 3490 3498 in

1946 3568 2241 3640 genere
2294 3545 2795 3626 substantiae,
2841 3547 2967 3616 est
3013 3542 3493 3616 omnimodae

1948 3660 2767 3743 indeterminationiS,
2842 3680 3027 3732 cum
3099 3659 3206 3733 sit
3273 3659 3491 3741 illud,

1948 3803 2093 3876 per
2137 3782 2342 3873 quod
2400 3777 2860 3852 substantia
2908 3782 3034 3851 est
3088 3777 3170 3850 in
3221 3781 3493 3870 poten-

1946 3901 2061 3976 tia
2130 3899 2222 3971 ad
2291 3896 2842 3990 receptionem
2910 3895 3493 3987 cujuscumque

1947 4014 2474 4112 perfeetionis
2519 4038 2534 4083 ε
2584 4011 2718 4084 sed
2760 4010 3022 4082 omnis
3073 4009 3341 4085 forma
3396 4009 3488 4082 de

1946 4135 2264 4208 ratione
2307 4153 2452 4205 sua
2481 4130 2674 4204 dicit
2715 4129 3076 4222 aliquam
3115 4128 3490 4207 determi-

1942 4252 2399 4330 nationcm;
2446 4267 2671 4339 erge,
2728 4247 2959 4320 modo
3007 4245 3358 4321 relativo
3408 4250 3489 4327 et

1948 4367 2350 4461 opposito,
2399 4365 2612 4439 sicut
2652 4363 3206 4437 determinans
3245 4366 3329 4438 et
3382 4362 3489 4435 in-

1943 4483 2582 4559 determinatum
2637 4480 2929 4573 recipit
3020 4480 3214 4552 illud
3261 4504 3275 4547 :
3321 4500 3488 4552 cer-

1943 4607 2116 4677 tum
2175 4606 2300 4675 est
2356 4602 2630 4673 autem
2700 4597 2906 4689 quod
2977 4595 3194 4670 ratio
3252 4596 3487 4669 unius

1946 4718 2273 4794 relativi
2305 4722 2430 4791 est
2464 4714 2841 4809 opposita
2885 4717 3260 4807 respectu
3294 4713 3487 4788 alte-

1946 4838 2145 4919 rius,
2229 4836 2438 4909 sicut
2499 4831 3001 4925 impossibile
3059 4835 3208 4914 est,
3281 4831 3487 4923 quod

1944 4953 2240 5047 aliquis
2320 4950 2427 5023 sit
2495 4947 2711 5021 filius
2787 4948 2990 5041 ejuS,
3062 4946 3293 5039 cujus
3361 4952 3488 5023 est

1945 5074 2230 5164 patet-3
2303 5086 2502 5158 ergo
2556 5062 3059 5159 impossibile
3105 5070 3231 5141 est
3282 5062 3489 5158 quod

1944 5185 2662 5262 indeterminatum
2696 5182 2803 5256 sit
2836 5181 3129 5255 forma.

2035 5307 2266 5387 Item,
2314 5300 3029 5375 indeterminatum
3072 5299 3154 5372 in
3195 5316 3489 5390 genere

1946 5420 2450 5502 substantiae,
2501 5419 2706 5512 quod
2755 5415 3286 5509 consequitur
3328 5434 3488 5486 om-

1944 5560 2042 5612 ne
2075 5558 2242 5620 ens,
2290 5540 2377 5610 ut
2424 5534 2759 5618 ostendi,
2808 5534 3048 5608 habet
3084 5532 3487 5607 rationem

1944 5653 2470 5735 fundamenti,
2516 5674 2607 5727 ac
2652 5672 2796 5747 per
2834 5652 2985 5725 hoc
3029 5649 3332 5723 nullius
3364 5652 3489 5723 est

3635 2976 3716 3026 24.

1948 3079 2478 3153 terminatum
2534 3078 2614 3150 in
2656 3097 2950 3167 genere
2985 3075 3487 3156 substantiae,
3522 3040 3832 3154 (5.νὲὅῦῧῖ-

3635 3167 3733 3216 sio.
