4252 6393
1586 440 1950 518 QUAESTIO
1995 443 2129 505 vm
3329 446 3447 510 385

285 604 625 679 animali.
697 603 1099 680 Similiter
1162 602 1526 677 videmus
1596 602 1804 695 quod
1910 603 2180 679 forma
2220 605 2299 679 et
2336 604 2929 688 substantialis,
2990 610 3071 681 et
3105 607 3464 682 acciden-

285 727 559 797 natura
601 743 810 796 cerae
854 724 1222 796 remanet
1266 721 1346 794 in
1388 720 1685 812 sigillo,
1723 723 1805 794 et
1916 722 2108 798 talis
2159 721 2513 815 disponit
2566 722 3026 807 materiam,
3078 727 3166 797 ut
3207 723 3315 798 sit
3355 723 3464 796 al-

285 841 442 934 ejus
481 841 849 935 potentia
892 839 1408 934 impressiva,
1461 857 1645 912 cum
1695 837 1806 912 sit·
1916 838 2178 912 terius
2227 838 2713 932 susceptiva.
2765 845 2864 915 Et
2910 862 3053 935 per
3095 841 3289 915 illud
3334 859 3463 933 pa-

285 957 467 1031 idem
503 978 591 1031 re
632 977 816 1030 cum
856 977 977 1039 ea,
1029 959 1110 1030 et
1152 959 1425 1030 tamen
1466 973 1656 1028 cera
1688 974 1803 1025 se-
1920 959 2035 1030 tet
2094 955 2401 1030 solutio
2452 957 2547 1029 ad
2588 956 2928 1031 tertium
2984 983 2999 1027 :
3056 957 3244 1050 quia
3287 977 3463 1051 quae
3537 981 3764 1056 aurer-

282 1075 607 1147 cundum
658 1073 865 1166 quod
904 1092 1120 1155 cera,
1176 1076 1258 1147 et
1299 1076 1389 1146 ut
1429 1091 1591 1143 non
1649 1070 1803 1162 sig·
1917 1073 2522 1148 communicant
2596 1075 2674 1146 in
2746 1076 3123 1159 materia,
3191 1096 3465 1150 secun-
3557 1051 3726 1096 num.

282 1193 478 1273 nata,
540 1194 667 1263 est
726 1188 807 1262 in
865 1188 1233 1283 potentia
1291 1189 1387 1260 ad
1447 1188 1804 1260 formam
1917 1191 2103 1262 dum
2164 1191 2370 1282 quod
2431 1191 2867 1283 subjicitur
2917 1192 3218 1283 agenti,
3279 1194 3466 1265 sunt

285 1308 519 1390 Pauli,
569 1308 704 1380 sed
751 1327 912 1379 non
962 1310 1049 1380 ut
1101 1309 1227 1380 est
1281 1306 1428 1378 sub
1480 1305 1807 1397 signata
1916 1305 2610 1389 transmutabilia,
2647 1313 2727 1382 et
2765 1310 2842 1382 in
2875 1308 3023 1382 tali
3058 1329 3220 1381 non
3255 1329 3468 1381 com·

283 1424 551 1514 figura.
610 1422 1011 1498 Similiter
1056 1421 1233 1495 dico
1281 1422 1373 1494 de
1426 1420 1802 1503 materia,
1923 1422 2340 1496 municant
2375 1424 2656 1516 Angcli
2693 1430 2773 1498 et
2808 1446 3135 1518 corpus,
3181 1428 3261 1498 et
3294 1424 3468 1497 ideo

285 1544 364 1614 ut
398 1539 969 1614 consideratur
1017 1538 1099 1609 in
1149 1557 1297 1609 sua
1356 1535 1802 1629 primitate,
1921 1558 2081 1611 non
2122 1543 2248 1613 est
2285 1539 2694 1632 possibile,
2744 1542 2950 1633 quod
2989 1541 3080 1614 de
3122 1559 3470 1632 corpore

286 1662 355 1732 et
384 1654 1145 1731 indeterminatione
1187 1652 1672 1735 omnimoda,
1728 1656 1810 1727 et
1922 1656 2065 1730 fiat
2109 1656 2480 1751 spiritus,
2520 1680 2664 1733 nec
2705 1683 2747 1734 e
2789 1658 3241 1734 contrarie.

131 2020 179 2076 37.

288 1777 364 1849 ut
403 1774 969 1849 consideratur
1010 1771 1092 1845 in
1134 1791 1281 1845 sua
1319 1769 1810 1846 contractio·

286 1912 513 2082 11&lger
544 2006 743 2081 illud
776 2010 1000 2101 patet
1047 2004 1351 2080 solutio
1394 2004 1491 2078 ad
1541 2026 1812 2078 secun-

132 2102 482 2208 ffdum,
557 2126 746 2218 quia
803 2126 981 2200 tota
1035 2122 1471 2196 diversitas
1532 2125 1656 2197 est
1714 2143 1815 2195 ex

292 2246 510 2334 parte
539 2239 1305 2316 communicationis
1337 2243 1415 2313 et
1447 2240 1817 2313 determi-

292 2357 630 2434 nationis
674 2357 1077 2438 materiae;
1139 2359 1218 2431 et
1273 2356 1365 2429 de
1424 2354 1567 2428 illa
1618 2356 1817 2429 bene

292 2473 766 2556 conceditur,
823 2473 1031 2567 quod
1080 2493 1242 2545 non
1290 2473 1417 2546 est
1471 2490 1656 2556 una,
1727 2472 1819 2545 de

294 2592 546 2683 primo
643 2590 911 2685 prima
1007 2588 1497 2685 oppositum.
1600 2589 1818 2663 Unde

291 2705 475 2789 dico,
559 2707 764 2799 quod
833 2705 947 2779 sic
1020 2705 1088 2778 si
1162 2707 1380 2778 Deus
1449 2726 1497 2777 a
1573 2705 1822 2776 mate-

293 2822 405 2895 ria
471 2828 894 2897 amoveret
965 2820 1339 2917 quidquid
1406 2825 1529 2896 cst
1598 2822 1822 2896 ultra

294 2941 728 3032 potentiam
796 2941 1065 3033 primo
1143 2937 1523 3033 primam,
1597 2937 1820 3010 solus

294 3058 521 3140 Deus,
565 3056 694 3131 cui
758 3077 1187 3131 remanens
1239 3055 1590 3128 materia
1640 3053 1824 3126 sub-

287 3171 560 3264 jicitur
595 3172 713 3262 (ut
757 3172 1253 3263 ostendetur)
1293 3171 1568 3266 posset
1620 3169 1826 3243 face-

300 3307 375 3361 re
437 3290 871 3381 Angelum,
950 3289 1077 3363 vel
1146 3288 1595 3372 hominem,
1668 3291 1820 3361 etc.

299 3404 533 3497 Cujus
568 3405 782 3480 ratio
817 3410 966 3489 est,
1006 3405 1195 3498 quia
1226 3404 1584 3499 primum
1621 3402 1825 3476 inde-

298 3520 815 3596 terminatum
851 3521 932 3595 in
965 3520 1321 3614 quolibet
1359 3539 1654 3612 genere
1702 3523 1826 3592 cst

302 3634 370 3706 in
408 3637 773 3731 potentia
821 3639 1194 3731 respectu
1249 3638 1511 3710 omnis
1564 3637 1827 3711 deter-

302 3753 783 3837 minationis,
843 3775 1017 3846 quae
1078 3753 1169 3828 fit
1231 3755 1312 3827 in
1372 3753 1550 3836 illo;
1616 3773 1827 3825 nune

303 3873 559 3943 autem
619 3870 970 3944 materia
1040 3870 1307 3964 primo
1370 3869 1639 3962 prima
1702 3869 1826 3940 est

303 3984 911 4061 indeterminata
980 3984 1059 4058 in
1113 4005 1407 4078 genere
1463 3985 1828 4058 substan-

305 4100 457 4185 tiae,
495 4102 853 4195 primum
893 4103 1067 4178 dico
1111 4102 1827 4176 indeterminatum

310 4214 379 4288 in
433 4218 938 4312 suscipiendo
1004 4244 1020 4289 :
1084 4219 1236 4293 hoc
1295 4219 1469 4293 dico
1527 4241 1627 4291 ne
1688 4219 1828 4293 fiat

310 4334 704 4421 instantia,
751 4338 958 4431 quod
998 4360 1096 4411 ex
1139 4336 1318 4432 ipsa
1373 4338 1608 4412 fieret
1668 4337 1827 4410 for-

310 4471 426 4525 ma
456 4453 764 4545 Angeli,
810 4453 938 4527 vel
979 4453 1272 4527 animae
1318 4479 1333 4536 ;
1379 4473 1581 4545 ergo
1619 4454 1829 4532 sicut

308 4588 395 4641 ex
433 4572 758 4655 semine,
796 4571 1004 4664 quod
1042 4577 1168 4646 est
1204 4571 1554 4665 primum
1595 4576 1676 4646 et
1717 4573 1829 4646 in-

309 4683 943 4771 determinatum,
1007 4687 1209 4761 fiunt
1252 4689 1524 4761 omnia
1581 4710 1830 4762 mem-

312 4795 467 4884 bra,
530 4802 899 4884 musculi,
946 4801 1202 4884 nervi,
1274 4806 1355 4876 et
1412 4824 1510 4874 ex
1551 4805 1831 4876 eodem

312 4930 548 5003 grano
619 4919 829 4993 rami
871 4919 1117 4994 flores
1166 4923 1248 4994 et
1302 4918 1645 5004 fructus,
1712 4920 1828 4993 sic

312 5028 382 5102 in
431 5033 690 5127 primo
753 5034 1412 5120 indeterminate,
1459 5036 1667 5128 quod
1707 5040 1829 5110 est

314 5152 636 5224 materia
678 5152 947 5246 primo
984 5151 1277 5244 prima,
1318 5156 1589 5245 potest
1634 5153 1830 5227 reci-

314 5260 384 5351 pi
432 5267 682 5341 omnis
725 5268 1022 5351 forma,
1079 5289 1255 5360 quae
1307 5268 1389 5340 in
1430 5268 1572 5342 illo
1631 5271 1830 5343 reci·

317 5375 538 5466 pitur.
600 5382 801 5467 Quia
880 5384 1250 5475 quamvis
1327 5382 1477 5458 hoc
1547 5407 1832 5459 conce-

313 5490 508 5579 dant,
550 5499 678 5592 qui
726 5503 1040 5594 ponunt
1082 5521 1325 5574 unam
1361 5502 1621 5575 solam
1665 5503 1832 5575 for-

324 5625 516 5683 mam
554 5614 629 5689 in
662 5616 1148 5710 composite,
1193 5617 1394 5703 dico,
1435 5620 1640 5713 quod
1673 5640 1833 5693 una

457 5745 590 5803 Tem.
618 5751 707 5807 IV.

2414 1999 2836 2058 Auricutus
2912 2000 2983 2056 v.
3197 1999 3402 2068 «ἶν’-κ

3231 2062 3341 2070 -.-—.

1939 2201 2172 2267 Utrum
2203 2202 2278 2267 in
2306 2205 2594 2270 materia
2629 2206 2856 2291 prima
2901 2206 2988 2271 sit
3031 2208 3336 2293 potentia
3385 2203 3478 2272 ad

2018 2339 2241 2384 omnes
2268 2321 2549 2404 formem,
2586 2331 2758 2388 etan
2789 2321 2966 2387 nude
2982 2331 3244 2410 sumpta
3266 2325 3476 2410 possit

2020 2435 2390 2518 informari
2425 2437 2507 2503 ab
2535 2449 2769 2525 aqcntc
2807 2437 3085 2527 σνεαιοῨΙ

2044 2643 2430 2735 Sequitur
2507 2645 2912 2737 quintum,
2997 2647 3305 2722 scilicet
3384 2649 3475 2721 de

1935 2759 2305 2833 materiae
2346 2759 2933 2837 formabilitate
2971 2791 2986 2835 ε
3023 2765 3242 2838 eirca
3275 2766 3479 2858 quod

1937 2875 2371 2959 sciendum,
2421 2881 2624 2970 quod
2675 2902 2854 2953 cum
2912 2882 3262 2954 materia
3321 2882 3479 2977 pri-

1940 3014 2070 3066 mo
2133 2995 2396 3087 prima
2454 2995 2744 3069 habeat
2808 2998 3314 3091 primitatem
3355 3002 3481 3073 to—

1938 3110 2186 3183 talem
2228 3114 2305 3183 et
2359 3112 2927 3198 omnimodam,
2992 3136 3152 3187 non
3214 3120 3480 3209 potest

1937 3227 2113 3320 ejus
2195 3230 2563 3321 potentia
2638 3229 3012 3314 formari,
3096 3231 3253 3304 nisi
3336 3252 3483 3325 per

1940 3363 2189 3433 agens
2269 3346 2651 3437 primum.
2735 3347 2973 3422 Circa
3053 3350 3257 3441 quod
3326 3350 3480 3421 duo

1944 3462 2302 3544 ostendo,
2371 3462 2727 3555 primum
2789 3468 2937 3545 cst,
3013 3466 3218 3556 quod
3287 3464 3480 3539 talis

1942 3578 2290 3651 materia
2330 3578 2422 3651 de
2465 3602 2548 3651 se
2588 3579 2876 3652 habeat
2929 3586 3344 3673 aspectum
3387 3581 3484 3653 ad

1940 3691 2298 3766 formam
2341 3693 2858 3787 corporalem
2928 3695 3054 3766 vel
3103 3694 3482 3788 spiritua-

1942 3809 2126 3882 lem.
2195 3810 2639 3881 Secundum
2690 3815 2838 3893 est,
2899 3812 3103 3901 quod
3156 3809 3484 3903 inquan-

1942 3929 2116 3998 tum
2187 3926 2404 4007 talis,
2483 3926 2550 3997 si
2616 3929 3059 4017 poneretur
3128 3926 3208 3998 in
3277 3946 3480 4006 esse,

1941 4063 2103 4114 non
2170 4046 2444 4135 posset
2500 4043 2846 4115 formari
2908 4043 3093 4125 ista,
3159 4042 3283 4115 vel
3347 4042 3488 4113 illa

1943 4159 2236 4240 forma,
2274 4158 2427 4231 nisi
2469 4180 2612 4252 per
2653 4160 3010 4253 primum
3047 4180 3322 4250 agens.

2514 4387 2916 4447 SCHOLIUM.

2015 4564 2294 4624 Ostendit
2325 4564 2426 4622 hic
2458 4566 2784 4623 materiam
2816 4566 3087 4639 primam
3120 4565 3285 4629 nude
3317 4586 3492 4632 sum-

1943 4669 2113 4737 ptam
2147 4663 2380 4736 absque
2438 4664 2606 4720 omni
2642 4663 2842 4721 forma
2874 4664 3105 4723 habere
3137 4674 3489 4741 respectum

1944 4767 2005 4820 et
2033 4762 2368 4835 potentiam
2401 4760 2477 4818 ad
2532 4777 2995 4836 quamcumque
3045 4765 3330 4834 formam,
3383 4785 3495 4826 ne-

1945 4876 2069 4934 que
2101 4860 2177 4917 ad
2211 4860 2430 4928 ullam,
2464 4865 2767 4931 quantum
2818 4865 2910 4917 est
2950 4877 3025 4918 ex
3066 4867 3308 4922 ratione
3359 4883 3493 4936 sua,

1944 4959 2378 5017 determinari.
2433 4958 2709 5031 ldipsum
2768 4958 2944 5018 docet
2991 4962 3057 5018 in
3110 4965 3161 5021 1.
3209 4964 3351 5024 dist.
3402 4972 3493 5025 27.

1945 5061 2163 5130 quaest.
2198 5058 2253 5114 3.
2285 5062 2340 5123 §-
2374 5058 2440 5112 Et
2469 5058 2615 5125 quod
2634 5059 2888 5128 additur,
2915 5058 3019 5117 ubi
3050 5061 3137 5118 ait
3167 5066 3494 5123 materiam

1944 5156 2112 5211 omni
2150 5155 2346 5212 forma
2376 5154 2752 5212 denudatam
2787 5171 2922 5214 esse
2962 5160 3323 5230 proximum
3356 5178 3497 5221 sus-

1943 5255 2264 5325 ceptivum
2295 5254 2749 5326 quuscumque
2779 5254 2994 5312 sormae
3023 5261 3181 5314 natae
3212 5259 3495 5332 imprimi

1946 5353 2012 5408 in
2045 5352 2371 5407 materiam
2395 5366 2641 5421 puram,
2674 5357 2734 5409 et
2764 5351 2840 5410 ab
2887 5359 3110 5423 agente
3150 5355 3495 5414 sufficiente

1947 5464 2363 5523 quocumque,
2396 5464 2429 5505 a
2462 5464 2584 5520 quo
2613 5455 2817 5522 posset
2848 5452 2992 5510 talis
3023 5454 3222 5511 forma
3257 5455 3493 5514 induci.

1948 5545 2101 5603 Vide
2133 5546 2411 5603 eumdem
2453 5548 2517 5603 in
2549 5550 2603 5602 2.
2636 5546 2778 5605 dist.
2807 5550 2892 5604 12.
2926 5554 3144 5621 quaest.
3176 5553 3231 5607 2.
3262 5556 3317 5619 ἓ.
3341 5553 3499 5623 Item,

1948 5661 2064 5707 non
2090 5651 2165 5700 ese
2196 5661 2420 5703 necesso.
2451 5649 2505 5701 et
2532 5651 2586 5712 §-
2623 5646 3026 5714 Confirmatur.

3267 5772 3332 5823 25
