4252 6393
1636 442 1999 519 QUAEs'mO
2046 441 2172 507 vlu

329 619 501 692 ergo
539 602 797 677 multo
860 602 1125 674 minus
1179 602 1612 675 materiam
1673 604 1845 676 sine

326 717 591 802 forma,
628 741 813 793 cum
850 721 1111 812 magis
1165 721 1626 814 dependeat.

861 947 1266 1006 SCHOLIUM.

384 1149 496 1207 Sub
522 1150 792 1207 aliorum
824 1150 1075 1206 nomine
1107 1148 1282 1207 docet
1313 1149 1410 1206 hic
1433 1151 1645 1208 Scotus
1665 1165 1843 1224 posse

323 1249 629 1309 materiam
661 1249 938 1306 existere
970 1248 1203 1320 absque
1234 1249 1402 1306 omni
1439 1248 1636 1306 forma
1694 1249 1844 1306 sub-

320 1348 595 1414 stantiali,
625 1347 729 1404 vel
757 1346 1151 1415 accidentali,
1183 1346 1312 1404 sola
1360 1351 1568 1404 tamen
1625 1345 1843 1404 divina

323 1446 559 1502 virtute.
595 1446 666 1501 Et
694 1444 845 1502 licet
875 1445 971 1501 hic
1001 1444 1295 1502 videatur
1342 1445 1513 1517 loqui
1562 1460 1638 1501 ex
1686 1446 1844 1502 alio-

323 1549 447 1591 rum
477 1536 806 1602 sententia,
834 1538 1046 1591 tamen
1077 1535 1212 1607 ipse
1245 1535 1476 1607 ubique
1526 1535 1684 1593 hanc
1744 1537 1845 1593 in-

326 1633 506 1692 culcat
536 1632 911 1706 doctrinam3
947 1635 1298 1705 praesertim
1330 1634 1395 1689 in
1433 1637 1489 1691 2.
1549 1634 1693 1692 dist.
1758 1637 1842 1693 12.

326 1749 416 1805 qu.
444 1735 497 1790 2.
532 1731 638 1789 ubi
671 1747 747 1789 ex
778 1733 1056 1804 professo
1083 1733 1302 1804 probat
1333 1735 1660 1792 materiam
1708 1749 1846 1792 esse

323 1827 717 1899 separabilem
748 1841 785 1883 a
821 1830 1034 1886 torma.

3376 438 3493 505 389

1955 624 2116 676 non
2148 603 2342 679 dicit
2376 625 2547 677 rem
2582 604 2829 676 aliam
2865 624 3105 697 quam
3131 602 3506 677 effectum

1956 720 2378 811 quemdam
2445 721 2614 802 Dei,
2687 724 2767 793 et
2808 720 3080 791 forma
3139 717 3342 790 nihil
3386 718 3496 790 fa-

1957 834 2093 916 cit,
2176 834 2331 907 nisi
2408 834 2975 909 conservative
3066 833 3504 906 secundum

1957 971 2291 1023 cursum
2334 957 2678 1026 naturae.

2049 1072 2279 1152 Item,
2351 1071 2665 1143 nullum
2733 1069 3146 1163 posterius
3227 1073 3351 1143 est
3416 1070 3508 1142 de

1954 1189 2311 1262 essentia
2348 1190 2473 1261 sui
2511 1189 2846 1282 prioris,
2915 1188 3208 1262 saltem
3277 1186 3505 1261 intel-

1956 1306 2170 1380 lectu
2220 1331 2234 1374 ε
2282 1306 2415 1378 sed
2448 1330 2583 1375 esse
2615 1307 2986 1380 materiae
3036 1324 3196 1377 non
3240 1305 3503 1377 solum

1951 1423 2351 1505 essentiae,
2387 1422 2519 1494 sed
2549 1421 2798 1496 etiam
2839 1423 3160 1496 actuale
3187 1426 3275 1495 ut
3317 1420 3513 1494 dicit

1951 1541 2333 1614 effectum
2373 1541 2544 1622 Dei,
2590 1561 2774 1613 cum
2823 1539 2930 1613 sit
2972 1538 3276 1613 entitas
3320 1558 3503 1631 pro-

1957 1677 2052 1749 pe
2102 1656 2331 1738 nihil,
2397 1661 2521 1729 est
2566 1656 2794 1749 prius
2837 1655 2932 1728 ad
2985 1679 3119 1724 esse
3159 1653 3500 1736 formae;

1958 1792 2159 1863 ergo
2237 1775 2478 1845 extra
2521 1771 2927 1844 rationem
2995 1770 3505 1845 actualitatis

1961 1889 2329 1962 materiae
2361 1892 2485 1960 est
2544 1891 2777 1961 actus
2818 1886 3054 1959 datus
3098 1907 3144 1958 a
3193 1885 3500 1959 forma:

149 2011 299 2124 ‚33⁰3-
399 2003 556 2077 Alii
644 2003 944 2085 dicunt,
1018 2005 1223 2096 quod
1302 2005 1512 2079 inest
1578 2004 1848 2079 forma

149 2119 475 2192 wuasine
618 2120 890 2192 forma
1014 2120 1094 2194 in
1212 2145 1347 2190 esse
1484 2122 1840 2196 actuali:

149 2262 227 2311 2³.
324 2258 655 2329 quorum
729 2237 946 2311 ratio
1024 2242 1173 2320 est,
1276 2239 1465 2331 quia
1536 2243 1623 2313 ut
1693 2240 1848 2312 dic-

1960 2006 2094 2076 sed
2134 2028 2269 2074 esse
2336 2004 2566 2098 prius
2620 2006 2891 2097 potest
2943 2002 3292 2095 intelligi
3343 2023 3506 2076 non

1961 2121 2375 2195 intellecto
2425 2118 2911 2213 posteriori;
2975 2139 3174 2211 ergo
3235 2123 3508 2212 potest

1962 2237 2309 2328 intelligi
2381 2235 2730 2310 materia
2820 2238 3007 2309 actu
3096 2256 3277 2308 esse
3336 2235 3508 2309 sine

158 2201 220 2248 hae
242 2216 282 2265 q.

324 2359 477 2426 tum
554 2358 707 2437 est,
790 2355 1093 2447 triplex
1180 2360 1304 2429 est
1381 2379 1517 2425 esse
1598 2360 1845 2430 mate·

327 2470 476 2554 riae,
539 2471 858 2545 scilicet
926 2496 1059 2541 esse
1113 2472 1304 2546 talis
1356 2474 1680 2564 generis
1725 2475 1847 2546 de-

324 2588 731 2662 terminati
804 2591 1012 2681 quod
1089 2589 1351 2672 habet,
1446 2595 1531 2664 ut
1608 2589 1848 2664 habet

321 2705 561 2778 ideam
615 2706 697 2778 in
727 2708 921 2789 De0,
958 2707 1391 2779 secundum
1443 2726 1684 2798 quam
1723 2711 1849 2781 est

322 2820 719 2903 factibilis,
793 2825 874 2895 et
952 2822 1290 2916 respicit
1383 2825 1665 2907 Deum,
1760 2829 1848 2898 ut

319 2958 639 3012 causam
731 2939 1310 3032 exemplarem.
1403 2940 1848 3012 Secundum

321 3076 443 3124 esse
479 3058 607 3128 est
648 3076 827 3128 esse
869 3055 1212 3137 actuale,
1285 3059 1373 3128 ut
1443 3060 1566 3130 est
1626 3056 1851 3128 effec-

322 3175 440 3244 tus
491 3173 669 3255 Dei,
748 3176 830 3247 et
871 3176 1059 3246 actu
1129 3191 1321 3265 pars
1380 3173 1843 3265 compositi,

319 3293 390 3363 et
422 3291 778 3383 primum
818 3293 945 3363 est
991 3290 1069 3362 in
1138 3290 1503 3385 potentia
1537 3313 1849 3384 respec-

320 3406 397 3475 tu
437 3404 809 3478 alterius.
882 3405 1248 3478 Tertium
1306 3428 1441 3474 esse
1498 3410 1623 3479 est
1672 3427 1849 3478 esse

318 3520 467 3593 tale
525 3520 1186 3602 determinatum,
1252 3522 1459 3614 quod
1519 3523 1850 3617 respici-

319 3641 442 3709 tur
506 3660 553 3711 a
626 3638 918 3720 forma,
992 3638 1198 3730 quod
1285 3639 1546 3730 magis
1620 3641 1850 3715 debet

315 3753 457 3828 dici
484 3779 621 3824 esse
660 3755 1126 3847 compositi,
1156 3775 1396 3847 quam
1435 3757 1843 3839 materiem

315 3873 387 3943 et
426 3870 644 3952 illud,
683 3874 771 3944 ut
805 3871 1363 3964 supradictum
1411 3875 1560 3955 est,
1611 3870 1851 3947 habet

320 3990 660 4065 materia
727 3987 1131 4079 signative
1213 3993 1293 4061 et
1387 3988 1853 4063 formaliter

315 4125 357 4176 a
462 4108 760 4188 forma,
853 4104 987 4177 sed
1098 4104 1644 4178 materialiter
1771 4111 1851 4180 et

314 4224 827 4319 subJectivea
885 4220 1234 4295 materia
1294 4220 1494 4313 ipsa.
1556 4222 1852 4297 Dicunt

313 4360 528 4433 ergo,
576 4340 784 4433 quod
825 4338 1092 4433 prima
1129 4338 1283 4410 duo
1342 4361 1477 4406 esse
1509 4338 1587 4410 in
1629 4341 1851 4413 nullo

312 4457 744 4551 dependent
785 4476 831 4528 a
863 4454 1156 4537 forma,
1212 4454 1401 4546 quia
1436 4459 1851 4528 ostensum

315 4579 454 4655 est,
500 4574 711 4666 quod
768 4571 1040 4644 forma
1072 4589 1232 4642 non
1279 4569 1413 4644 dat
1484 4571 1851 4644 materiae

318 4692 514 4781 quod
576 4690 686 4763 sit
730 4686 1104 4769 materia,
1157 4685 1310 4758 hoc
1365 4686 1579 4758 enim
1612 4685 1850 4761 habet

316 4827 636 4882 aeausa
684 4826 832 4880 sua
888 4804 1364 4897 exemplari,
1399 4804 1526 4877 vel
1570 4805 1845 4887 ideali;

318 4943 453 4997 nec
485 4923 923 4998 secundum
973 4920 1293 4994 actuale
1332 4919 1572 4994 habet
1605 4942 1649 4992 a
1690 4922 1849 4994 for-

322 5062 441 5113 ma
509 5042 948 5115 secundum
979 5063 1112 5108 esse
1160 5041 1373 5119 actu,
1435 5058 1597 5109 non
1635 5038 1850 5110 enim

321 5157 473 5230 tale
538 5182 675 5227 esse
728 5156 820 5232 fit
879 5156 970 5228 de
1019 5153 1300 5235 nihilo,
1382 5154 1515 5225 sed
1585 5155 1848 5226 solum

319 5273 459 5348 hoc
489 5299 626 5345 esse
679 5274 921 5347 habet
988 5295 1034 5345 a
1100 5274 1295 5354 Deo,
1366 5274 1453 5344 ut
1516 5272 1851 5364 respicit

319 5388 600 5482 ipsum,
673 5394 1060 5483 tanquam
1126 5408 1458 5461 causam
1500 5387 1851 5460 efficien-

319 5511 497 5592 tem,
555 5508 744 5584 talis
788 5513 1060 5581 autem
1112 5525 1275 5579 non
1333 5509 1458 5579 est
1524 5504 1843 5587 for1na;

320 5644 512 5718 ergo
586 5626 776 5699 illud
852 5648 987 5694 esse
1062 5623 1381 5697 actuale
1453 5621 1843 5703 materiae,

1960 2353 2255 2436 forma,
2317 2352 2527 2444 quod
2584 2372 2747 2424 non
2814 2357 3031 2426 esset
3072 2372 3388 2435 verum,
3437 2352 3506 2426 si

1959 2470 2503 2546 contradictio
2555 2469 3146 2563 implicaretur.

2053 2591 2283 2669 Item,
2349 2587 2696 2660 materia
2728 2586 3159 2658 secundum
3201 2609 3334 2655 esse
3389 2606 3507 2657 es·

1962 2703 2244 2776 sentiae
2279 2702 2451 2775 sine
2512 2700 2815 2776 actuali
2856 2700 3295 2775 existentia
3346 2721 3508 2774 non

1960 2824 2085 2894 est
2154 2820 2610 2913 subjectum
2682 2822 2867 2893 actu
2930 2817 3279 2912 alicujus
3346 2819 3507 2892 for-

1962 2957 2174 3008 mae:
2247 2937 2380 3009 sed
2465 2940 2553 3010 ut
2620 2941 2744 3009 est
2822 2935 3145 3027 aliquod
3231 2935 3312 3008 in
3383 2957 3508 3010 ae-

1960 3059 2075 3138 tu,
2156 3059 2280 3128 est
2352 3074 2543 3147 pars
2610 3052 3045 3147 compositi
3134 3053 3214 3126 in
3290 3058 3505 3139 actu,

1960 3173 2042 3244 et
2076 3169 2528 3262 subjectum
2571 3166 2858 3242 formae
2893 3167 2972 3241 in
3013 3170 3245 3251 actu:
3308 3189 3508 3262 ergo

1963 3288 2030 3360 si
2098 3287 2557 3380 accipiatur
2590 3286 2785 3359 ordo
2837 3285 3122 3358 formae
3183 3287 3277 3360 ad
3349 3307 3509 3360 ma-

1961 3404 2284 3485 teriam,
2332 3408 2420 3476 ut
2464 3402 2818 3476 essentia
2865 3401 3152 3475 formae
3185 3423 3507 3496 compa-

1965 3526 2198 3594 retur
2247 3521 2343 3591 ad
2409 3518 2852 3591 essentiam
2935 3518 3327 3600 materiae,
3402 3519 3510 3592 ibi

1961 3657 2124 3709 non
2165 3641 2289 3711 est
2325 3637 2520 3709 ordo
2557 3635 2879 3709 ratione
2919 3658 3054 3704 esse
3104 3635 3504 3717 essentiae,

1963 3773 2205 3845 quam
2236 3751 2533 3825 habent
2576 3751 2654 3824 in
2689 3752 2882 3823 Deo.
2942 3750 3024 3824 Si
3055 3749 3513 3843 accipiatur

1964 3869 2399 3941 secundum
2449 3892 2583 3937 esse
2612 3866 2955 3949 actuale,
3001 3865 3271 3940 forma
3311 3887 3511 3961 prae-

1964 3985 2347 4078 supponit
2379 3983 2810 4057 materiam
2875 3982 3152 4056 ordine
3192 3986 3508 4057 naturae

1966 4101 2490 4193 intelligendi,
2547 4103 2635 4173 ut
2701 4098 3252 4173 determinans
3313 4099 3506 4174 illud

1965 4220 2171 4311 quod
2201 4216 2821 4299 determinatur,
2894 4220 2983 4290 ut
3049 4217 3315 4308 figura
3381 4240 3508 4292 ce-

1966 4355 2145 4407 ram
2174 4360 2188 4416 ;
2263 4354 2423 4406 non
2455 4352 2654 4423 ergo
2687 4337 2812 4406 est
2844 4332 3414 4408 contradictio.

2059 4453 2288 4533 Item,
2360 4450 2454 4523 ad
2510 4470 2745 4537 omne
2784 4472 2919 4518 esse
2959 4438 3278 4523 actuale
3348 4470 3507 4523 ma-

1965 4569 2223 4652 teriae,
2284 4570 2372 4641 ut
2410 4566 2605 4640 dicit
2662 4565 3106 4640 terminum
3166 4568 3511 4642 creatio·

1965 4684 2116 4766 nis,
2192 4705 2276 4755 se
2343 4681 2583 4756 habet
2668 4680 2936 4754 forma
3018 4682 3099 4753 in
3186 4683 3510 4758 ratione

1964 4799 2561 4882 conservantis,
2609 4803 2748 4872 aut
2819 4798 2899 4871 in
2972 4798 3291 4874 ratione
3351 4801 3513 4875 for-

1967 4918 2231 5000 malis,
2295 4921 2435 4990 aut
2496 4916 2576 4988 in
2656 4915 2978 4989 ratione
3039 4914 3508 4992 efficientis:

1962 5056 2125 5107 non
2185 5034 2589 5115 formalis,
2661 5037 2749 5108 ut
2812 5037 3228 5106 ostensum
3264 5037 3388 5109 est
3431 5036 3512 5109 in

1963 5152 2448 5245 praecedenti
2491 5149 2962 5243 quaestione.
3018 5151 3119 5222 Et
3180 5151 3510 5226 Avicen-

1963 5291 2067 5343 na
2114 5270 2310 5343 dicit
2354 5270 2421 5341 6.
2464 5272 2616 5337 Met.
2667 5292 2723 5336 c.
2779 5271 2843 5340 1.
2912 5269 3158 5335 Forma
3222 5292 3360 5339 non
3416 5286 3508 5343 est
3564 5303 3719 5356 Num.
3745 5300 3800 5355 3.

1960 5392 2098 5457 nisi
2172 5390 2489 5477 formalis
2547 5389 2895 5475 compositi
2957 5409 3041 5453 ex
3103 5390 3391 5457 materia
3446 5402 3507 5459 et

1960 5509 2216 5592 forma.
2266 5503 2491 5577 Sicut
2539 5502 2789 5577 etiam
2852 5501 3288 5594 impressio
3343 5525 3504 5577 non

1961 5626 2088 5701 est
2130 5641 2376 5694 causa
2453 5619 2852 5701 formaliS,
2899 5623 2987 5693 ut
3057 5618 3165 5694 sit
3205 5621 3505 5714 aliquid

3645 2608 3731 2660 Η.
