4252 6393
593 337 673 398 78
1772 331 1916 391 ΗΒ.
1968 329 2012 390 Ι.
2046 322 2590 390 METEORORUM

603 492 926 587 giditati
988 492 1292 566 *inediae
1408 489 1766 582 regionis
1847 487 2150 562 iterato
2265 507 2762 582 cialissimae,
2849 507 2950 578 Et
3028 502 3292 574 solum
3361 499 3655 589 loquor
3720 494 3812 567 de
3842 503 4172 615 zamana-

3884 582 3948 615 ts.

603 612 1271 708 propellebantur
1325 610 1729 688 (¹90¹'Sllmv
1802 610 1883 680 Οἵ
1959 609 2154 678 tuno
2268 625 2943 721 impressionibus
3015 621 3247 716 prius
3311 618 3572 698 dictis,
3640 635 3816 708 quae

607 752 751 830 per
782 730 1284 804 caliditatem
1331 726 1548 799 aeris
1593 722 2035 802 inferioris,
2072 724 2153 792 et
2265 744 2470 818 fiunt
2512 765 2657 838 pel.
2722 737 3474 814 inflammationem,
3522 732 3818 807 Proba-

608 869 753 942 per
789 847 1315 920 velocitatem
1359 843 1796 938 propulsus
1850 839 2153 912 inflam-

317 2155 584 2275 onagr'vwdo

608 965 1066 1046 mabantur,
1129 969 1210 1039 et
1251 960 1697 1055 apparebat
1739 957 1950 1049 ignis
1989 956 2155 1026 des-

601 1083 964 1164 cendere,
1008 1087 1087 1155 et
1122 1084 1406 1174 postea
1447 1081 1883 1168 antequam
1943 1071 2156 1161 ignis

603 1200 738 1273 ille
769 1199 1089 1273 veniret
1131 1195 1507 1271 totaliter
1537 1194 1941 1271 deorsum,
1989 1186 2156 1282 pin-

602 1319 856 1409 guedo
893 1300 1258 1410 materiae
1308 1318 1490 1387 erat
1531 1312 2039 1401 consumpta,
2075 1309 2157 1378 et

603 1432 904 1509 iterum
941 1454 1086 1527 per
1136 1431 1342 1516 alias
1401 1426 1963 1501 exhalationes
2005 1423 2155 1494 ele-

603 1552 951 1625 vabatur
977 1570 1332 1634 sursum,
1363 1553 1442 1621 et
1461 1544 1843 1620 continue
1867 1561 2156 1634 quous-

603 1693 752 1764 que
782 1669 1130 1744 materia
1150 1666 1806 1758 consumebatur,
1840 1666 1919 1734 et
1944 1657 2157 1750 ignis

607 1787 740 1860 ille
771 1786 1102 1859 cadebat
1149 1805 1291 1878 per
1332 1780 1759 1860 scintillas,
1816 1780 2159 1871 propter

612 1901 1047 1976 raritatem
1081 1899 1433 1974 materia
1465 1918 1627 1974 non
1661 1897 1989 1988 poterat
2029 1911 2155 1964 ca·

609 2021 796 2092 dere
837 2024 1068 2092 tanta
1111 2016 1377 2089 simul.

703 2137 850 2210 Sed
942 2135 1123 2207 aliae
1195 2131 1777 2225 impressiones
1849 2125 2151 2218 ignitae,

260 2298 425 2348 prope
470 2290 583 2331 m-
611 2275 787 2348 quae
875 2255 1376 2345 generantur
1462 2268 1715 2341 prope
1810 2250 2153 2324 terram,

271 2361 415 2395 “cloll.

609 2373 811 2444 flunt
846 2390 991 2464 per
1030 2368 1237 2440 hunc
1275 2366 1598 2439 modum
1634 2388 1649 2444 ;
1702 2361 1889 2454 quia
1921 2358 2157 2431 exha-

609 2489 807 2562 latio
850 2487 1108 2562 calida.
1149 2491 1229 2559 et
1263 2484 1479 2556 sicea
1518 2483 1838 2553 elevata
1905 2498 1947 2549 a
2002 2481 2158 2551 ter-

612 2628 729 2689 ra,
775 2627 959 2679 cum
990 2604 1309 2678 venerit
1351 2601 1444 2674 ad
1487 2619 1788 2680 aerem,
1830 2601 2161 2670 natura·

608 2725 799 2798 liter
820 2723 1058 2804 cadit,
1092 2726 1176 2795 at
1198 2719 1592 2792 velociter
1628 2720 1938 2790 motum
1970 2713 2160 2787 faci·

605 2842 797 2914 liter
824 2839 1405 2918 inflammatur,
1429 2838 1508 2907 et
1535 2833 1707 2906 ideo
1731 2828 2161 2924 equitanti-

604 2958 751 3030 bus
796 2956 874 3029 in
921 2959 1156 3028 nocte
1216 2952 1439 3025 eirca.
1489 2947 1980 3030 coemeteria,
2033 2945 2160 3018 vel

608 3073 971 3170 patibula
1039 3073 1437 3164 apparent
1484 3067 1833 3141 candelae
1883 3064 2160 3136 arden-

607 3199 730 3268 tes
764 3190 985 3284 ipsos
1012 3187 1466 3282 praecedcre
1499 3185 1593 3257 ad
1652 3204 1895 3256 aures
1945 3181 2154 3274 equi,

611 3311 1086 3404 quandoque
1165 3309 1567 3399 apparent
1655 3304 1734 3375 in
1814 3300 2156 3375 remotis

611 3428 886 3507 multae
964 3430 1216 3500 tersae
1292 3422 1795 3501 illuminatae,
1868 3423 1948 3493 ot
2005 3418 2157 3491 hoc

607 3565 769 3618 non
791 3548 940 3626 est,
984 3541 1143 3616 nisi
1175 3546 1516 3635 propter
1559 3536 2159 3612 multitudinem

606 3658 1152 3735 exhalationis
1194 3657 1483 3731 ibidem
1517 3675 1903 3729 accensae.

697 3780 816 3850 Ex
877 3776 1059 3851 istis
1102 3778 1449 3869 apparet
1489 3773 1580 3845 de
1624 3771 1855 3845 modo
1926 3789 2156 3860 gene-

609 3894 960 3968 rationis
1076 3890 1435 3970 omnium
1527 3887 2158 3981 impressionum

607 4010 1081 4099 ignitarum,
1118 4011 1199 4081 et
1236 4008 1327 4079 de
1352 4005 1622 4079 causis
1654 4001 2158 4077 diversitatis

607 4124 974 4218 ipsarum
1019 4124 1454 4196 secundum
1492 4118 2155 4210 magnitudinem,

607 4246 689 4315 et
773 4240 1312 4322 durationem,
1393 4244 1546 4313 etc.
1631 4240 1861 4319 Item,
1954 4237 2159 4330 quod

608 4357 901 4449 aliquae
945 4360 1287 4450 possunt
1317 4355 1472 4430 dici
1505 4354 1866 4449 ejusdem
1908 4354 2157 4448 speci-

606 4474 683 4548 ei
730 4473 1371 4567 specialissimae,
1433 4472 1868 4566 dupliciter
1910 4498 1926 4542 :
1980 4473 2156 4546 Uno

611 4592 868 4673 modo,
926 4592 1115 4684 quia
1157 4592 1250 4663 de
1281 4590 1399 4664 eis
1441 4591 1922 4667 verificatur
1954 4613 2157 4664 unus

610 4708 1013 4785 terminus
1085 4708 1534 4802 specificus,
1582 4708 1794 4783 sicut
1860 4709 1952 4781 de
2024 4714 2157 4782 So-

609 4830 839 4899 crate
915 4830 996 4900 et
1074 4826 1411 4899 Platone
1478 4824 1956 4900 verificatur
2006 4827 2159 4901 iste

611 4943 1040 5025 terminus,
1099 4946 1313 5012 homo.
1379 4941 1557 5016 Alio
1627 4944 1885 5026 modo,
1969 4943 2159 5037 quia

608 5060 905 5135 habent
973 5059 1476 5134 substantias
1508 5060 2001 5142 consimiles,
2030 5061 2157 5132 vel

2268 868 2430 944 tur,
2505 861 2693 954 quia
2790 859 2950 932 ista
3016 876 3176 930 non
3251 854 3366 935 fit,
3438 872 3585 924 nec
3639 849 3821 922 fieri

2272 983 2541 1073 potest
2599 977 2697 1050 ab
2747 976 3022 1067 aliquo
3100 974 3416 1064 agente,
3466 968 3657 1061 quin
3725 965 3824 1038 ab

2271 1099 2454 1178 isto,
2503 1094 2631 1167 vel
2690 1114 2734 1165 a
2779 1092 2930 1165 sibi
2975 1087 3251 1170 simili,
3305 1086 3520 1160 aliud
3561 1084 3823 1177 possit

2268 1213 2473 1295 fieri,
2517 1213 2644 1286 vel
2697 1210 2848 1283 sibi
2882 1205 3308 1283 consimile
3351 1230 3365 1286 ;
3415 1203 3547 1275 sed
3597 1202 3824 1275 nulla

2271 1329 2707 1425 impressio
2735 1328 2994 1418 ignita
3029 1328 3301 1421 potest
3331 1321 3508 1394 fleri
3552 1320 3650 1392 ab
3681 1318 3820 1390 ali-

2270 1468 2426 1539 quo
2450 1450 2763 1536 agente,
2794 1444 3084 1517 saltem
3113 1438 3599 1518 immediate,
3629 1435 3820 1529 quin

2269 1563 2368 1636 ab
2445 1563 2583 1635 illo
2645 1565 2962 1652 agente,
3005 1559 3133 1631 vel
3187 1556 3338 1630 sibi
3380 1552 3814 1634 consimili,

2270 1680 2645 1774 qufelibet
2678 1678 2840 1750 alia
2874 1673 3307 1769 impressio
3354 1672 3610 1764 ignita
3645 1691 3820 1765 pos-

2271 1799 2378 1872 sit
2409 1796 2585 1869 fieri
2627 1822 2642 1879 ;
2702 1794 2958 1886 igitur
3025 1813 3185 1865 non
3230 1795 3419 1865 sunt
3468 1789 3822 1862 diversa-

2274 1938 2456 1989 rum
2491 1913 2974 2007 specierum.
3023 1909 3296 2003 Major
3329 1910 3578 2002 patet,
3634 1903 3821 1998 quia

2270 2032 2420 2107 hoc
2446 2030 2750 2105 suflicit
2786 2029 2881 2100 ad
2916 2026 3418 2118 arguendam
3455 2022 3822 2096 identita-

2269 2157 2434 2227 tem
2470 2148 2959 2242 specificam.
3009 2147 3108 2217 Et
3143 2141 3415 2217 minor
3445 2142 3815 2234 apparet,

2271 2288 2460 2340 nam
2558 2285 2838 2336 omnes
2970 2261 3128 2333 illae
3234 2256 3818 2351 impressiones

2271 2385 2473 2456 fiunt
2516 2381 2615 2452 ab
2672 2380 2947 2471 aliquo
3011 2377 3594 2455 inflammante,
3651 2373 3819 2444 sive

2274 2501 2382 2575 sit
2443 2503 2735 2580 motus,
2804 2496 2972 2567 sive
3037 2493 3269 2568 calor
3331 2517 3346 2574 ;
3437 2490 3822 2563 similiter

2275 2638 2553 2689 omnes
2604 2614 2809 2687 fiunt
2830 2633 2928 2685 ex
2970 2608 3377 2684 consimili
3441 2606 3813 2688 materia,

2275 2732 2591 2807 scilicet
2649 2752 2748 2803 ex
2816 2725 3338 2800 exhalatione
3392 2728 3813 2797 unctuosa.

2364 2843 2751 2924 Secundo,
2809 2841 2996 2934 quia
3038 2861 3212 2932 quae
3283 2837 3549 2909 solum
3608 2832 3818 2907 diffe-

2278 2967 2467 3036 runt
2501 2959 2935 3033 seeundum
2965 2957 3345 3047 figuram,
3401 2958 3482 3028 et
3517 2950 3818 3043 magni-

2273 3077 2655 3158 tudinem,
2693 3094 2853 3146 non
2881 3072 3264 3145 differunt
3297 3068 3564 3162 speeie
3599 3093 3614 3149 ;
3687 3065 3820 3138 sed

2273 3194 2452 3269 istae
2479 3191 3066 3287 impressiones
3093 3194 3281 3264 sunt
3303 3183 3765 3280 hujusmodi
3798 3209 3812 3266 ;

2274 3313 2553 3404 igitur,
2600 3316 2756 3385 ets.
2795 3308 3065 3401 Maj0r
3134 3311 3384 3401 patet,
3423 3302 3610 3397 quia
3642 3322 3818 3374 cor-

2273 3429 2606 3524 poribus
2639 3410 3163 3518 homoge'neis
3209 3445 3330 3497 ma
3347 3420 3702 3513 gnitudo,
3737 3422 3820 3492 et

2270 3546 2533 3636 figura
2559 3565 2719 3617 non
2753 3542 3028 3635 arguit
3051 3539 3614 3614 diversitatem
3650 3557 3818 3629 spe-

2271 3663 2613 3737 cificam.
2661 3663 2761 3733 Et
2806 3659 3075 3732 minor
3116 3659 3457 3751 apparet
3509 3676 3607 3727 ex
3638 3673 3820 3726 cau-

2273 3780 2386 3853 sis
2415 3776 2855 3873 praedictis.

2362 3898 2507 3971 Sed
2537 3894 2955 3970 dubitatur
2983 3892 3275 3987 primo,
3320 3895 3600 3964 utrum
3640 3888 3817 3963 istae

2273 4010 2858 4105 impressiones
2931 4009 3133 4080 fiunt
3224 4004 3724 4082 naturaliter
3777 4010 3812 4077 ’ἲ

2271 4133 2351 4203 et
2404 4128 2725 4201 videtur
2767 4126 2972 4219 quod
3022 4145 3205 4207 non,
3254 4123 3442 4216 quia
3474 4143 3635 4194 non
3691 4126 3818 4194 est

2272 4245 2650 4320 naturale
2733 4243 3001 4334 ignem
3074 4238 3452 4332 generari
3551 4259 3599 4309 a.
3680 4236 3818 4309 fri-

2275 4364 2457 4455 gido
2505 4388 2520 4445 ;
2567 4361 2799 4435 modo
2846 4360 3027 4432 alife
3081 4358 3428 4432 istarum
3482 4356 3819 4449 impres·

2274 4482 2596 4554 sionum
2655 4479 2857 4553 fiunt
2899 4474 3293 4569 asrigido,
3360 4478 3447 4548 ut
3513 4473 3818 4547 dictum

2271 4602 2447 4678 est;
2489 4596 2766 4689 igitur,
2798 4600 2950 4670 etc.
2995 4591 3380 4674 Secundo,
3411 4589 3600 4684 quia
3640 4610 3820 4661 con·

2273 4716 2407 4786 tra
2446 4714 2832 4784 naturam
2900 4711 3026 4781 est
3069 4711 3156 4780 ut
3207 4705 3506 4797 gradus
3543 4702 3820 4776 remis-

2274 4826 2448 4899 sior
2483 4822 3459 4920 producatintensiorem,
3508 4818 3819 4892 scilicet

2272 4944 2635 5019 calorem
2726 4941 2937 5035 ignis
2981 4966 2994 5011 :
3074 4959 3272 5032 ergo
3369 4958 3527 5011 non
3618 4937 3820 5010 fiunt

2278 5059 2800 5135 naturaliter.

3842 3925 4079 4008 Dubiu'm
4107 3950 4155 4005 ι.

611 5176 903 5250 saltem
938 5180 1125 5250 sunt
1149 5175 1318 5248 fere
1350 5176 1846 5249 consimiles.
2367 5178 2480 5251 Ad
2513 5178 2728 5261 illud,
2784 5176 2984 5260 dice,
3024 5177 3229 5269 quod
3277 5174 3456 5250 istae
3482 5172 3816 5269 impres·
3843 5189 4152 5258 Responsio.

336 5301 526 5415 033²&
704 5293 1152 5366 Secundum
1194 5291 1344 5364 hoc
1402 5292 1736 5385 ponitur
1773 5291 1933 5368 ista
1974 5315 2157 5368 con·
2274 5295 2543 5367 siones
2577 5294 2853 5387 ignitae
2879 5294 3078 5369 fiunt
3101 5291 3600 5367 naturaliter
3647 5294 3815 5364 tam

264 5428 587 5555 fssf'ffiffi
612 5409 897 5540 clusio,
977 5408 1181 5502 quod
1241 5430 1519 5481 omnes
1577 5408 2158 5504 impressiones
2271 5434 2370 5486 ex
2408 5415 2639 5506 parte
2673 5412 2992 5503 agentis
3025 5408 3539 5492 universaliS,
3577 5426 3818 5500 quam

265 5561 391 5606 sant
432 5525 889 5617 qus-ignitae
967 5531 1155 5602 sunt
1222 5526 1580 5616 ejusdem
1633 5526 1927 5619 speciei
1991 5550 2159 5622 spe·
2272 5553 2370 5604 ex
2417 5534 2647 5623 parte
2681 5528 3237 5622 particularis,
3301 5549 3396 5601 eo
3446 5526 3651 5621 quod
3712 5523 3821 5598 in·
