4252 6393
753 392 871 455 318

727 571 942 631 nam,
1009 551 1195 644 quia
1237 555 1512 626 tamen
1558 550 1891 624 includit
1955 554 2275 624 creatu-

728 691 934 751 ram,
982 691 1155 762 quae
1196 667 1875 760 esttemp01²aliS‚
1912 672 2035 741 est
2079 672 2275 740 tein-

730 787 1039 881 poralis
1083 786 1594 879 simpliciter.
1650 784 2048 856 Similiter
2101 784 2275 855 illu-

729 903 1070 978 minatio
1147 902 1433 975 domus
1521 901 1905 992 dependet
1977 920 2023 970 a
2088 900 2274 972 Sole

726 1020 1070 1100 lucente,
1159 1022 1241 1091 et
1318 1017 1720 1090 existente
1807 1017 1884 1087 in
1962 1016 2275 1088 directa

728 1136 1244 1230 oppositione
1292 1138 1386 1208 ad
1421 1136 2064 1215 illuminandum,
2102 1140 2273 1209 tan-

729 1275 969 1346 quam
1006 1276 1051 1327 a
1092 1276 1341 1331 eausa
1374 1253 1886 1336 necessaria,
1929 1254 2119 1344 quia
2159 1254 2272 1325 sic

723 1373 1081 1448 existens
1143 1374 1634 1454 necessarie,
1701 1377 2093 1463 quantum
2151 1374 2276 1442 est

727 1490 818 1561 de
863 1512 947 1562 se
989 1511 1311 1584 semper
1354 1489 1761 1563 illuminat
1805 1515 1817 1556 :
1891 1486 2276 1579 dependet

728 1604 979 1678 etiam
1021 1606 1118 1677 ab
1159 1606 1584 1699 apertione
1643 1604 2048 1684 fenestrae,
2105 1606 2275 1674 tan-

732 1742 973 1813 quam
1042 1742 1088 1793 a
1141 1744 1393 1795 eausa
1455 1722 2010 1811 contingente,
2086 1716 2276 1809 quia

730 1858 1063 1929 possum
1087 1839 1530 1912 fenestram
1565 1838 1914 1930 aperire,
1953 1835 2078 1907 vel
2114 1856 2275 1906 non

726 1956 1093 2047 aperire,
1142 1977 1233 2029 ac
1279 1978 1422 2050 per
1490 1956 1639 2028 hoc
1686 1940 2069 2049 possibile
2147 1957 2270 2026 est

726 2073 1051 2145 domum
1095 2095 1255 2146 non
1292 2074 1769 2153 illuminari,
1816 2077 1894 2146 et
1938 2072 2053 2143 sic
2100 2070 2274 2142 illu-

731 2191 1073 2265 minatio
1104 2192 1389 2265 domus
1425 2190 2057 2285 simpliciterest
2090 2209 2271 2261 con-

731 2308 1077 2399 tingens.
1113 2308 1491 2380 Videmus
1524 2308 1796 2388 etiam,
1847 2306 2051 2396 quod
2098 2306 2270 2375 duae

731 2424 1072 2495 arbores
1100 2423 1339 2496 simul
1368 2424 1661 2497 florent
1684 2422 2153 2513 aliquando;
2193 2426 2271 2494 et

731 2540 799 2612 si
842 2540 992 2613 hoe
1039 2540 1455 2614 referatur
1494 2541 1589 2613 ad
1638 2539 1990 2612 virtutes
2029 2538 2273 2633 parti-

731 2657 1054 2729 culares
1123 2658 1540 2739 arborum,
1589 2656 1718 2728 hic
1762 2657 2096 2730 effectus
2168 2656 2273 2727 si-

733 2772 899 2842 mul
942 2772 1241 2844 florere
1298 2777 1425 2847 est
1484 2771 2006 2861 contingenS,
2082 2772 2271 2862 quia

725 2888 995 2960 virtus
1040 2888 1274 2959 unius
1327 2888 1678 2969 arboriS,
1724 2887 2026 2958 nullam
2088 2908 2273 2961 cau-

730 3004 1147 3080 salitatem
1181 3004 1421 3080 habet
1457 3025 1703 3098 super
1746 3005 1996 3081 aliam
2041 3004 2269 3076 arbo-

731 3142 904 3193 rem
950 3145 965 3190 :
1014 3121 1081 3193 si
1124 3126 1396 3195 autem
1461 3122 1614 3195 iste
1676 3120 2010 3193 effectus
2072 3120 2270 3194 refe-

732 3243 970 3312 ratur
1002 3239 1098 3311 ad
1145 3239 1541 3314 virtutem
1594 3238 2103 3331 superiorem
2152 3258 2273 3308 so-

728 3354 919 3437 lum,
968 3375 1141 3447 quae
1193 3355 1434 3427 simul
1506 3359 1774 3428 movet
1843 3349 2270 3426 humorem

730 3472 810 3544 in
881 3474 1228 3563 utraque
1271 3472 1592 3552 arbore,
1658 3492 1750 3543 ac
1797 3492 1940 3563 per
1984 3470 2134 3542 1100
2174 3469 2273 3540 si-

731 3587 894 3659 mul
946 3587 1142 3661 facit
1201 3588 1519 3670 florere,
1568 3588 1682 3660 sic
1742 3588 1897 3661 iste
1938 3587 2271 3662 effectus

728 3708 852 3778 est
898 3726 1040 3799 per
1081 3727 1188 3788 se,
1252 3711 1332 3780 et
1375 3706 1616 3778 habet
1665 3705 2266 3778 necessitatem.

822 3823 1222 3897 Similiter
1286 3823 1489 3904 dieo,
1557 3823 1989 3914 quodcum
2058 3824 2272 3894 Deus

728 3941 999 4015 videat
1062 3961 1190 4012 res
1250 3939 1429 4012 fieri
1471 3945 1551 4012 et
1613 3940 1974 4031 produci,
2059 3939 2272 4013 sicut

731 4060 919 4131 sunt
962 4055 1041 4127 in
1113 4056 1390 4129 ordine
1434 4075 1770 4126 suarum
1831 4074 2271 4128 causarum

732 4173 1385 4265 particularium,
1423 4193 1469 4245 a
1521 4173 1806 4265 quibus
1842 4193 1987 4265 per
2029 4195 2138 4254 se,
2192 4176 2272 4246 et

727 4293 1095 4371 absolute
1144 4291 1438 4365 habent
1488 4291 2132 4383 contingentiam
2192 4291 2273 4363 in

727 4415 1045 4492 eventu,
1080 4409 1209 4481 vel
1236 4409 1838 4492 necessitatem,
1906 4408 2022 4480 sic
2062 4407 2265 4490 dico,

729 4527 934 4619 quod
979 4525 1240 4599 omnis
1282 4524 1642 4606 effeetus,
1692 4524 1825 4616 qui
1885 4525 2271 4616 dependet

726 4664 775 4716 a
837 4644 1258 4718 voluntate
1332 4646 1644 4723 nostra,
1699 4646 1777 4714 et
1837 4640 2269 4731 aliquando

725 4757 1373 4850 contingentiam
1405 4756 1670 4839 habet,
1717 4759 1803 4829 ut
1835 4759 2271 4846 antequam

724 4876 831 4951 sit
875 4877 1138 4971 possit
1198 4896 1359 4949 non
1410 4873 1737 4947 evenire
1783 4897 1796 4941 :
1851 4877 1931 4946 et
2001 4875 2271 4964 potest

722 4993 912 5087 poni
957 4993 1325 5066 absolute
1379 4991 1585 5083 quod
1649 4992 2031 5063 Socrates
2083 5008 2270 5061 cras

716 5109 959 5200 leget,
1005 5113 1085 5184 et
1134 5129 1297 5181 non
1363 5108 1580 5197 leget
1648 5124 1860 5186 cras,
1926 5125 2068 5176 1100
2172 5125 2271 5177 ex

721 5226 870 5300 tali
956 5224 1325 5319 possibili
1426 5220 1800 5313 sequitur
1895 5221 2271 5293 inconve-

720 5341 977 5414 1110113.
1044 5341 1127 5415 Si
1169 5344 1444 5414 autem
1506 5338 1642 5410 ille
1683 5336 2019 5410 effectus
2072 5335 2269 5407 refe-

724 5463 964 5534 ratur
995 5459 1092 5532 ad
1148 5458 1296 5532 Dei
1358 5454 1985 5549 praescientiam,
2032 5452 2271 5525 habet

722 5574 1298 5651 necessitatem
1375 5592 1536 5645 non
1578 5571 2063 5651 absolutam,
2140 5569 2274 5641 300

1878 385 1981 450 DE
2024 387 2293 453 RERUM
2337 386 2725 454 PRINCIPIO

2386 552 2957 625 necessitatem
3001 574 3146 646 per
3193 554 3587 636 accidens,
3652 560 3731 630 et
3774 578 3920 629 res-

2387 670 2790 761 pectivam
2896 691 3034 743 seu
3129 676 3752 765 consequentioe,
3849 680 3921 749 et

2390 792 2761 879 respectu
2855 788 3074 860 illius
3161 811 3321 862 non
3396 797 3662 883 potest
3742 793 3921 886 poni

2390 904 2879 995 oppositum.

2475 1020 2693 1092 Unde
2736 1022 3048 1112 quando
3108 1022 3434 1103 dicitur,
3482 1025 3687 1114 quod
3731 1045 3919 1116 prae-

2385 1136 2650 1208 visum
2711 1142 2789 1211 et
2869 1139 3342 1231 praescitum
3402 1160 3449 1211 a
3515 1142 3683 1213 Deo
3753 1141 3919 1213 fore

2391 1256 2656 1344 potest
2690 1275 2848 1325 non
2879 1276 3058 1328 esse
3100 1256 3176 1327 in
3224 1255 3360 1327 illo
3394 1280 3592 1338 num,
3655 1256 3918 1330 distin-

2389 1375 2787 1460 guendum
2829 1379 2953 1447 est
2984 1376 3075 1447 de
3136 1375 3526 1467 potentia,
3571 1376 3915 1454 dicendo,

2390 1491 2596 1580 quod
2668 1491 3030 1582 potentia
3095 1496 3362 1583 potest
3431 1494 3918 1583 comparari,

2386 1606 2512 1677 vel
2545 1607 2638 1676 ad
2673 1611 2945 1680 actum
2971 1607 3422 1700 simplicem
3449 1609 3788 1700 praecise
3851 1616 3924 1681 et

2388 1722 2780 1803 absolute,
2838 1722 3134 1815 absque
3176 1725 3798 1815 comparatione
3838 1724 3927 1794 ad

2388 1843 2662 1911 actum
2694 1839 2981 1911 divinze
3023 1841 3392 1920 visionis,
3447 1845 3527 1915 et
3569 1846 3761 1915 tunc
3800 1863 3924 1911 ve-

2390 1976 2571 2026 rum
2595 1960 2720 2028 est
2746 1957 3255 2048 simpliciter,
3286 1958 3491 2048 quod
3510 1962 3776 2049 potest
3802 1979 3923 2049 po-

2387 2072 2466 2143 ni
2527 2092 2685 2143 non
2717 2073 3066 2154 evenire,
3114 2078 3192 2147 et
3238 2078 3507 2166 potest
3553 2075 3923 2168 peninon

2384 2210 2586 2260 0330.
2611 2188 2754 2259 Vel
2788 2193 3053 2281 potest
3076 2188 3546 2280 comparari
3570 2190 3664 2261 ad
3687 2211 3923 2262 unum

2387 2310 2685 2384 actum,
2738 2304 2811 2375 in
2874 2305 3489 2397 comparatione
3531 2310 3609 2379 et
3653 2306 3924 2377 ordine

2386 2421 2478 2492 ad
2513 2420 2789 2501 alium,
2852 2425 2938 2493 ut
2997 2421 3091 2492 ad
3152 2425 3423 2494 aetum
3476 2422 3763 2493 divinae
3820 2423 3925 2498 vi-

2386 2537 2666 2617 sionis,
2704 2542 2783 2611 et
2813 2542 2999 2610 tunc
3033 2558 3193 2608 non
3241 2543 3510 2630 potest
3548 2539 3734 2632 poni
3771 2560 3923 2610 non

2383 2655 2733 2726 evenire.
2784 2655 3006 2728 Sicut
3051 2656 3118 2725 si
3187 2655 3501 2726 videam
3539 2661 3616 2729 te
3657 2677 3924 2728 curre-

2387 2794 2498 2853 re,
2546 2792 2705 2842 non
2745 2775 3011 2863 potest
3069 2772 3255 2863 poni
3300 2773 3503 2863 quod
3548 2793 3707 2843 non
3742 2793 3919 2845 cur-

2387 2910 2548 2969 ras,
2593 2890 2776 2960 dum
2819 2888 3044 2960 video
3083 2893 3159 2962 te
3192 2894 3686 2969 currentem,
3736 2890 3815 2961 in
3848 2912 3927 2961 se

2384 3009 2654 3078 tamen
2725 3003 2877 3077 fuit
2944 3004 3328 3096 possibile
3390 3006 3597 3095 quod
3639 3026 3925 3077 cursus

2384 3140 2542 3191 non
2587 3124 2826 3202 esset,
2893 3121 3079 3213 quia
3141 3121 3479 3215 potuisti
3523 3123 3728 3194 velle
3770 3143 3925 3196 non

2383 3259 2722 3311 currere
2786 3264 2800 3308 z
2864 3244 2943 3312 et
3023 3239 3269 3313 istum
3314 3242 3636 3313 modum
3679 3241 3928 3314 tradit

2386 3355 2876 3430 Aristoteles
2936 3360 3107 3426 libro
3157 3361 3622 3440 Elenchorum,
3667 3383 3814 3448 cap.
3860 3360 3922 3429 3.

2387 3472 2517 3543 ubi
2563 3473 2783 3554 dicit,
2831 3474 3038 3565 quod
3073 3474 3231 3546 ista
3276 3474 3761 3566 propositio,
3812 3479 3927 3541 Se-

2384 3590 2645 3658 denlem
2682 3591 3024 3658 ambulare
3054 3604 3144 3658 esc
3171 3593 3505 3679 possibile,
3551 3595 3675 3662 est
3734 3590 3927 3663 mul-

2386 3703 2664 3796 tiplex,
2713 3706 2900 3797 quia
2947 3709 3429 3799 potestesse
3461 3706 3743 3788 divisa,
3841 3710 3928 3778 ut

2388 3822 2450 3894 Si
2519 3826 2829 3911 possibile
2893 3823 3379 3896 determinet
3436 3824 3520 3915 ly
3585 3827 3930 3892 ambulare

2387 3939 2821 4011 secundum
2866 3961 2948 4010 se
2989 3943 3068 4011 et
3127 3939 3520 4020 absolute,
3575 3944 3662 4013 ut
3708 3958 3927 4031 sepa·

2388 4060 2660 4130 ratum
2701 4060 2826 4129 est
2882 4055 2981 4126 ab
3039 4060 3225 4128 actu
3278 4056 3618 4138 sedendi,
3663 4061 3744 4129 et
3815 4056 3927 4129 sic

2389 4172 2465 4244 in
2535 4193 2772 4244 sensu
2841 4171 3099 4243 diviso
3158 4176 3283 4245 est
3341 4192 3538 4242 vera
3581 4171 3726 4243 sub
3776 4171 3924 4243 hoc

2386 4309 2651 4370 sensu,
2694 4292 2826 4367 Qui
2854 4313 3005 4358 ‘vere
3059 4291 3260 4371 sedet,
3315 4291 3504 4357 habel
3531 4294 3923 4378 potenciam,

2383 4420 2462 4475 ut
2501 4407 2868 4495 aliquando
2897 4407 3189 4473 ambulet
3210 4432 3236 4487 ,·
3269 4405 3393 4476 vel
3442 4409 3712 4497 potest
3748 4426 3926 4477 0330

2385 4521 2869 4614 composita,
2922 4524 3008 4594 ut
3070 4520 3152 4611 ly
3196 4523 3515 4610 possibile
3552 4521 3925 4594 determi—

2383 4640 2519 4710 net
2556 4642 2827 4710 actum
2864 4637 3350 4718 ambulandi,
3416 4641 3502 4710 ut
3549 4637 3924 4729 conjunc-

2386 4758 2556 4826 tum
2610 4754 2831 4827 actui
2875 4754 3214 4836 sedendi,
3256 4759 3335 4828 et
3370 4754 3484 4826 sic
3517 4759 3641 4827 est
3673 4754 3920 4834 falsa;

2387 4869 2572 4959 quia
2616 4890 2901 4941 sensus
2964 4873 3113 4950 est,
3159 4873 3421 4958 Aliquis
3476 4871 3666 4938 habet
3699 4884 3925 4958 pocen-

2385 4990 2574 5068 tz'am,
2609 5002 2678 5056 ul
2706 4990 3018 5069 sedendO,
3057 4991 3158 5056 vel
3188 4989 3347 5057 dum
3374 4989 3577 5070 sedet,
3615 4991 3920 5056 ambulet.

2387 5102 2513 5176 Sic
2543 5103 2620 5173 in
2646 5103 3102 5196 proposito;
3144 5123 3377 5195 quem
3410 5105 3624 5175 Deus
3647 5104 3925 5196 praevi·

2382 5220 2951 5293 ditdamnandu
2967 5241 3069 5301 m,
3091 5219 3472 5312 possibile
3485 5224 3610 5293 est
3626 5220 3923 5292 salvari

2387 5335 2464 5408 in
2509 5356 2745 5407 sensu
2779 5335 3063 5417 diviso,
3102 5356 3263 5407 non
3296 5340 3566 5408 tamen
3600 5341 3721 5410 est
3751 5358 3925 5429 pos·

2386 5453 2615 5526 sibile
2653 5453 2729 5525 in
2773 5474 3009 5526 sensu
3054 5453 3509 5545 composito
3557 5479 3572 5522 :
3621 5475 3762 5526 nec
3805 5459 3921 5526 ta—

2385 5591 2566 5643 men
2604 5591 2745 5663 per
2775 5569 2925 5642 hoe
2962 5570 3357 5660 sequitur,
3396 5571 3600 5660 quod
3646 5568 3920 5663 praevi·
