4252 6393
736 404 857 466 696

719 566 918 649 tum,
982 567 1062 639 et
1115 562 1229 638 sic
1266 569 1488 661 patet
1521 562 1835 658 primus
1871 558 2274 637 articulus

723 681 1225 779 quaestionis,

1208 1013 1641 1073 ARTICULUS
1720 1013 1790 1067 11.

816 1197 1271 1289 Respondetur
1309 1196 1401 1263 ad
1453 1197 1718 1262 titulum
1762 1195 2176 1282 qttcrslionis,

518 1429 588 1479 15,
819 1394 1060 1470 Circa
1102 1393 1561 1474 secundum,
1624 1412 1722 1463 ex
1792 1411 1947 1483 quo
2010 1389 2278 1463 visum

727 1516 850 1586 est
887 1512 1281 1605 quomodo
1314 1531 1396 1583 se
1428 1509 1725 1583 habent
1767 1508 2160 1582 instantia
2188 1508 2281 1580 ad

728 1630 895 1713 illa,
936 1650 1284 1723 quorum
1321 1631 1510 1701 sunt
1552 1626 1970 1707 instantia,
2016 1625 2280 1698 viden-

724 1749 912 1822 dum
953 1751 1076 1821 est
1130 1745 1529 1839 quomodo
1572 1765 1657 1816 se
1711 1743 2004 1815 habent
2068 1744 2284 1817 inter

729 1866 997 1958 seipsa
1083 1866 1475 1958 quantum
1560 1862 1655 1933 ad
1745 1860 2277 1935 identitatem.

417 1992 683 2046 02¹0²¹²⁰⁶1⁰
728 1981 966 2058 Circa
1034 1981 1239 2073 quod
1280 1980 1433 2054 fuit
1504 1979 1928 2071 multiplex
2000 1978 2281 2049 modus

394 2054 683 2165 ’ἶῖιζέῗιιῖῗῖἷῖἰ
725 2098 1188 2172 dicentium.
1252 2098 1502 2178 Unus,
1562 2096 1765 2189 quod
1808 2119 1984 2164 »ηιιηε
2051 2098 2282 2167 aeter·

385 2179 458 2227 ad
476 2193 562 2238 ea,
579 2194 704 2241 qno-

397 2255 536 2312 sum
564 2248 690 2314 sam
727 2216 1040 2300 nitatis,
1088 2216 1265 2301 aevi,
1302 2219 1381 2288 et
1414 2213 1812 2307 temporis
1850 2215 2036 2284 sunt
2077 2212 2282 2284 idern

388 2312 674 2355 ‘'‘⁸“‘'²'²“‘
730 2358 906 2403 mmo
948 2332 1383 2406 secundum
1428 2330 1997 2412 substantiam,
2070 2329 2283 2401 diffe-

732 2450 999 2524 rentia
1042 2448 1478 2523 secundum
1511 2472 1666 2530 esse,
1700 2448 1934 2540 cujus
1960 2447 2282 2537 signum

730 2571 855 2641 est
898 2568 1103 2660 quod
1161 2571 1586 2648 aeternum,
1649 2568 1729 2638 et
1769 2563 2279 2644 aeviternum,

730 2689 812 2759 et
852 2683 1307 2775 temporale
1339 2682 1416 2754 in
1450 2682 1725 2753 eodem
1768 2704 1942 2749 nunc
1990 2679 2285 2752 habent

424 2830 658 2904 cuidam
732 2825 885 2870 esse.
949 2802 1254 2873 Verum
1302 2804 1426 2873 est
1484 2798 1723 2881 enim,
1774 2799 1980 2889 quod
2041 2797 2283 2869 simul

391 2896 916 3006 ῗὲἶῖξῗηζζῖεηιιηο
953 2922 1077 2992 est
1135 2921 1375 3001 DellS,
1426 2917 1806 3007 AngOIUS,
1853 2921 1931 2989 ct
1965 2920 2281 2997 motus;

411 3019 661 3130 ζζζῖζῗὲξέ
732 3056 891 3108 non
929 3039 1200 3110 tamen
1226 3035 1405 3109 istac
1448 3039 1619 3109 tres
1656 3054 2058 3107 mensura)
2099 3048 2285 3103 ceter-

423 3146 579 3204 ‘fffl‘
607 3144 686 3192 αἱ·
732 3158 934 3240 nitas,
970 3176 1203 3237 cerum,
1240 3156 1320 3228 et
1363 3167 1616 3243 tempus
1658 3155 1842 3225 sunt
1878 3172 2035 3224 una
2079 3173 2288 3225 men-

411 3222 568 3258 vc'rsa
597 3223 680 3255 Se·-

444 3271 680 3320 cundum
737 3292 955 3344 sura.
1004 3271 1228 3343 Licet
1288 3270 1502 3342 enim
1557 3269 1761 3341 idem
1823 3270 2149 3342 situnne
2209 3270 2286 3341 in

487 3347 616 3381 8883.

737 3388 1106 3461 omnibus
1194 3388 1625 3460 secundum
1716 3386 2282 3470 substantiam,

737 3507 1007 3576 tamen
1043 3503 1335 3595 recipit
1369 3526 1502 3571 esse
1531 3502 1968 3585 diversum,
2007 3506 2093 3575 ut
2129 3523 2292 3574 res-

737 3622 930 3716 picit
972 3645 1106 3690 esse
1171 3625 1595 3702 aeternum,
1659 3621 2141 3694 feviternmn
2209 3627 2288 3694 et

733 3738 1212 3830 temporale.
1291 3739 1505 3811 Idem
1584 3762 1760 3806 niune
1833 3741 1957 3810 est
2034 3738 2288 3810 fluens

735 3875 781 3926 a
817 3855 1080 3948 priori
1133 3854 1213 3926 in
1266 3853 1703 3947 posterius,
1767 3856 1843 3926 et
1907 3873 1952 3925 a
2007 3859 2290 3946 przrtc-

737 3971 899 4045 rito
946 3972 1024 4044 in
1056 3970 1451 4055 futurum,
1522 3974 1603 4044 et
1646 3970 1761 4043 sic
1801 3971 2064 4063 ipsum
2114 3995 2290 4041 mmm

735 4089 988 4161 fluens
1023 4088 1219 4162 facit
1262 4093 1608 4180 tempus.
1654 4088 1760 4160 Ut
1804 4092 2078 4161 autem
2125 4110 2287 4161 res-

736 4208 935 4302 picit
966 4231 1099 4276 esse
1138 4212 1560 4289 aeternum,
1606 4208 1683 4278 et
1734 4230 1912 4274 neme
1972 4207 2289 4281 substat

738 4343 1250 4416 permanenS,
1289 4323 1565 4409 fixum,
1621 4325 1707 4395 ut
1741 4342 1883 4394 nec
1919 4327 2289 4398 transeat

739 4445 949 4524 actu,
986 4463 1130 4514 nec
1175 4440 1564 4535 potentia,
1602 4460 1744 4514 nec
1805 4440 2097 4523 fertur,
2144 4462 2287 4513 nec

738 4558 940 4642 fluit,
1022 4561 1153 4632 sed
1224 4560 1668 4652 permanet,
1759 4562 1839 4632 et
1910 4560 2024 4631 sic
2094 4560 2290 4633 facit

738 4675 1286 4750 aeternitatem
1352 4700 1367 4745 ε

737 4790 1244 4875 aeviternum,
1297 4791 1619 4864 videtur
1651 4810 1734 4862 sc
1777 4791 2073 4864 habere
2135 4813 2291 4864 mc-

735 4909 863 4983 dio
902 4909 1155 4991 modo,
1187 4910 1391 5001 quod
1433 4907 1622 4981 licet
1664 4913 2164 5003 permaneat,
2211 4913 2290 4983 ct

736 5045 897 5099 non
938 5026 1157 5107 fluat,
1196 5030 1320 5100 est
1361 5029 1635 5098 tamen
1672 5026 1748 5098 in
1796 5026 2159 5119 potentia
2204 5030 2289 5101 ut

735 5165 913 5216 esse
953 5143 1293 5224 desinat,
1331 5147 1409 5217 et
1471 5144 1560 5215 de
1605 5165 1688 5215 se
1724 5144 1971 5217 tendit
2011 5144 2103 5216 ad
2157 5168 2288 5212 non

735 5284 891 5343 esse,
940 5260 1150 5334 sicut
1202 5281 1332 5331 res
1376 5258 1792 5331 aeviterna.

826 5379 1025 5463 Quia
1094 5379 1351 5472 igitur
1420 5381 1685 5472 ipsum
1744 5404 1941 5462 nunc,
2009 5382 2096 5453 ut
2163 5385 2286 5455 est

738 5520 912 5564 nunc
951 5497 1470 5580 aetel‘nitatiS,
1507 5498 1683 5580 aevi,
1736 5500 1813 5569 et
1860 5497 2279 5589 tempOPiS,

740 5611 1037 5704 accipit
1077 5637 1214 5683 esse
1252 5613 1687 5695 diversum,
1755 5611 1927 5686 ideo
1962 5611 2277 5695 accidit,

1440 4678 1529 4749 ut
1588 4677 1859 4748 autem
1951 4676 2290 4769 respicit
2338 4705 2344 4712 ·

1900 400 2001 464 DE
2045 398 2312 463 RERUM
2356 395 2745 461 PRINCIPIO

2391 559 2594 652 quod
2655 562 2973 653 tempus
3039 578 3200 633 non
3240 562 3364 633 est
3425 557 3652 642 idem,
3727 562 3920 652 quod

2388 697 2676 760 aevum,
2758 679 2882 749 vel
2962 678 3411 753 ⁴aeternitas.
3459 679 3682 753 Sicut
3737 698 3923 770 ergo

2390 816 2690 889 corpus
2735 779 3054 881 mobile,
3103 801 3384 890 utpote
3425 797 3737 879 coelum,
3773 818 3924 869 non

2389 914 2770 987 variatur
2803 916 3238 986 secundum
3283 915 3757 1008 subjectum,
3803 917 3923 990 sed

2391 1037 2516 1106 est
2559 1031 2763 1106 idem
2817 1034 3155 1118 motum,
3229 1038 3309 1108 et
3365 1055 3524 1107 non
3597 1040 3921 1117 motum,

2391 1153 2770 1226 differens
2841 1155 3107 1229 solum
3171 1155 3606 1227 secundum
3664 1178 3794 1222 esse
3856 1158 3928 1227 et

2396 1272 2825 1356 rationem,
2892 1273 3006 1347 sic
3044 1297 3222 1344 nunc
3261 1277 3386 1347 est
3443 1270 3649 1345 idem
3704 1272 3783 1343 in
3840 1270 3929 1343 is-

2395 1388 2499 1462 tis
2541 1390 2803 1463 tribus
2861 1391 3270 1464 mensuris
3303 1391 3736 1463 secundum
3769 1387 3930 1459 sub·

2395 1508 2832 1591 stantiam,
2956 1509 3337 1582 differens
3505 1507 3927 1580 secundum

2395 1650 2527 1694 esse
2573 1630 2654 1699 et
2716 1626 3148 1700 rationem.
3232 1627 3435 1709 Quia
3497 1630 3585 1700 ut
3656 1625 3926 1705 latum,

2393 1743 2520 1813 vel
2579 1742 2857 1824 fluens,
2915 1747 3040 1817 est
3100 1767 3278 1813 nunc
3332 1741 3774 1835 temporis;
3852 1745 3932 1814 ut

2395 1878 2557 1930 non
2605 1858 2887 1940 latum,
2952 1880 3097 1932 nec
3181 1861 3436 1933 fluens
3512 1863 3726 1941 actu,
3798 1879 3933 1932 nee

2397 1975 2764 2066 potentia.
2811 1976 3212 2060 deficienS,
3274 1981 3399 2050 est
3475 2001 3650 2046 nunc
3718 1980 3934 2050 aeter-

2396 2090 2725 2174 nitatis;
2765 2098 3042 2166 utnon
3079 2093 3355 2174 fluens,
3393 2094 3638 2167 sedin
3676 2098 3936 2186 poten·

2399 2211 2539 2292 tia,
2624 2213 2718 2284 ad
2795 2237 2930 2281 non
2996 2237 3132 2280 esse
3191 2216 3521 2286 tendens
3579 2218 3706 2288 est
3772 2237 3937 2282 nunc

2397 2327 2549 2400 aevi
2593 2353 2608 2397 :
2679 2328 2847 2400 ideo
2889 2332 3012 2401 est
3048 2328 3249 2401 idem
3296 2330 3731 2402 secundum
3776 2330 3939 2403 sub-

2399 2444 2816 2525 stantiam,
2861 2446 3240 2518 differens
3294 2447 3731 2520 secundum
3789 2472 3934 2529 esse,

2396 2563 2523 2633 vel
2581 2563 3012 2636 rationem.
3053 2566 3405 2657 Propter
3439 2568 3645 2657 quod
3676 2566 3940 2638 dicunt

2400 2680 2606 2771 quod
2648 2680 3304 2774 circumscriptis
3349 2682 3529 2755 istis
3587 2682 3942 2756 differen-

2401 2797 2539 2872 tiis
2592 2799 2898 2871 entium
2959 2805 3173 2887 fluens
3212 2805 3292 2874 et
3334 2825 3468 2871 non
3522 2808 3761 2890 fluens,
3830 2822 3944 2874 Pe-

2401 2921 2671 2990 manet
2742 2938 2988 2990 unum
3029 2942 3205 2985 nunc
3264 2919 3700 2991 secundum
3773 2919 3944 2992 sub-

2402 3034 2790 3107 stantiam
2862 3038 2938 3107 et
3003 3037 3436 3109 secundum
3503 3060 3660 3106 esse.
3733 3038 3941 3110 Unde

2401 3152 2612 3225 sicut
2674 3150 2875 3224 idem
2936 3171 3236 3246 corpus
3307 3173 3453 3246 per
3508 3154 3941 3229 essentiam

2405 3275 2673 3364 potest
2705 3292 2884 3342 esse
2918 3272 3300 3353 delatum,
3369 3273 3484 3346 sic
3520 3273 3727 3345 idem
3779 3298 3943 3343 nunc

2402 3393 2527 3462 est
2571 3388 2972 3480 recipiens
3045 3388 3350 3461 fluxum
3392 3393 3473 3463 et
3541 3411 3704 3463 non
3751 3390 3942 3464 reci-

2403 3505 2630 3598 piens
2678 3529 2692 3574 ε
2732 3509 2818 3578 ut
2854 3505 2968 3578 sic
3000 3505 3361 3578 dicamus
3409 3507 3485 3578 in
3528 3506 3655 3580 his
3690 3509 3943 3582 tribus

2402 3643 2579 3694 esse
2606 3622 2810 3694 idem
2828 3623 3455 3696 num-secundum
3479 3627 3939 3704 essentiam,

2402 3742 2481 3811 et
2525 3738 3074 3831 quidditatem,
3112 3740 3490 3812 differens
3517 3743 3940 3814 secundum

2402 3857 2966 3931 actualitatem
3044 3859 3527 3943 existentiae,
3632 3863 3714 3932 et
3811 3880 3944 3952 per

2401 3996 2902 4067 consequens
2999 3977 3433 4048 secundum
3549 3978 3944 4050 rationem

2404 4093 2946 4166 mensurandi.

2493 4210 2801 4283 Positio
2836 4214 3110 4282 autem
3143 4211 3304 4284 ista
3337 4214 3560 4284 stare
3600 4231 3764 4287 non
3827 4231 3943 4303 po-

2402 4330 2588 4408 test,
2664 4327 2851 4419 quia
2932 4327 3281 4400 multum
3350 4348 3510 4400 non
3576 4329 3950 4400 differunt

2403 4468 2534 4514 esse
2565 4448 2645 4517 et
2670 4444 3026 4516 essentia
3062 4472 3075 4514 :
3107 4448 3431 4518 constat
3461 4447 3734 4518 autem
3758 4443 3947 4537 quod
3971 4445 4064 4485 ‘m‘
4090 4433 4184 4480 ’‘²¹2³-

2403 4563 2825 4638 {eternitas
2871 4561 2978 4637 sit
3024 4582 3402 4634 mensura
3449 4561 3947 4654 simplicissi-

2407 4701 2560 4763 ma,
2622 4679 2833 4753 sicut
2900 4682 3121 4772 patet
3197 4699 3291 4750 ex
3374 4682 3676 4751 natura
3749 4698 3947 4750 nien·

2406 4797 2696 4877 surati,
2759 4817 2942 4869 cum
3022 4799 3146 4869 est
3216 4795 3637 4886 unigenea.
3726 4797 3948 4867 Patet

2405 4915 2607 5007 quod
2660 4938 2834 4982 nunc
2875 4911 3366 4986 aeternitatis
3433 4933 3592 4984 non
3630 4916 3757 4985 est
3819 4911 3948 4982 mi-

2402 5051 2550 5102 nus
2590 5029 2959 5121 simplex,
2998 5049 3238 5121 quam
3283 5029 3459 5121 ipsa.
3500 5026 3950 5104 aeternitas3

2403 5147 2590 5228 imo,
2631 5151 2715 5217 ut
2752 5145 3309 5239 supradictum
3363 5150 3488 5219 est
3531 5150 3575 5227 ⁶,
3628 5164 3787 5215 non
3833 5146 3947 5214 est

2402 5263 2615 5334 aliud
2663 5262 2836 5355 ipsa·
2870 5262 3318 5343 aeternitas,
3364 5265 3451 5333 et
3505 5285 3684 5330 nunc
3729 5263 3946 5332 {eter-

2399 5378 2685 5453 nitatis
2761 5378 3190 5450 secundum
3237 5398 3435 5462 rem,
3494 5382 3575 5450 et
3638 5377 3748 5450 ita
3788 5399 3952 5445 num·

2398 5496 2891 5572 {eternitatis
2925 5499 3047 5569 est
3076 5496 3783 5589 simplicissimum
3821 5522 3834 5566 :
3874 5496 3948 5564 et

2399 5614 2586 5707 quia
2612 5610 3311 5704 simplicissimum
3332 5615 3455 5685 est
3476 5608 3939 5686 intermino,

3978 4315 4002 4365 I
4002 4249 4180 4373 mpro'bss·
4205 4347 4206 4374 ἶ

4018 4386 4088 4422 μμ·
4111 4371 4188 4414 hirc

3975 5196 3987 5213 ⁶
4006 5205 4113 5240 num.
4141 5183 4181 5230 Isi

3995 5257 4016 5306 I
4023 5251 4148 5299 'fobu
4155 5261 4176 5289 14
4185 5257 4202 5276 ¹

3995 5320 4085 5366 hae:
4108 5312 4206 5368 Ius-7

3976 5377 4118 5428 navaria
4151 5372 4207 5417 im

3976 5453 4043 5489 ter
4067 5453 4109 5484 se
4124 5431 4207 5488 dff-

4042 5503 4148 5561 sere.
