4252 6393
760 402 878 464 544
1921 395 2022 456 DE
2068 394 2337 459 RERUM
2380 393 2771 457 PRINCIPIO

2416 580 2560 631 sua
2603 560 2896 643 activa,
2923 564 3004 633 et
3034 565 3334 633 natura
3374 563 3470 634 ad
3510 563 3931 657 intelligen-

2407 676 2592 747 dum
2632 703 2648 744 ε
2692 677 2823 749 sed
2866 677 3078 750 sicut
3113 677 3324 769 ignis
3376 680 3724 771 requirit
3757 702 3929 773 prae-

2408 792 2754 865 sentiam
2788 793 3409 876 combustibilis,
3448 796 3655 887 quod
3688 818 3932 870 secun·

744 562 1068 653 ligendi,
1118 564 1312 653 puto
1386 559 1591 651 quod
1654 558 1856 631 satis
1935 559 2158 648 patet
2200 575 2297 625 ex

743 678 1378 752 auctoritatibus
1423 679 1933 757 Sanctorum,
1979 678 2057 747 et
2119 673 2294 747 Phi-

744 797 1303 890 losophorum,
1331 799 1410 869 et
1452 795 1922 886 quibusdam
1959 793 2293 865 rationi-

414 924 616 990 ·supra
644 939 696 973 n·
743 915 890 989 bus
917 914 1091 1006 jam
1144 912 1384 988 tactis
1417 919 1463 979 ·.
1539 913 1814 984 Potest
1887 909 2292 982 nihilomi-
2404 909 2590 980 dum
2690 910 3234 983 substantiam
3300 915 3572 1003 potest
3644 934 3815 986 esse
3867 916 3929 987 ei

395 985 472 1037 st
502 991 713 1054 εἴπῃ
741 1053 893 1105 nus
940 1030 1239 1103 iterum
1283 1027 1628 1100 suaderi.
1677 1030 1776 1099 Et
1835 1025 2095 1118 primo
2166 1025 2289 1096 ad·
2405 1041 2791 1113 praesenS,
2827 1029 2905 1096 et
2941 1043 3191 1114 grave
3258 1029 3335 1097 et
3370 1025 3544 1098 leve
3579 1027 3927 1109 medium,

740 1148 1257 1228 vertendum,
1352 1145 1557 1236 quod
1647 1145 2032 1236 ponentes
2109 1162 2289 1214 esse
2403 1139 2496 1209 ad
2538 1138 2689 1213 hoc
2733 1142 2936 1233 quod
2983 1147 3385 1230 moveant,
3444 1144 3559 1216 sic
3604 1145 3930 1219 intellec-

739 1263 1294 1340 neeessariam
1374 1262 1723 1354 speciem
1795 1260 2284 1351 impressam
2400 1258 2532 1327 tus
2578 1259 3101 1348 praesentiam
3138 1260 3432 1352 objecti
3491 1262 3571 1333 in
3632 1263 3931 1336 ratione

741 1383 824 1455 in
859 1381 1276 1456 intellectu
1351 1375 1932 1471 possibili,non
1979 1378 2282 1467 ponunt
2400 1374 2764 1463 cogniti:
2823 1378 2901 1448 et
2964 1376 3153 1468 quia
3228 1398 3391 1451 non
3454 1383 3931 1470 potestesse

398 1505 586 1581 Vqrioe
615 1497 891 1571 as-hoo
957 1518 1054 1570 ex
1117 1495 1518 1569 similibus
1579 1493 1875 1566 causis.
1949 1492 2283 1574 Quidam
2400 1509 2761 1580 praesens
2798 1493 3233 1565 secundum
3296 1515 3527 1566 suam
3590 1496 3931 1569 substan·

413 1577 712 1682 ‚ffssss'ssssffl'‘
738 1616 955 1689 enim
984 1612 1283 1696 dicunt,
1346 1613 1551 1704 quod
1620 1630 1780 1681 non
1833 1609 2094 1681 solum
2166 1630 2282 1679 re-
2399 1605 2625 1688 tiam,
2696 1608 3042 1700 requirit
3115 1610 3466 1702 speciem
3513 1633 3657 1703 per
3708 1633 3929 1705 quam

736 1731 1097 1826 quiritur
1165 1729 1472 1823 species
1541 1728 1634 1800 ad
1697 1728 2283 1819 repraesentan-
2399 1722 2547 1794 sibi
2585 1730 3251 1816 repraesentetur,
3314 1748 3475 1801 non
3534 1752 3632 1802 ex
3672 1729 3926 1822 aliquo

2395 1839 2585 1911 alio.

732 1849 917 1922 dum
954 1847 1384 1939 objectum,
1460 1845 1592 1917 sed
1665 1844 1914 1915 etiam
2001 1843 2097 1914 ad
2157 1861 2282 1914 ac-

729 1966 1116 2039 tuandum
1154 1963 1687 2045 intellectum,
1737 1962 1907 2032 sine
1951 1980 2106 2051 qua
2158 1980 2280 2030 ac·
2484 1956 2714 2028 Addit
2772 1959 3022 2030 etiam
3094 1958 3252 2032 ista
3330 1960 3659 2052 positio,
3740 1961 4135 2084 (11]οᾱοκοξἰὲω

726 2083 1109 2156 tualitate
1189 2101 1428 2174 quam
1481 2081 1614 2152 dat
1659 2078 1813 2151 sibi
1863 2076 2277 2169 hujusmo-
2392 2072 2622 2140 actus
2688 2068 3189 2161 intelligendi
3248 2094 3413 2145 non
3455 2074 3927 2150 attribuitur
3952 2092 4136 2201 ’,ἐᾷ-εξ

724 2199 798 2271 di
843 2199 1177 2291 species,
1224 2217 1384 2269 non
1461 2197 1734 2289 posset
1816 2193 2142 2286 prodire
2199 2192 2277 2263 in
2392 2186 2712 2276 speciei,
2779 2186 2964 2278 quia
3009 2188 3183 2280 ipsa
3253 2196 3471 2282 agat,
3543 2191 3756 2266 sicut
3795 2213 4136 2265 neczezzoeea

722 2318 998 2390 actum
1080 2312 1602 2404 intelligendi.
1671 2313 1768 2382 Et
1839 2307 2273 2382 secundum
2389 2303 2618 2374 calor
2709 2304 3108 2388 calefacit,
3230 2309 3362 2380 sed
3478 2314 3607 2384 est
3724 2311 3922 2384 ratio

720 2430 928 2504 hanc
961 2429 1478 2523 positionem,
1529 2429 2272 2519 quantumcumque
2388 2419 2949 2505 calefaciendi;
3022 2443 3167 2496 nec
3227 2424 3476 2497 etiam
3560 2426 3927 2501 attribui-

726 2547 1131 2638 ob‚iectum
1196 2548 1302 2622 sit
1375 2565 1733 2638 praesens
1787 2540 2265 2623 intellectui,
2385 2539 2523 2607 tur
2615 2538 2720 2621 ei,
2815 2539 3027 2614 sicut
3113 2541 3543 2616 calefactio
3643 2544 3921 2617 calori.

719 2668 1004 2757 utpote
1057 2664 1367 2755 quando
1441 2660 1828 2750 intelligit
1881 2658 2264 2750 seipsum,

718 2782 846 2854 vel
916 2802 1105 2854 suos
1173 2779 1521 2861 habituS,
1570 2796 1891 2869 semper
1943 2778 2268 2866 oportet

723 2896 930 2987 quod
985 2895 1211 2988 prius
1256 2893 1521 2986 specie
1563 2891 2082 2963 insormetur.

804 3012 966 3086 Alii
997 3012 1293 3094 dicunt,
1360 3010 1562 3103 quod
1605 3008 1866 3081 solum
1925 3004 2264 3098 requiri-

711 3134 852 3206 tur
900 3130 996 3203 ad
1039 3128 1784 3224 repraesentandum
1830 3124 2258 3217 objectum,

713 3246 920 3338 quod
977 3246 1068 3318 de
1137 3265 1221 3316 se
1301 3264 1658 3336 praesens
1744 3262 1900 3313 non
1995 3244 2263 3332 potest

714 3383 917 3436 esse.
956 3362 1176 3445 Quod
1209 3361 1630 3442 inhaereat,
1676 3359 1802 3431 vel
1864 3359 1971 3432 sit
2016 3358 2262 3430 insor-

714 3480 1044 3563 mativa,
1091 3501 1252 3551 non
1332 3479 1622 3552 accidit
1687 3476 1835 3550 sibi
1884 3497 2025 3569 per
2080 3474 2254 3557 hoc,

711 3597 918 3688 quod
973 3601 1097 3671 est
1168 3594 1461 3690 objecti
1536 3592 2240 3687 repraesentativa,

707 3733 891 3785 eum
988 3714 1256 3806 ipsum
1318 3712 1747 3804 objectum,
1813 3710 1881 3783 si
1961 3731 2105 3802 per
2174 3728 2257 3780 se

708 3849 1068 3921 praesens
1103 3832 1347 3913 esset,
1401 3829 1528 3902 vel
1599 3829 1667 3901 si
1710 3828 2018 3920 specics
2077 3846 2256 3899 esse

706 3949 981 4039 posset
1035 3966 1423 4040 praesens,
1487 3945 1784 4037 absque
1836 3942 1986 4015 hoc
2049 3941 2256 4033 quod

699 4063 781 4135 in
850 4064 1267 4138 intellectu
1338 4060 1983 4154 imprimeretur,
2029 4079 2253 4150 aeque

707 4176 926 4260 bene,
977 4178 1138 4251 imo
1185 4178 1473 4251 melius
1518 4178 1749 4250 daret
1811 4180 2080 4248 actum
2141 4175 2249 4246 in-

701 4296 1157 4387 telligendi;
1240 4297 1374 4369 sed
1441 4295 1592 4368 hoc
1662 4294 1950 4368 accidit
2067 4291 2244 4373 sibi,

698 4412 885 4504 quia
926 4416 1051 4486 est
1094 4412 1485 4494 accidenS,
1535 4412 1740 4503 quod
1774 4411 1896 4483 est
1955 4410 2247 4502 impos-

701 4528 934 4602 sibile
1004 4529 1362 4601 existere
1432 4548 1578 4620 per
1657 4550 1739 4599 se
1810 4525 2245 4629 secundum

695 4647 1103 4717 naturam.
1152 4647 1251 4718 Et
1321 4644 1753 4717 secundum
1794 4642 2000 4714 hanc
2038 4640 2245 4733 posi-

693 4763 1004 4838 tionem
1037 4760 1363 4835 habitus
1414 4760 1729 4842 animae,
1788 4762 1865 4832 et
1912 4759 2114 4852 ipsa,
2163 4762 2243 4832 et

695 4898 1219 4975 quaecumque
1272 4879 1611 4971 objecta,
1696 4897 1871 4970 quae
1943 4896 2087 4969 per
2158 4898 2241 4947 se

690 5001 877 5072 sunt
967 4995 1404 5090 praesentia
1466 4996 1765 5087 absque
1836 4993 2242 5085 impressa

691 5115 985 5210 speeie,
1022 5115 1743 5208 cognoscerentur.

775 5234 878 5307 Et
913 5231 1063 5303 hoc
1100 5232 1366 5322 patet;
1416 5228 1601 5321 quia
1645 5227 1854 5300 sicut
1900 5226 2112 5316 ignis
2147 5226 2237 5300 de

687 5369 772 5423 se
804 5348 940 5423 dat
971 5346 1512 5420 sufficientem
1536 5343 2105 5417 actualitatem
2139 5343 2235 5413 ad

681 5463 1103 5557 agendum,
1148 5466 1228 5537 et
1263 5480 1514 5555 grave
1571 5465 1649 5534 et
1685 5460 1859 5533 leve
1915 5460 2008 5530 ad
2068 5480 2229 5531 mo-

673 5579 1046 5668 vendum,
1144 5580 1259 5654 sic
1373 5578 1838 5653 intellectus
1928 5596 2028 5649 ex

2388 2654 2615 2725 Inter
2674 2675 2967 2728 causas
3002 2657 3218 2728 enim
3308 2662 3670 2751 agentes,
3745 2660 3922 2736 talis

2381 2775 2504 2868 est
2553 2771 2997 2857 distinctio,
3043 2778 3247 2868 quod
3310 2797 3468 2849 una
3528 2780 3701 2869 agit
3786 2777 3917 2851 ali-

2382 2888 2565 2978 quid
2608 2890 3206 2984 principaliter,
3267 2893 3430 2966 alia
3471 2898 3751 2969 autem
3801 2917 3921 2968 so·

2381 3005 2547 3077 lum
2593 3009 2900 3084 virtute
2942 3012 3316 3084 alterius.
3393 3013 3619 3087 Hanc
3683 3016 3922 3088 etiam

2375 3117 2984 3195 distinctionem
3021 3143 3458 3217 possumus
3503 3126 3927 3219 assignare

2378 3237 2593 3310 inter
2628 3239 2991 3313 rationes
3026 3241 3682 3333 agentium,.sive
3714 3245 3926 3319 inter

2375 3353 2514 3427 illa
2540 3374 2713 3446 quae
2757 3361 2945 3431 sunt
2985 3357 3348 3432 rationes
3391 3362 3697 3453 agendi,
3725 3361 3931 3455 quod

2375 3470 2688 3545 scilicet
2750 3493 2994 3545 unum
3059 3474 3166 3548 sit
3220 3476 3436 3549 ratio
3471 3478 3752 3568 agendi
3788 3497 3926 3571 per

2375 3610 2482 3670 se,
2531 3587 2746 3660 aliud
2790 3589 3051 3661 solum
3092 3590 3171 3662 in
3202 3591 3513 3666 virtute
3552 3592 3921 3667 alterius.

2459 3707 2916 3799 Dupliciter
2955 3728 3152 3800 ergo
3199 3708 3277 3780 in
3313 3709 3611 3784 talibus
3648 3715 3921 3805 potest

2369 3847 2548 3898 esse
2571 3826 2956 3910 defectus,
2995 3832 3083 3903 ut
3118 3828 3426 3902 scilicet
3455 3849 3616 3901 non
3645 3832 3918 3921 agant,

2371 3943 2503 4015 sed
2555 3942 2820 4014 solum
2895 3943 3056 4017 sint
3109 3945 3324 4019 ratio
3394 3945 3699 4037 agendi,
3756 3966 3917 4019 non

2369 4080 2514 4151 per
2565 4082 2673 4142 se,
2717 4061 2847 4132 sed
2892 4082 3038 4153 per
3077 4061 3474 4136 virtutem
3545 4062 3915 4147 alteriuS,

2367 4179 2708 4267 uterque
2751 4181 3025 4250 autem
3060 4177 3417 4251 desectus
3460 4183 3582 4251 est
3631 4178 3707 4250 in
3747 4198 3918 4271 spe-

2364 4292 2484 4364 cie
2526 4291 3047 4385 intelligibili.
3114 4294 3464 4377 Primus,
3532 4295 3919 4387 quianon

2362 4409 2574 4501 a-git;
2615 4411 2818 4482 nulli
2875 4410 3093 4484 enim
3141 4413 3258 4484 rei
3294 4414 3672 4487 convenit
3722 4430 3913 4502 age-

2364 4547 2476 4611 re,
2543 4527 2674 4599 cui
2743 4548 2904 4601 non
2964 4528 3345 4603 convenit
3390 4549 3537 4621 per
3578 4551 3661 4602 se
3708 4528 3916 4601 exis-

2361 4645 2558 4724 tere,
2654 4645 2785 4714 scd
2830 4642 2981 4716 hoc
3036 4643 3239 4716 nulli
3297 4644 3689 4718 accidenti
3729 4664 3914 4716 con·

2356 4760 2601 4835 venit.
2679 4760 2758 4835 Si
2837 4761 3051 4833 enim
3121 4766 3246 4836 est
3316 4762 3555 4855 hujus
3616 4760 3908 4855 speciei

2355 4878 2712 4952 existere
2749 4899 2894 4972 per
2928 4900 3036 4962 se,
3106 4879 3362 4955 multo
3399 4881 3687 4953 melius
3726 4900 3913 4953 cau·

2357 4998 2580 5069 saret
2614 4998 2890 5069 actum
2925 4993 3451 5088 intelligendi,
3515 4996 3717 5088 quod
3745 5014 3906 5066 non

2353 5110 2573 5184 facit.
2623 5110 3007 5193 Secundo,
3045 5110 3312 5185 deficit
3345 5111 3594 5185 etiam
3637 5111 3908 5203 hujus-

2355 5225 2568 5299 modi
2641 5226 2953 5320 species
3017 5226 3097 5298 in
3178 5227 3499 5300 ratione
3558 5225 3899 5319 agentis,

2352 5343 2539 5435 quia
2598 5364 2759 5416 non
2803 5345 3067 5416 solum
3101 5364 3260 5417 non
3296 5344 3491 5435 agit,
3550 5345 3708 5418 imo
3755 5364 3905 5416 nec

2347 5466 2472 5535 est
2519 5462 2733 5537 ratio
2782 5464 3069 5555 agendi
3132 5484 3275 5557 per
3318 5486 3426 5545 se,
3465 5464 3598 5536 sed
3639 5462 3895 5536 solum

2150 5575 2231 5647 vi
2342 5580 2423 5652 in
2455 5580 2762 5653 virtute
2797 5580 3514 5664 alterius,scilieet
3566 5576 3877 5674 objecti,
