4252 6393
121 3049 170 3098 lii
193 3067 329 3100 asse-

127 3124 250 3164 rum.

122 3616 282 3689 'rotant

121 3691 256 3736 omno
267 3717 280 3731 .

1696 418 2054 496 QUAESTIO
2101 422 2236 484 XXI

356 588 592 659 extra
653 588 932 678 partes
1002 583 1272 665 lineae;
1338 600 1538 673 ergo
1592 603 1775 654 cum
1821 581 1907 654 li-

353 722 527 785 nea,
573 707 654 776 et
686 706 1004 795 tempus
1038 702 1115 774 in
1152 721 1297 771 sua
1334 698 1711 773 realitate
1745 699 1908 775 sint

355 819 607 900 finita,
655 817 1058 892 habebunt
1096 822 1277 912 post
1314 817 1508 889 illud
1552 817 1905 909 primum

357 937 697 1016 instans,
745 938 825 1009 ct
870 940 1056 1028 post
1110 934 1464 1028 primum
1520 937 1907 1026 punctum

354 1072 589 1124 suum
625 1050 845 1123 reale
881 1050 1230 1131 initium,
1271 1049 1592 1124 initium
1634 1053 1907 1122 autem

357 1167 752 1260 temporis
815 1188 973 1239 non
1034 1171 1156 1239 est
1200 1167 1357 1239 nisi
1416 1167 1754 1247 instans,
1828 1172 1909 1241 et

356 1281 587 1354 lineae
625 1286 1013 1373 punctum
1058 1308 1072 1352 :
1122 1299 1322 1371 crgo
1366 1284 1750 1373 punctum
1795 1300 1910 1351 se-

356 1398 635 1489 quitur
711 1398 1178 1471 immediate
1242 1400 1625 1490 punctum
1670 1395 1751 1467 in
1822 1395 1908 1467 li-

351 1537 529 1599 nea,
601 1518 681 1589 et
733 1514 1048 1588 instans
1123 1515 1498 1605 sequitur
1594 1514 1908 1587 instans

353 1630 819 1705 immediate
853 1631 933 1702 in
968 1634 1363 1723 tempore,
1410 1632 1488 1702 et
1515 1629 1631 1704 ita
1665 1633 1910 1701 erunt

351 1748 768 1840 contigua.
1488 1834 1493 1838 ὁ

446 1869 547 1939 Et
604 1863 954 1938 ulterius
1000 1891 1013 1932 ε
1065 1884 1221 1955 qua
1268 1863 1588 1936 ratione
1634 1881 1910 1933 secun-

351 1985 539 2055 dum
593 1983 936 2063 instans,
1014 1986 1092 2055 et
1164 1982 1601 2054 secundum
1674 1998 1912 2072 punc-

351 2105 527 2174 tum
588 2099 818 2192 ponit
890 2098 1213 2172 initium
1287 2098 1531 2178 reale,
1602 2099 1681 2167 et
1718 2115 1909 2188 pars

356 2216 781 2309 temporis,
833 2216 962 2287 vel
1034 2215 1290 2293 1111333.
1352 2215 1626 2286 eadem
1665 2213 1910 2285 ratio-

355 2354 453 2404 nc
496 2337 579 2406 et
614 2332 996 2425 primum.
1046 2332 1490 2405 Secundum
1541 2328 1691 2401 hoc
1737 2348 1910 2420 pos·

355 2456 480 2525 set
546 2452 763 2525 Deus
816 2470 1104 2523 creare
1150 2468 1383 2521 omne
1435 2451 1756 2538 tempus
1812 2445 1910 2517 si-

356 2586 455 2639 nc
499 2566 869 2647 instanti,
907 2570 988 2639 et
1028 2565 1327 2638 lineam
1363 2564 1534 2635 sinc
1579 2565 1905 2655 puncto,

356 2683 595 2756 siilla
644 2703 805 2757 non
849 2686 1037 2756 sunt
1079 2684 1171 2756 de
1216 2679 1673 2755 substantia
1713 2684 1910 2754 tem-

368 2802 597 2894 poris
676 2804 757 2875 et
798 2800 1054 2881 lineae,
1102 2803 1182 2873 ct
1226 2797 1739 2891 superficiem
1773 2815 1912 2867 311-

357 2917 733 3009 gularem
787 2916 957 2987 sinc
1002 2915 1237 2986 linea.

449 3034 597 3107 Sed
640 3033 845 3125 quod
912 3036 1295 3125 pun'ctum
1336 3030 1551 3102 dicat
1612 3029 1910 3121 aliquid

360 3150 735 3245 positive,
818 3148 1033 3221 aliud
1111 3168 1156 3220 a
1240 3145 1609 3240 partibus
1680 3145 1909 3218 1111333

355 3267 791 3346 continuae,
892 3271 970 3338 et
1031 3265 1305 3336 cadem
1378 3263 1698 3336 ratione
1758 3261 1912 3333 ins-

357 3388 570 3465 tans,
618 3384 824 3477 quod
860 3382 1191 3475 ponitur
1234 3379 1442 3460 finis,
1487 3385 1567 3453 et
1611 3379 1912 3472 princi-

361 3502 583 3593 pium
681 3500 1109 3592 temporiS,
1208 3497 1585 3570 videntur
1661 3496 1912 3588 aliqui

361 3619 717 3711 probare
759 3617 875 3689 sic
921 3643 933 3687 ε
986 3616 1301 3688 instans
1342 3634 1501 3686 non
1537 3614 1730 3686 dicit
1772 3613 1912 3685 ali-

361 3737 551 3831 quid
598 3740 839 3811 extra
896 3738 1243 3828 tempus,
1292 3734 1664 3826 sequitur
1706 3733 1911 3824 quod

357 3858 632 3932 facere
702 3879 875 3931 rem
936 3859 1017 3928 in
1077 3856 1420 3930 instanti
1480 3854 1905 3947 temporis,

355 3982 482 4050 est
521 3995 704 4049 eam
762 3975 1035 4048 facere
1077 3973 1157 4044 in
1202 3978 1595 4066 tempore,
1658 3976 1738 4046 et
1795 3971 1909 4043 sic

363 4093 571 4186 quod
604 4092 691 4166 fit
739 4093 819 4164 in
885 4091 1253 4172 instanti,
1291 4091 1382 4164 fit
1425 4090 1905 4163 successive.

452 4210 954 4302 Respondeo,
1037 4213 1118 4283 et
1186 4208 1389 4291 dicO‚
1465 4207 1670 4298 quod
1750 4227 1905 4289 reS‚

360 4348 541 4420 quae
607 4328 700 4400 fit
767 4327 936 4399 sive
996 4346 1042 4398 a
1109 4327 1305 4407 Deo,
1371 4325 1538 4396 sive
1599 4324 1697 4395 ab
1746 4324 1909 4396 alio

359 4449 681 4537 agente,
730 4444 1039 4535 quando
1109 4447 1234 4516 est
1277 4441 1494 4521 talis,
1570 4439 1773 4530 quod
1820 4440 1911 4511 de

360 4582 446 4633 se
488 4560 681 4633 dicit
726 4557 1346 4638 successionem,
1385 4560 1472 4628 ut
1505 4558 1911 4634 11101118,31

361 4677 573 4770 quod
606 4677 796 4750 talis
827 4676 973 4750 fiat
1037 4674 1115 4747 in
1159 4679 1553 4766 tempore,
1620 4674 1700 4744 et
1751 4690 1912 4742 non

360 4795 443 4868 in
515 4794 880 4875 instanti,
954 4791 1264 4863 nullum
1333 4793 1458 4862 est
1546 4788 1912 4860 inconve-

361 4912 594 4984 niens
632 4935 646 4979 :
712 4911 780 4984 si
824 4910 930 4983 sit
973 4930 1105 4981 res
1176 4925 1688 5000 permanens,
1737 4925 1912 4997 quae

360 5029 505 5100 fiat
550 5028 627 5100 in
673 5025 1012 5101 instanti
1044 5024 1220 5106 aevi,
1270 5024 1409 5095 illa
1467 5023 1557 5096 fit
1590 5022 1669 5093 in
1710 5042 1907 5102 aevo,

362 5145 578 5236 quia,
651 5143 1086 5216 secundum
1162 5159 1674 5213 communem
1744 5138 1914 5230 opi-

362 5261 729 5343 nionem,
793 5280 950 5332 non
1020 5257 1291 5332 differt
1363 5260 1750 5350 quantum
1820 5255 1914 5326 ad

364 5395 564 5459 rom,
602 5377 919 5451 instans
956 5375 1109 5447 aevi
1143 5374 1241 5445 ab
1280 5392 1478 5444 aevo.
1526 5370 1607 5444 Si
1650 5369 1791 5443 fiat
1835 5368 1912 5440 in

362 5493 700 5568 instanti
738 5490 1161 5584 temporis,
1198 5495 1391 5564 tunc
1426 5487 1569 5560 illa
1611 5508 1741 5560 res
1774 5489 1915 5559 aut

360 5611 955 5689 consideratur,
1002 5610 1090 5681 ut
1120 5609 1244 5680 est
1289 5623 1621 5677 manens
1654 5603 1733 5675 in
1768 5622 1914 5675 suo

3432 431 3543 495 671

2018 607 2174 663 esse,
2224 583 2391 655 sive
2461 585 2568 659 sit
2627 610 2762 655 esse
2814 588 2933 662 rei
3005 590 3566 675 substantiale,

2022 700 2193 772 sive
2259 699 2364 776 sit
2440 726 2574 771 esse
2640 705 2986 798 alicujus
3058 710 3571 785 actualitatis

2024 819 2453 901 manentis,
2499 826 2588 897 ut
2630 823 3017 897 albedinis
3061 852 3075 908 ;
3122 831 3200 899 et
3243 830 3335 901 de
3385 828 3570 903 istis

2021 934 2185 1007 dixi
2223 958 2470 1031 supra
2502 942 2546 1021 ·,
2587 943 2793 1031 quod
2819 947 2906 1015 ut
2938 949 3128 1017 sunt
3160 948 3572 1021 manentia

2023 1053 2297 1144 potius
2379 1064 2962 1132 mensurantur
3039 1081 3245 1144 aevO,
3330 1082 3569 1153 quam

2023 1174 2418 1262 tempore.
2492 1176 2593 1246 Et
2653 1174 3040 1247 similiter
3082 1177 3149 1249 si
3216 1179 3415 1253 fiant
3475 1183 3572 1253 si-

2026 1288 2216 1367 mul,
2266 1288 2434 1360 sive
2480 1289 2558 1360 in
2627 1289 2992 1373 instanti,
3040 1294 3313 1386 potius
3371 1296 3574 1370 fiunt

2025 1398 2102 1469 in
2150 1399 2488 1475 instanti
2531 1402 2706 1485 aevi,
2748 1425 2988 1496 quarn
3023 1410 3448 1501 temporis,
3495 1416 3575 1485 et

2024 1515 2217 1587 tunc
2285 1536 2444 1588 non
2516 1520 2887 1611 sequitur
2945 1522 3570 1598 inconveniens:

2026 1630 2214 1721 quia
2274 1631 2476 1707 idem
2519 1640 2642 1709 cst
2685 1634 2955 1711 facere
3032 1661 3204 1713 rem
3276 1643 3355 1714 in
3427 1643 3577 1715 1118-

2025 1750 2238 1822 tanti
2281 1752 2457 1832 aevi,
2506 1756 2585 1827 et
2633 1753 2712 1825 in
2753 1776 2950 1837 aevo,
3013 1761 3381 1849 quamvis
3427 1763 3578 1834 ins-

2023 1868 2209 1937 tans
2250 1868 2426 1950 aevi‚
2467 1875 2547 1943 et
2587 1891 2849 1943 aevum
2904 1874 3280 1949 differant
3327 1881 3572 1954 ratio-

2026 2002 2146 2064 ne,
2188 1989 2275 2057 111
2301 1984 2472 2077 jam
2503 1987 2931 2061 videbitur.

2111 2101 2227 2173 De
2270 2123 2358 2175 re
2401 2103 2658 2194 igitur
2691 2126 2863 2198 quae
2914 2126 3060 2200 per
3119 2131 3203 2182 83
3263 2130 3577 2185 111311811-

2029 2222 2265 2290 ratur
2315 2223 2711 2313 tempore,
2762 2225 3024 2315 qualis
3081 2231 3206 2300 est
3275 2235 3571 2310 motus,

2024 2353 2186 2407 non
2219 2334 2472 2410 habeo
2509 2359 2656 2431 pro
2693 2340 3331 2426 inconveniente,
3371 2347 3578 2439 quod

2027 2450 2232 2524 idem
2280 2454 2388 2528 sit
2432 2454 2692 2548 ipsam
2741 2457 3010 2532 facere
3064 2459 3143 2532 in
3204 2462 3570 2546 instanti,

2027 2568 2235 2656 quod
2293 2573 2418 2644 381
2484 2571 2788 2665 aliquid
2857 2577 3282 2670 temporis,
3355 2584 3434 2653 31
3497 2580 3577 2652 111

2025 2689 2421 2777 tempore,
2467 2687 2636 2761 sive
2678 2688 2757 2760 in
2800 2690 3137 2767 minimo
3180 2698 3573 2789 tempore.

2117 2801 2337 2883 Quod
2389 2807 2661 2877 autem
2694 2804 2769 2876 id
2803 2806 2910 2880 sit
2939 2828 3255 2891 verum,
3293 2816 3520 2903 patet
3556 2839 3569 2882 :

2021 2916 2199 2990 vult
2247 2917 2462 2989 enim
2519 2923 3160 2998 commentator.
3206 2927 3271 2998 6.
3333 2930 3572 3016 Physi-

2025 3053 2160 3099 cor.
2207 3055 2437 3100 comm.
2492 3036 2599 3103 32.
2659 3037 2868 3126 quod
2919 3057 3167 3129 agens
3245 3044 3574 3114 natura·

2025 3146 2096 3217 le
2151 3147 2304 3220 etsi
2373 3148 2991 3242 dispositionem
3063 3157 3572 3230 contrariam

2025 3266 2311 3338 forma}
2435 3267 3030 3345 introducendae
3124 3276 3578 3349 successive

2024 3385 2383 3477 abjiciat,
2436 3391 2752 3478 partem
2796 3395 3068 3463 tamon
3126 3392 3413 3466 formae
3470 3396 3576 3467 in-

2026 3503 2537 3576 troducendae
2601 3505 3227 3583 determinatam
3299 3511 3568 3592 simul,

2024 3623 2105 3692 et
2157 3619 2238 3691 in
2290 3619 2628 3693 instanti
2680 3622 3177 3699 introducit:
3232 3632 3310 3700 et
3355 3628 3571 3712 illud,

2025 3736 2103 3807 in
2142 3756 2297 3827 quo
2335 3735 2559 3808 illam
2596 3731 2914 3830 partem
2950 3741 3276 3826 inducit,
3329 3750 3574 3819 vocat

2026 3855 2338 3924 motum
2400 3853 2853 3938 minimum,
2927 3861 3008 3932 et
3075 3858 3415 3943 instanS,
3496 3866 3575 3936 et

2022 3972 2295 4042 tamen
2362 3974 2484 4042 381
2563 3991 2754 4064 pars
2830 3975 3229 4068 temporis
3317 3978 3572 4053 totius

2023 4087 2685 4162 introductionis
2728 4091 2947 4163 Unde
2978 4092 3123 4166 'ait
3184 4093 3299 4166 sic
3348 4118 3362 4162 :
3413 4099 3569 4164 Pri-

2024 4229 2201 4272 mum
2249 4219 2467 4273 autem
2508 4210 2584 4273 in
2609 4211 3057 4296 Uener-atione,
3111 4223 3173 4278 et
3202 4218 3571 4301 corruptio-

2022 4345 2105 4390 ne
2155 4336 2247 4390 est
2286 4326 2568 4392 ntinima
2601 4348 2786 4414 pam,
2834 4347 2977 4413 quoe
3011 4341 3221 4416 potest
3272 4332 3569 4399 inveniri

2024 4439 2104 4504 de
2133 4453 2467 4526 qeneratO,
2504 4443 2856 4508 minimum
2889 4447 3065 4510 enim
3105 4445 3186 4512 dc
3230 4449 3413 4514 omni
3459 4470 3574 4535 93-

2023 4570 2257 4623 nerato
2292 4570 2384 4625 est
2424 4560 2797 4626 terminatae
2831 4565 3258 4648 quantitatis.
3325 4564 3572 4638 Verbi

2025 4671 2322 4761 gratia,
2362 4672 2565 4763 quod
2609 4672 2947 4748 minima
2979 4696 3173 4768 pars
3208 4678 3419 4768 ignis
3451 4684 3574 4753 381

2027 4790 2494 4874 terminata,
2550 4792 2898 4876 scilicet,
2961 4797 3298 4871 minima
3353 4820 3571 4892 parS,

2027 4927 2203 4997 quae
2257 4910 2527 4999 potest
2577 4929 2754 4980 esse
2817 4910 3054 5001 ignis.
3117 4915 3571 5008 Utrumque

2025 5019 2220 5093 dicit
2291 5039 2541 5111 supra
2596 5024 2662 5091 8.
2737 5027 3086 5113 ΡΙιῃείεον.
3168 5051 3401 5099 comm.
3452 5034 3565 5103 23.

2026 5135 2296 5208 forma
2336 5138 2458 5208 est
2497 5138 2944 5212 terminata
2987 5145 3566 5234 magnitudine,

2025 5254 2104 5321 et
2157 5251 2565 5341 parvitate
2633 5253 2715 5324 in
2755 5275 3235 5350 unaquaque
3299 5282 3576 5337 rerum

2028 5368 2557 5440 naturalium.
2611 5371 2780 5443 Hoc
2823 5373 3037 5446 enim
3094 5378 3326 5450 modo
3369 5379 3583 5455 sicut

2029 5482 2110 5554 in
2165 5484 2589 5557 cavatione
2650 5486 2961 5579 lapidis,
3016 5493 3093 5562 et
3127 5496 3398 5567 tractu
3436 5516 3577 5569 na-

2025 5599 2177 5682 viS,
2219 5601 2310 5674 fit
2351 5600 2651 5693 aliquid
2684 5602 2926 5675 simul
2959 5603 3040 5676 in
3071 5607 3381 5684 virtute
3416 5612 3581 5703 plu-

3632 965 3819 1029 'quaeat
3845 962 3917 1012 19.

3636 1041 3779 1078 num.
3816 1025 3895 1075 22.

3729 2942 3787 2995 9.
