4252 6393
377 3752 395 3773 ’
424 3749 500 3798 al.
532 3749 672 3799 late-

386 3814 526 3861 ralis
555 3811 674 3873 (etsi

382 3878 465 3921 oei
502 3875 665 3922 inale.

395 3936 466 3984 ha
501 3943 547 3983 et
577 3950 678 3983 na-

434 3998 652 4054 taralis)

712 407 822 477 lfls
1872 410 2015 475 LlB.
2069 403 2139 478 ll.
2187 401 2734 477 METEORORUM

698 575 1051 665 jusmodi
1102 575 1666 648 exhalationes
1718 571 2129 664 generatio
2162 574 2243 645 in
2355 574 2568 647 teria
2621 594 2766 666 per
2809 573 3213 647 actionem
3276 570 3488 644 Solis
3550 569 3655 642 sit
3713 585 3890 641 con-

707 689 906 762 locis
939 690 1538 771 declivioribus,
1577 710 1775 781 quas
1818 709 2091 762 secum
2122 690 2244 760 de-

705 806 979 880 ferunt
1046 808 1266 880 venti
1329 807 1744 880 venientes
1805 808 1895 878 de
1956 805 2245 879 monti-

707 924 885 1018 bus,
934 926 1192 1007 Patet,
1239 924 1505 1016 primo
1543 944 1685 1016 per
1717 922 2249 997 Aristotelem

712 1039 791 1111 in
853 1040 1158 1122 littera,
1236 1041 1369 1131 qui
1441 1040 1669 1133 ponit
1729 1040 1951 1112 circa
2022 1058 2250 1111 mare

713 1157 891 1228 loca
934 1177 1318 1238 concava,
1364 1161 1445 1229 et
1478 1177 1807 1248 porosa,
1845 1177 2019 1248 quae
2064 1158 2252 1227 sunt

714 1278 908 1366 apta
965 1274 1060 1346 ad
1132 1273 1744 1362 generationem
1804 1270 2250 1343 exhalatio-

714 1391 866 1462 nis.
923 1391 1309 1472 secundm
1367 1392 1462 1462 ad
1511 1389 1662 1462 hoc
1698 1388 1894 1462 facit
1934 1387 2253 1459 humec-

717 1508 922 1579 tatio
960 1512 1205 1579 terrae
1240 1526 1286 1578 a
1318 1506 1615 1600 pluvia,
1654 1506 1842 1598 quia
1874 1509 2062 1579 tunc
2097 1507 2254 1577 ter-

720 1644 813 1695 ra
853 1627 977 1695 est
1020 1624 1281 1713 magis
1334 1621 1756 1716 disposita,
1804 1626 1885 1693 et
1927 1625 2119 1713 apta
2162 1619 2258 1690 ad

713 1740 1249 1813 elevationem
1284 1739 1642 1831 vaporis,
1689 1743 1768 1811 ct
1808 1735 2255 1810 exhalatio-

715 1877 934 1939 num,
999 1878 1172 1949 quae
1231 1857 1310 1928 in
1372 1856 1533 1929 illis
1590 1856 2252 1930 commiscentur.

714 1976 1015 2045 Verum
1058 1977 1180 2045 est
1225 1977 1499 2045 tamen
1533 1973 1741 2064 quod
1775 1972 1854 2043 in
1886 1970 2091 2043 locis
2136 1970 2256 2041 de-

714 2089 1190 2162 clivioribus
1241 2110 1399 2160 non
1448 2093 1766 2162 tantum
1812 2090 2258 2178 generatur

714 2208 805 2277 de
844 2207 1365 2280 exhalatione
1410 2210 1802 2298 quantum
1846 2205 1924 2277 in
1968 2203 2255 2276 monti-

720 2325 887 2397 bus.

818 2442 937 2511 Ex
1008 2439 1189 2512 istis
1262 2444 1530 2531 potest
1601 2439 1886 2511 inferri
1960 2438 2253 2532 primo,

722 2558 927 2649 quod
987 2578 1234 2628 causa
1290 2561 1560 2630 motus
1617 2562 2051 2630 ventorum
2098 2577 2260 2628 non

718 2678 843 2746 est
913 2673 1253 2766 praecise
1322 2669 1732 2763 frigiditas
1794 2672 2258 2767 propellens

716 2787 1324 2863 exhalationem
1348 2789 1752 2861 deorsum.
1786 2792 2044 2869 Patet,
2071 2788 2262 2881 quia

718 2904 1135 2980 exhalatio
1207 2906 1520 2978 inclusa
1591 2905 1804 2977 infra
1874 2909 2256 2985 montem,

723 3019 960 3094 habet
1002 3022 1311 3094 exitum
1354 3022 1435 3093 in
1468 3021 1727 3095 latere
1773 3021 2100 3102 montis,
2165 3041 2263 3091 ex

722 3159 878 3230 quo
949 3139 1172 3213 exitu
1250 3138 1603 3239 acquirit
1681 3139 2264 3231 quodammodo

720 3252 1115 3347 impetum
1214 3256 1308 3326 ad
1394 3255 1859 3329 lateraliter
1946 3274 2266 3327 moven-

718 3370 928 3454 dum,
1011 3376 1091 3445 et
1153 3378 1434 3464 postea
1490 3372 1901 3462 frigiditas
1952 3372 2265 3466 propel-

717 3487 838 3568 lit,
866 3508 964 3560 nc
996 3488 1299 3576 directe
1337 3488 1593 3582 possit
1626 3490 2061 3561 ascendere
2095 3509 2267 3559 sur-

705 3626 926 3687 sum,
984 3610 1064 3679 et
1116 3606 1231 3677 sic
1288 3611 1626 3698 possunt
1670 3627 1847 3677 esse
1879 3607 2050 3678 duze
2085 3626 2266 3677 cau-

726 3743 833 3792 sae
895 3721 1355 3812 hujusmodi
1412 3726 1681 3794 motus
1723 3726 1743 3745 ·
1828 3721 2263 3804 natm-alis,

726 3838 1041 3911 scilicet
1092 3838 1360 3910 exitus
1417 3838 1783 3910 lateralis
1827 3839 1918 3908 de
1963 3840 2264 3918 monte,

726 3960 807 4028 et
842 3953 1250 4043 frigiditas
1289 3952 1775 4044 propellens.

384 4061 701 4121 ⁹”‘“P⁰⁸¹‘²'‘
820 4071 1179 4145 Secundo
1239 4073 1458 4146 nota,
1517 4069 1721 4160 quod
1781 4088 1941 4139 non
2004 4072 2272 4160 potest

384 4136 554 4181 supra
597 4120 701 4169 hu-

423 4183 670 4244 jusmodi

405 4253 687 4293 ventorum

390 4314 591 4354 motum
620 4322 698 4353 es-

404 4385 459 4416 se
490 4368 695 4417 violen-

477 4439 606 4480 eum.

728 4190 924 4259 bene
969 4185 1340 4279 prfesciri
1377 4183 1554 4275 qualis
1596 4190 1886 4257 ventus
1931 4184 2153 4257 [labit
2190 4184 2271 4256 in

728 4305 1001 4396 aliqua
1039 4303 1393 4391 regione,
1432 4306 1511 4374 et
1546 4302 1697 4372 hoc
1737 4321 1879 4393 per
1904 4302 2270 4375 Astrolo-

734 4420 949 4511 giam
1005 4417 1547 4489 universalem
1604 4444 1617 4485 :
1676 4417 1838 4488 imo
1891 4416 1969 4488 in
2022 4419 2270 4509 quali-

733 4535 863 4605 bet
917 4532 1248 4622 regione
1292 4534 1619 4623 oportet
1664 4530 1959 4602 habere
2006 4532 2271 4603 obser-

732 4651 1053 4723 vantias
1144 4647 1536 4741 speciales
1615 4649 1709 4718 ad
1787 4646 1934 4720 hoc
2032 4669 2274 4740 pra‘s-

732 4768 1123 4840 ciendum.
1225 4768 1494 4845 Patet,
1582 4764 1769 4855 quia
1849 4786 1994 4857 per
2074 4766 2273 4838 talia

730 4882 1135 4975 principia
1195 4881 1696 4952 universalia
1746 4886 2011 4972 potest
2073 4882 2271 4954 sciri

729 4999 1042 5092 quando
1128 5003 1563 5069 ventorum
1646 4996 2018 5075 materia,
2096 5017 2271 5087 quse

727 5122 852 5189 est
924 5116 1002 5186 in
1064 5113 1503 5193 montibus,
1567 5118 1691 5185 est
1752 5117 2265 5205 consumpta,

724 5233 851 5304 vel
883 5232 1194 5324 quando
1228 5251 1409 5300 non.

815 5347 1093 5421 Tertio
1127 5351 1344 5426 nota,
1384 5366 1634 5436 quare
1671 5344 1774 5418 sit
1807 5345 2139 5434 gyratio
2175 5348 2268 5418 ad

724 5469 1088 5540 diversas
1154 5467 1427 5556 partes
1492 5461 1962 5534 Horizontis
2017 5462 2096 5534 in
2141 5484 2266 5553 ge-

727 5586 823 5658 n'e
838 5584 1154 5658 ratione
1178 5583 1636 5661 ventorum,
1678 5578 1865 5670 quia
1889 5600 2073 5651 cum
2101 5601 2262 5652 ma-

2360 696 2684 783 sumpta
2757 690 2834 762 in
2906 709 3066 761 una
3137 693 3396 782 parte,
3460 692 3540 761 et
3600 688 3678 759 in
3740 686 3900 758 alia

2361 812 2594 900 parte
2639 807 2745 880 sit
2781 806 3353 899 multiplicata,
3392 809 3583 878 tunc
3615 806 3900 876 ventus

2361 926 2631 996 cessat
2693 923 2771 995 in
2831 942 2989 994 una
3049 925 3306 1014 parte,
3364 926 3445 995 et
3503 919 3785 1013 incipit
3828 919 3904 992 in

2365 1040 2527 1112 alia.
2589 1066 2603 1109 :
2669 1044 2749 1113 et
2813 1040 2907 1111 ad
2966 1039 3118 1111 hoc
3186 1038 3535 1112 multum
3597 1037 3904 1110 faciunt

2365 1156 3035 1229 constellationes
3104 1155 3311 1234 coeli,
3396 1154 3606 1226 sicut
3680 1153 3903 1245 ponit

2367 1274 2859 1347 Aristoteles
2913 1274 2990 1345 in
3043 1278 3295 1346 textu.

2461 1392 2694 1464 Patet
2729 1390 2984 1477 igi-itur
3015 1409 3063 1460 a
3097 1389 3383 1481 quibus
3418 1387 3621 1461 locis
3667 1386 3908 1477 origi-

2368 1507 2670 1578 naliter
2710 1506 3044 1579 veniunt
3077 1505 3322 1579 venti.

2876 1826 3297 1883 ARTICULUS
3333 1825 3402 1882 ΙΙ.

2371 2005 2468 2069 Dc
2505 2024 2705 2069 causa
2735 2004 3215 2084 commotioni&
3251 2015 3312 2069 ee
3342 2005 3726 2071 cessationis
3755 2025 3914 2070 ven-

3025 2134 3264 2187 torum.

2483 2320 2888 2399 Quantum
2979 2316 3074 2387 ad
3161 2317 3630 2396 secundum,
3729 2313 3913 2386 dico
4011 2329 4178 2444 ‹2stoe

2374 2434 2579 2524 quod
2678 2453 2944 2505 causae
3027 2432 3608 2506 commotionis
3689 2428 3913 2505 venti
3947 2454 4213 2529 cqmmocioag

2373 2553 2559 2622 sunt
2600 2549 2797 2630 duae,
2856 2549 3166 2623 scilicet
3225 2570 3474 2622 causa
3527 2549 3916 2621 materia-
3943 2522 4205 2631 ’⁸⁸⁸.·'}f’⁸‘‚,2.⁰‘

2371 2668 2497 2748 lis,
2553 2670 2635 2739 et
2693 2669 2817 2739 est
2875 2667 3362 2741 abundantia
3404 2666 3921 2741 humiditatis
4211 2703 4212 2774 l

2373 2788 2454 2856 et
2501 2783 3037 2866 viscositatis,
3086 2790 3165 2858 et
3216 2789 3554 2878 propter
3612 2784 3763 2857 hoc
3812 2785 3924 2858 di·
4211 2781 4212 2792 ’

2376 2902 2487 2973 cit
2528 2900 3044 2981 Aristoteles,
3084 2903 3291 2993 quod
3324 2907 3552 2976 terra
3592 2902 3928 2996 depluta

2377 3015 2638 3105 magis
2695 3021 2820 3090 est
2887 3022 3081 3109 apta
3144 3019 3239 3088 ad
3306 3018 3926 3105 generationem

2374 3139 2834 3216 ventorum,
2873 3155 3114 3227 quam
3156 3139 3378 3207 terra
3409 3135 3639 3208 arida
3675 3162 3689 3206 2
3731 3135 3930 3229 quia

2377 3253 2565 3324 dato
2593 3254 2798 3344 quod
2824 3257 3011 3325 tunc
3043 3253 3241 3326 fiant
3276 3253 3509 3327 multi
3538 3274 3926 3346 vapores,

2383 3373 2724 3463 ‘propter
2774 3369 3363 3451 humiditatem,
3421 3375 3695 3444 tamen
3737 3390 3931 3443 cum

2383 3486 2544 3559 illis
2579 3486 3017 3581 vaporibus
3055 3488 3327 3580 plures
3359 3487 3933 3562 exhalationes

2380 3604 2829 3684 elevantur,
2869 3609 2947 3676 et
2992 3603 3375 3695 majoreS,
3439 3609 3735 3677 etcum
3771 3604 3932 3681 hoc

2383 3740 2731 3812 vapores
2788 3720 2903 3792 illi
2951 3720 3310 3793 faciliter
3355 3726 3542 3794 sunt
3582 3741 3934 3794 conver-

2384 3836 2650 3908 tibiles
2687 3836 2764 3907 in
2801 3837 3231 3908 materiam
3264 3838 3510 3918 venti,
3550 3841 3637 3910 ut
3663 3839 3938 3931 patuit

2388 3954 2465 4024 in
2511 3955 3013 4045 praecedente
3058 3955 3529 4045 quaestione.
3578 3958 3678 4027 Et
3721 3956 3939 4046 quod

2387 4071 2576 4143 talis
2620 4072 3108 4144 abundantia
3161 4073 3531 4147 materiae
3582 4072 3939 4149 humidae

2387 4185 2494 4259 sit
2537 4205 2787 4256 causa
2836 4185 3081 4266 venti,
3143 4191 3265 4259 est
3322 4186 3669 4277 signum,
3720 4193 3941 4283 quod

2390 4305 2698 4392 lignum
2759 4303 3175 4376 humidum
3229 4308 3694 4399 expositum
3759 4309 3940 4400 igni

2388 4420 2615 4513 prius
2683 4422 3018 4495 ess'umat
3098 4443 3337 4514 quam
3408 4423 3718 4515 lignum
3781 4427 3944 4500 sic-

2386 4559 2593 4609 cum.

2459 4655 2845 4733 Secundo,
2876 4675 3122 4725 causa
3146 4656 3721 4729 commotionis
3747 4680 3944 4732 ven-

2388 4770 2447 4843 ti
2483 4776 2604 4841 est
2637 4769 3010 4842 caliditas
3047 4772 3453 4843 sulliciens
3489 4774 3939 4850 materiam

2387 4882 2795 4954 humidam
2837 4885 3184 4964 elevare,
3239 4890 3319 4958 et
3377 4892 3716 4981 propter
3773 4888 3938 4963 hoc

2393 4998 2467 5069 in
2513 4998 2798 5088 hyeme
2854 5001 3223 5090 quamvis
3277 5002 3382 5075 sit
3433 5003 3943 5079 abundantia.

2388 5116 2780 5196 materiae,
2836 5120 3104 5189 tamen
3151 5118 3386 5208 pauci
3431 5120 3632 5192 fiunt
3672 5124 3936 5208 venti,

2389 5237 2728 5324 propter
2788 5233 3186 5305 defectum
3239 5235 3545 5307 caloris
3604 5237 3942 5312 elevan-

2387 5346 2491 5419 tis
2537 5374 2550 5417 ;
2606 5354 2684 5422 et
2731 5370 2874 5440 per
2935 5351 3426 5441 oppositum,
3478 5352 3554 5423 in
3604 5359 3934 5439 aestate,

2384 5465 2757 5555 quamvis
2811 5466 2918 5538 sit
2956 5465 3188 5537 calor
3237 5468 3590 5550 elevans,
3648 5475 3938 5545 tamen

2385 5582 2619 5674 pauci
2662 5584 2863 5655 fiunt
2895 5583 3116 5657 venti
3153 5588 3492 5678 propter
3520 5585 3937 5666 defectum
