4252 6393
1648 426 2009 505 QUAEs'rlo
2055 429 2217 491 xxn

344 602 461 659 vel
495 585 701 678 quod
738 606 1016 659 omnes
1050 588 1342 660 animae
1415 588 1576 661 sint
1629 608 1888 681 aequa-

348 704 453 775 les
490 703 568 776 in
607 704 1153 778 naturalibus.

430 823 788 895 Secundo
864 823 1097 895 modo
1168 822 1469 897 dicitur
1558 828 1898 914 quantitas

346 938 456 1010 rei
490 940 885 1022 extensio,
926 960 1167 1032 quam
1204 940 1440 1015 habet
1489 963 1585 1013 ex
1622 961 1897 1013 nume-

345 1075 433 1127 ro
472 1076 807 1128 suarum
846 1056 1233 1149 partium,
1283 1057 1453 1130 sive
1495 1058 1602 1131 sit
1639 1057 1898 1130 conti·

343 1193 611 1256 nuum,
686 1173 857 1245 sive
889 1173 1336 1248 discretum
1373 1200 1387 1257 ;
1429 1174 1596 1247 sive
1640 1174 1898 1248 conti-

343 1310 588 1361 nuum
670 1310 1181 1383 permanens
1257 1292 1425 1363 sive
1506 1291 1898 1365 successi-

343 1430 583 1480 vum:
631 1412 711 1482 et
760 1411 1200 1483 secundum
1264 1410 1510 1484 istum
1576 1412 1899 1483 modum

344 1526 806 1619 accipiendo
850 1528 1422 1620 quantitatem,
1480 1529 1744 1602 solum
1779 1528 1898 1601 in-

343 1643 672 1716 venitur
706 1644 921 1718 ratio
959 1666 1361 1717 mensurae
1406 1643 1486 1717 in
1532 1645 1896 1720 habenti-

342 1760 488 1831 bus
560 1761 1106 1851 quantitatem
1185 1762 1685 1845 continuam,
1770 1763 1895 1836 vel

340 1876 807 1961 discretam,
856 1876 1145 1968 quibus
1216 1878 1552 1971 proprie
1613 1900 1896 1953 conve-

342 1991 459 2065 nit
496 1992 989 2064 mensurari.
1039 1993 1168 2065 Sic
1215 1994 1631 2085 quantitas
1714 2014 1896 2087 pro-

345 2107 517 2201 prie
560 2109 967 2202 accipitur
1010 2130 1158 2201 pro
1195 2112 1653 2202 quantitate
1713 2133 1894 2184 con-

342 2225 595 2310 tinua,
633 2226 757 2298 vel
792 2226 1171 2311 discreta,
1217 2232 1294 2301 et
1331 2228 1531 2302 talia
1577 2228 1896 2301 variam

345 2342 642 2417 habent
738 2365 1231 2427 mensuram,
1318 2346 1531 2419 sicut
1599 2345 1894 2418 habent

346 2460 668 2533 variam
712 2461 1283 2554 quantitatem.
1350 2466 1448 2536 Et
1515 2463 1675 2537 isto
1732 2483 1895 2536 mo-

342 2581 436 2651 (10
518 2580 933 2671 quantitas
1008 2580 1395 2654 continua
1476 2584 1897 2654 mensurat

343 2698 510 2780 illa,
560 2718 736 2789 quae
796 2697 1089 2772 habent
1132 2699 1671 2790 quantitatem
1722 2719 1900 2773 con-

344 2814 686 2888 tinua-m.
727 2815 1155 2899 Quantitas
1188 2817 1568 2900 discreta,
1610 2822 1694 2892 ut
1755 2838 1899 2888 nu-

346 2956 626 3006 merus
688 2936 1109 3007 mensurat
1155 2935 1316 3019 illa,
1389 2955 1563 3027 quae
1598 2934 1897 3008 habent

341 3051 888 3144 quantitatem
974 3051 1439 3136 discretam,
1493 3056 1571 3125 et
1648 3052 1898 3126 etiam

346 3166 511 3251 illa,
562 3187 739 3260 quae
771 3166 1064 3241 liabent
1111 3167 1653 3261 quantitatem
1716 3188 1897 3241 con-

344 3285 690 3357 tinuam.
782 3287 992 3357 Nam
1054 3285 1472 3359 distinctio
1535 3286 1896 3377 partium

347 3398 567 3472 sacta
602 3418 748 3491 per
781 3397 1479 3488 imaginationem,
1512 3398 1636 3470 vel
1678 3397 1899 3472 intel-

345 3516 679 3597 lectum,
726 3514 936 3588 cadit
972 3515 1051 3586 in
1104 3516 1556 3597 continuis;
1625 3518 1713 3589 ut
1753 3515 1898 3606 lig·

347 3654 543 3705 num
631 3631 1110 3706 continuum
1194 3654 1334 3705 sex
1405 3632 1894 3725 palmorum,

348 3749 603 3823 etiam
649 3752 1176 3822 mensuratur
1219 3770 1601 3822 mensura
1648 3750 1899 3825 conti·

347 3886 533 3950 nua,
571 3870 854 3959 utpote
889 3885 1060 3948 sua,
1098 3886 1241 3958 per
1286 3886 1526 3958 quam
1559 3867 1900 3940 dicimus

349 3984 560 4076 quod
592 3987 823 4057 tanto
867 3982 1190 4074 longius
1224 3986 1390 4065 est;
1430 3985 1507 4054 et
1543 3983 1624 4055 in
1659 4004 1899 4076 quan·

348 4104 524 4174 tum
567 4098 1071 4191 imaginatur
1112 4099 1192 4172 in
1236 4103 1361 4184 tot
1404 4100 1744 4192 palmos,
1782 4106 1911 4175 ut-.

347 4219 539 4308 pote
581 4236 747 4299 sex,
782 4219 1309 4288 mensuratur
1343 4236 1723 4289 mensura
1756 4217 1902 4291 dis-

346 4340 603 4416 creta,
677 4339 962 4427 utpote
1032 4335 1423 4408 senaria:
1479 4339 1556 4408 et
1632 4340 1899 4410 motus

342 4449 687 4522 diurnus
733 4449 814 4522 in
857 4454 1246 4542 quantum
1283 4451 1717 4524 continuus
1777 4453 1900 4526 dic

348 4570 904 4648 mensuratur,
970 4573 1057 4641 ut
1112 4573 1384 4641 autem
1449 4568 1902 4659 imaginan-

346 4684 640 4756 turibi
697 4683 1135 4757 divisiones
1199 4704 1343 4777 per
1409 4685 1904 4778 vigintiqua-

346 4802 548 4873 tuor
583 4804 883 4892 parteS,
920 4802 1045 4874 vel
1079 4801 1736 4893 vigintiquatuor
1769 4802 1902 4875 110-

352 4936 519 5000 ras,
594 4923 1120 4992 mensuratur
1188 4937 1529 4991 numero
1580 4918 1904 5010 viginti-

353 5036 738 5126 quatuor.

446 5152 550 5224 Et
600 5149 790 5244 quia
825 5170 1205 5223 mensura
1253 5150 1445 5226 dicit
1489 5153 1906 5227 continua-

352 5267 666 5340 tionem
734 5266 965 5339 nobis
1043 5270 1324 5341 notam
1402 5273 1482 5344 et
1559 5275 1900 5355 certam,

358 5405 507 5479 per
599 5406 841 5479 quam
911 5386 1296 5460 habemus
1365 5390 1750 5464 notitiam
1810 5391 1902 5463 de

356 5505 817 5596 quantitate
894 5502 1013 5579 rei
1101 5511 1636 5591 mensuratae3
1734 5508 1904 5582 ideo

351 5641 544 5693 cum
605 5621 820 5694 ratio
902 5621 1388 5714 quantitatis
1452 5623 1556 5697 sit
1627 5626 1907 5700 notior

546 5757 811 5810 Tom.1V.

3448 432 3566 496 689

2013 594 2093 665 et
2154 592 2465 665 certior
2545 590 2623 663 in
2681 590 3082 673 discretis,
3157 611 3398 683 quam
3483 592 3564 663 in

2014 709 2466 791 continuis;
2570 711 2909 802 propter
3007 709 3416 783 rationem
3484 711 3562 781 et

2014 826 2585 899 certitudinem
2659 827 3056 920 majorem
3119 846 3360 918 quam
3431 824 3568 896 ha-

2016 943 2147 1017 bet
2189 944 2488 1025 unitas,
2547 965 2721 1036 quae
2763 949 2888 1018 est
2935 965 3123 1037 pars
3183 944 3562 1024 discreta,

2016 1081 2261 1151 quam
2299 1081 2491 1153 pars
2537 1061 2925 1135 continua
2970 1064 3048 1133 et
3108 1060 3563 1142 divisibilis,

2018 1198 2192 1269 quae
2236 1182 2357 1249 est
2397 1198 2586 1270 pars
2646 1179 3062 1262 continua,
3111 1178 3283 1250 ideo
3348 1176 3563 1248 ratio

2018 1316 2295 1368 mensu
2312 1316 2419 1367 rae
2457 1296 3027 1389 principaliter
3067 1294 3458 1368 fundatur
3483 1292 3563 1365 in

2017 1412 2480 1503 quantitate
2539 1412 2919 1493 discreta,
2958 1417 3038 1486 et
3080 1412 3179 1483 ab
3221 1411 3361 1483 illa
3401 1413 3566 1482 des-

2017 1531 2275 1602 cendit
2321 1529 2400 1602 in
2461 1529 3002 1621 quantitatem
3065 1528 3562 1601 continuam.

2108 1650 2208 1720 Et
2251 1647 2400 1718 hoc
2434 1646 2940 1740 experimur3
2981 1646 3170 1738 quia
3199 1645 3565 1717 volentes

2018 1764 2233 1836 scire
2296 1764 2840 1855 quantitatem
2925 1766 3238 1835 certam
3314 1762 3568 1835 conti-

2016 1903 2287 1965 nuam,
2326 1883 2450 1954 vel
2476 1880 2864 1963 continui,
2898 1880 3354 1952 reducimus
3385 1899 3564 1951 eam

2017 2002 2111 2073 ad
2209 1999 2750 2091 quantitatem
2827 1997 3292 2079 discretam,
3362 1993 3564 2067 unde

2019 2134 2590 2187 mensuramus
2631 2113 2723 2184 de
2770 2112 2991 2203 ligno
3065 2112 3260 2201 quot
3328 2108 3569 2184 habet

2016 2234 2253 2323 pedes
2299 2261 2311 2303 :
2380 2232 2544 2304 imo
2598 2230 2797 2311 ide0,
2845 2227 3049 2321 quod
3082 2229 3206 2300 est
3252 2246 3570 2298 mensu-

2017 2370 2113 2423 ra
2165 2349 2244 2420 in
2285 2346 2723 2429 continuis,
2797 2350 2920 2419 est
3004 2348 3568 2426 mensuratum

2019 2467 2099 2539 in
2141 2465 2540 2547 discretis,
2580 2466 2648 2537 si
2682 2468 3214 2556 comparetur
3281 2463 3376 2535 ad
3414 2460 3573 2533 dis-

2020 2587 2275 2656 creta.
2303 2582 2521 2653 Unde
2559 2580 3102 2674 quantitatem
3137 2578 3373 2658 ulnae,
3397 2597 3572 2669 quae

2019 2703 2142 2773 est
2170 2718 2550 2772 mensura
2575 2696 2960 2779 continui,
2998 2695 3456 2769 reducimus
3482 2694 3577 2766 ad

2022 2818 2368 2909 palmos,
2415 2818 2492 2887 et
2544 2815 2912 2895 dicimus,
2964 2812 3171 2905 quod
3202 2812 3393 2884 ulna
3441 2809 3574 2881 ha—

2019 2932 2153 3007 bet
2187 2937 2311 3007 tot
2347 2933 2685 3025 palmos.
2717 2934 3070 3023 Propter
3095 2926 3571 3021 quodetiam

2020 3052 2326 3123 dictum
2394 3053 2518 3122 est
2572 3068 2848 3141 supra,
2886 3050 2906 3073 *
2977 3046 3184 3137 quod
3251 3048 3616 3135 tempus·
3674 3075 3884 3127 ame-

2020 3189 2181 3242 non
2216 3167 2450 3239 habet
2496 3166 2904 3238 rationem
2950 3182 3351 3236 mensurae
3395 3126 3760 3253 pro—355⁸&
3789 3140 3896 3253 '⁵¹0'q.

2022 3287 2224 3380 priae
2267 3288 2347 3358 et
2392 3283 2799 3377 perfectae,
2840 3281 3316 3373 inquantum
3363 3296 3573 3349 men—

2022 3407 2256 3476 surat
2302 3403 2565 3495 ipsum
2603 3401 2748 3472 sub
2782 3396 3105 3472 ratione
3148 3393 3457 3488 prioris
3491 3397 3569 3467 et

2022 3519 2540 3613 posterioris,
2591 3537 2765 3610 quae
2817 3516 3095 3589 dicunt
3154 3510 3575 3585 discretio-

2021 3657 2204 3709 nem
2247 3639 2325 3709 et
2404 3653 2884 3707 numerum:
2960 3634 3304 3724 propter
3373 3629 3576 3722 quod

2018 3751 2210 3833 dixi,
2251 3749 2458 3842 quod
2491 3754 2812 3841 tempus
2848 3747 3106 3838 quoad
3160 3764 3396 3817 suum
3438 3767 3575 3812 esse

2022 3867 2543 3950 formale,est
2578 3865 2994 3958 quantitas
3027 3861 3576 3936 discreta.Un-
3628 3949 3644 3966 ·

2019 3987 2111 4059 de
2142 3985 2335 4059 dicit
2377 3984 2868 4058 Aristoteles
2899 3986 2920 4007 *
2954 3980 3159 4073 quod
3201 3994 3450 4069 tempus
3488 3989 3581 4048 ese
3605 3998 3620 4015 ·
3651 3996 3699 4043 ⁴.
3726 3989 3880 4059 Phys.

2020 4127 2338 4172 numerus
2370 4114 2581 4171 molus
2629 4101 2991 4169 secundum
3052 4100 3267 4189 prin-3,
3333 4107 3392 4165 et
3428 4063 3890 4185 pos-{5³1¹Joem'

2024 4224 2254 4292 terius,

2114 4341 2214 4411 Et
2285 4337 2719 4410 secundum
2795 4334 3005 4415 illos,
3082 4331 3216 4424 qui
3301 4329 3574 4404 dicunt
3732 4330 3786 4380 ⁴·

2027 4455 2231 4546 quod
2292 4457 2612 4544 tempus
2663 4455 2741 4525 ct
2804 4452 3072 4523 motus
3129 4450 3316 4522 sunt
3367 4446 3574 4520 idem

2029 4588 2114 4640 re
2151 4572 2227 4641 et
2273 4567 2845 4649 materialiter,
2887 4570 3205 4657 tempus
3256 4568 3381 4639 est
3439 4584 3576 4636 nu·

2028 4707 2304 4759 merus
2374 4687 2852 4757 numeratus
2908 4686 2989 4757 et
3073 4702 3235 4755 non
3301 4701 3579 4754 nume·-

2028 4825 2169 4875 rus
2259 4801 2772 4894 simpliciter.
2869 4800 3095 4873 Sicut
3125 4785 3142 4795 ’
3189 4799 3405 4871 enim
3473 4797 3580 4870 di·

2027 4922 2288 4994 cimus
2332 4919 2537 5012 quod
2585 4919 2737 4990 duo
2807 4936 3048 4988 canes
3117 4919 3241 4989 est
3309 4935 3584 4989 nume-

2028 5060 2172 5111 rus
2239 5037 2744 5116 numeratus,
2790 5035 2866 5105 et
2934 5035 3066 5102 duo
3138 5038 3262 5109 est
3312 5055 3582 5108 nume—

2031 5177 2173 5229 rus
2287 5171 2751 5232 numerans,
2829 5149 2946 5221 ita
3022 5153 3100 5223 et
3189 5171 3582 5225 numerus

2030 5275 2340 5368 prioris
2375 5277 2455 5346 et
2511 5267 3001 5363 posterioris
3039 5267 3118 5339 in
3152 5271 3404 5351 motu,
3461 5273 3586 5342 est

2029 5412 2422 5465 numer-us
2463 5405 2931 5467 numera-ns,
2974 5384 3180 5476 quod
3227 5388 3353 5458 est
3388 5389 3584 5459 tem-

2032 5530 2180 5602 pus
2220 5537 2232 5579 :
2272 5513 2352 5582 et
2409 5503 2842 5579 secundum
2911 5502 3063 5576 hoc
3124 5501 3318 5575 illud
3378 5502 3586 5595 quod

2030 5631 2156 5700 est
2193 5622 2622 5698 materiale
2656 5619 2735 5691 in
2789 5623 3159 5712 tempore
3193 5620 3586 5695 fundatur

3335 5761 3395 5809 ⁴4
