4252 6393
262 1753 331 1802 32.

182 1817 382 1879 objectio
404 1816 451 1869 2.

1818 402 2184 484 QUAES'rlo
2226 406 2365 470 XXI

485 565 698 639 catio
732 568 828 639 ad
874 566 1139 641 locum
1189 572 1314 642 est
1358 568 1717 659 quaedam
1762 569 2022 649 actio;

485 701 712 754 mora
744 683 871 755 vel
944 684 1534 776 permanentia,
1601 683 1676 756 in
1719 687 2022 770 eodem,

480 804 601 874 est
641 801 867 893 quies
913 827 927 871 ε
982 801 1154 874 ideo
1196 802 1639 895 applicatio
1686 804 1841 877 ista
1885 806 2028 877 sub

482 916 802 989 ratione
836 917 1444 1010 applicationis,
1490 920 1579 993 fit
1612 920 1694 991 in
1728 920 2027 992 instan-

479 1033 538 1106 ti
592 1036 1110 1117 transeunte3
1160 1034 1384 1127 quies
1428 1040 1701 1108 autem
1757 1034 1832 1105 in
1888 1035 2027 1107 illo

483 1147 656 1221 loeo
708 1170 867 1221 non
910 1149 1147 1222 habet
1202 1171 1671 1223 mensuram
1727 1172 1870 1244 per
1913 1171 2018 1231 se,

482 1265 611 1336 sed
643 1265 732 1339 fit
765 1286 910 1359 per
940 1267 1310 1340 accidens
1354 1267 1433 1339 in
1470 1266 1805 1342 instanti
1858 1288 2026 1360 per-

482 1388 885 1466 manente,
961 1405 1117 1476 quo
1198 1390 1725 1459 mensuratur
1795 1404 2026 1457 mora

483 1500 1083 1585 intellectionis‚
1151 1523 1325 1594 quae
1381 1504 1763 1578 coexistit
1809 1499 2025 1595 parti

486 1618 747 1691 nostri
781 1619 1207 1711 temporis.

467 1788 477 1797 -
581 1735 663 1809 Si
731 1734 1171 1829 objiciatur
1247 1741 1534 1812 contra
1612 1738 2021 1830 praedicta,

485 1852 683 1939 quod
746 1851 963 1924 inter
1018 1852 1173 1924 duo
1234 1853 1755 1926 indivisibilia
1814 1854 2025 1927 cadit

485 1969 957 2042 continuum
1005 1970 1375 2053 medium,
1445 1976 1530 2045 ut
1592 1973 1806 2045 inter
1872 1973 2023 2044 (luo

485 2093 806 2179 puncta,
846 2088 1088 2171 linea;
1144 2089 1359 2164 inter
1405 2092 1557 2162 duo
1603 2092 2019 2173 instantia,

482 2206 914 2279 secundum
984 2207 1548 2290 Aristotelem,
1622 2212 1942 2302 tempus
2005 2236 2017 2277 :

478 2342 675 2413 ergo
710 2322 927 2397 inter
973 2324 1125 2397 duo
1177 2324 1593 2408 instantia,
1651 2326 1819 2398 sive
1863 2327 2025 2400 sint

483 2440 1069 2530 permanentia,
1125 2462 1222 2514 ox
1276 2441 1562 2532 quibus
1616 2444 2026 2536 componi-

477 2558 618 2627 tur
656 2560 976 2651 tempus
1010 2559 1480 2641 discretum,
1519 2581 1675 2652 quo
1714 2582 2029 2633 mensu-

482 2675 772 2745 rantur
805 2673 1429 2756 intellectiones,
1470 2674 1637 2747 sivo
1669 2677 1831 2749 sint
1868 2697 2024 2748 non

482 2791 1065 2881 permanentia,
1121 2813 1217 2863 ex
1271 2791 1555 2882 quibus
1618 2794 2026 2884 componi-

481 2911 616 2979 tur
658 2911 976 3002 tempus
1017 2908 1461 2983 discretum
1513 2930 1668 2999 quo
1716 2930 2026 2981 monsu-

485 3028 777 3097 rantur
805 3025 1268 3098 exteriores
1306 3025 1592 3115 Angeli
1635 3026 2022 3109 actiones,

480 3140 693 3216 cadit
735 3142 1211 3216 continuum
1251 3143 1621 3215 medium.

564 3258 863 3333 Dicunt
895 3261 1103 3352 quod
1135 3280 1292 3331 non
1327 3265 1450 3332 est
1486 3260 1750 3331 simile
1786 3288 1798 3331 :
1841 3260 2028 3352 quia

482 3375 670 3449 illud
731 3377 937 3469 quod
990 3378 1071 3450 in
1113 3381 1335 3449 motu
1382 3377 1769 3449 continuo
1817 3399 2027 3449 men-

480 3495 819 3564 suratur
851 3493 949 3563 ab
985 3493 1479 3572 indivisibili,
1509 3514 1664 3564 non
1698 3497 1846 3574 est,
1885 3514 2027 3565 nec

479 3629 655 3680 esse
688 3612 957 3702 potest
995 3630 1327 3682 manens
1373 3611 1451 3682 in
1497 3631 1603 3690 se,
1659 3611 1790 3680 sed
1826 3630 2028 3681 sem-

478 3743 622 3815 per
670 3728 793 3798 est
845 3725 1100 3798 fluens
1153 3726 1235 3798 in
1275 3725 1514 3807 aliud,
1563 3729 1649 3797 ut
1698 3730 1821 3797 est
1866 3728 2023 3818 pri-

481 3861 610 3913 ma
674 3844 1019 3916 mutatio
1078 3843 1157 3914 in
1222 3846 1472 3924 motu,
1537 3843 1660 3912 vel
1724 3843 2024 3934 aliquid

478 3958 664 4039 tale,
704 3960 909 4050 quod
948 3958 1342 4032 terminat
1393 3961 1728 4040 motum,
1768 3961 1845 4030 et
1890 3960 2027 4029 flu-

473 4094 664 4146 xum
701 4103 713 4144 z
756 4079 946 4149 tunc
979 4076 1193 4147 enim
1231 4076 1437 4167 quod
1475 4074 1812 4147 instanti
1848 4095 2025 4146 nos-

475 4189 586 4262 tri
646 4188 1045 4282 temporis
1108 4193 1660 4269 mensuratur,
1716 4188 1839 4260 vel
1902 4192 2026 4262 est

474 4305 659 4388 tale,
705 4326 751 4376 a
795 4327 950 4398 quo
992 4305 1083 4378 de
1132 4305 1452 4379 ratione
1505 4325 1652 4376 sua.
1687 4306 1888 4386 ssuit,
1938 4311 2024 4380 ut

476 4423 741 4514 prima
777 4423 1122 4496 mutatio
1159 4426 1467 4502 motus;
1514 4422 1637 4494 vel
1675 4427 1797 4496 est
1830 4424 2019 4505 tale,

477 4541 680 4631 quod
736 4541 828 4612 de
871 4540 1189 4612 ratione
1246 4561 1390 4612 sua
1446 4544 1569 4612 est
1620 4541 2022 4614 terminus

479 4662 779 4740 motuS,
853 4661 940 4730 ut
1007 4657 1295 4731 ultima
1376 4655 1747 4730 mutatio.
1822 4658 2024 4739 Quia

477 4773 730 4864 igitur
764 4773 1023 4847 fluxus
1057 4773 1248 4848 dicit
1292 4773 1475 4864 quid
1518 4773 2017 4855 continuum,

475 4887 642 4962 ideo
684 4890 839 4961 (luo
875 4890 1270 4964 instantia
1321 4889 1724 4981 temporis
1759 4889 2021 4962 nostri

475 5011 657 5080 actu
704 5006 1053 5098 signata,
1095 5028 1268 5098 quae
1303 5026 1464 5078 non
1508 5010 1850 5097 possunt
1900 5025 2023 5078 ac-

477 5127 558 5196 tu
621 5122 960 5214 signari,
1026 5123 1182 5194 nisi
1250 5123 1328 5193 in
1389 5121 1823 5214 principiO,
1896 5123 2020 5194 vel

475 5243 626 5312 line
684 5241 1111 5333 temporiS‚
1185 5240 1601 5312 includunt
1674 5239 2019 5311 medium

478 5359 987 5440 continuum,
1072 5356 1276 5448 quod
1349 5355 1850 5428 terminatur
1926 5357 2019 5426 ad

479 5473 1021 5549 indivisibilia.
1078 5476 1169 5544 In
1211 5472 1844 5564 cogitationibus
1888 5492 2019 5544 au-

478 5593 662 5677 tem,
737 5591 907 5666 sivo
977 5588 1663 5665 intellectionibus
1734 5588 2021 5682 Angeli

3551 413 3669 476 685

2148 571 2708 640 mensuratum
2751 570 2849 641 ab
2901 570 3076 662 ipso
3142 570 3505 655 instanti,
3563 575 3687 645 est

2146 703 2475 758 manens
2537 687 2614 758 in
2672 708 2778 769 se,
2837 707 2981 760 noo
3033 689 3122 759 de
3167 688 3489 762 ratione
3543 709 3688 763 sua
3785 770 3786 773 Ἴ

2145 802 2327 893 quid
2378 805 2553 877 ssuit
2607 806 2704 877 ab
2743 825 2863 887 eo,
2921 826 3065 879 nec
3117 811 3241 879 ost
3282 807 3686 879 terminus

2142 921 2490 1013 alicujus
2551 922 2897 995 influxus
2959 950 2973 992 z
3043 925 3414 1015 quamvis
3473 925 3687 998 onim

2142 1059 2298 1108 una
2366 1039 2788 1130 cogitatio3
2851 1040 2979 1112 vel
3041 1040 3513 1124 intellectio,
3578 1042 3686 1115 sit

2143 1156 2324 1242 post
2359 1153 2628 1234 aliam,
2667 1159 3132 1227 nontamen
3168 1176 3327 1229 una
3371 1157 3544 1228 fluit
3588 1157 3687 1229 ab

2143 1269 2327 1351 alia,
2370 1269 2578 1341 sicut
2614 1290 2659 1341 a
2693 1291 2839 1342 suo
2879 1270 3306 1363 principiO,
3348 1293 3494 1346 nec
3530 1292 3684 1343 una

2141 1392 2266 1459 est
2337 1387 2738 1460 terminus
2856 1388 3225 1471 alteriuS,
3345 1394 3688 1482 propter

2143 1501 2350 1593 quod
2402 1502 2618 1573 nulla
2666 1503 3164 1577 continuitas
3215 1505 3428 1578 cadit
3473 1504 3689 1581 inter

2142 1620 2353 1692 illas.

2232 1738 2312 1809 Si
2364 1738 2607 1818 dicas,
2668 1737 2871 1830 quod
2922 1739 3212 1813 saltem
3261 1740 3475 1812 istud
3527 1760 3686 1811 non
3828 1779 3906 1830 33,

2142 1855 2387 1929 solvit
2463 1857 2552 1927 (lc
2633 1854 3150 1937 instantibus,
3232 1879 3331 1928 ex
3402 1857 3684 1949 quibus
3717 1843 4010 1908 ΟΜΝΗ·

2140 1973 2661 2065 componitur
2771 1976 3091 2065 tempus
3213 1974 3681 2056 discretum,

2141 2109 2296 2179 quo
2360 2090 2888 2160 mensuratur
2940 2089 3348 2161 successio
3412 2110 3688 2181 opera-

2142 2207 2455 2279 tionum
2518 2205 3051 2289 exteriorum,
3122 2206 3309 2298 quia
3351 2207 3491 2278 illa
3535 2207 3691 2278 ins-

2139 2322 2398 2395 tantia
2435 2344 2594 2393 non
2631 2327 2817 2396 sunt
2854 2323 3440 2415 permanentia,
3480 2322 3689 2396 sicut

2141 2460 2284 2511 nec
2330 2439 2723 2513 instantia
2768 2439 3164 2531 temporis
3215 2440 3506 2512 nostri.

2229 2556 2428 2629 Dico
2483 2557 2688 2648 quod
2740 2557 2984 2629 solvit
3028 2584 3041 2626 ε
3091 2557 3280 2648 quia
3321 2557 3529 2649 quod
3574 2556 3689 2628 in·
3757 2593 3979 2645 Somno,

2143 2679 2270 2747 ter
2327 2673 2479 2744 duo
2542 2673 2934 2747 instantia
2984 2674 3382 2766 temporis
3423 2673 3689 2745 nostri

2143 2791 2374 2864 cadat
2407 2790 2885 2864 continuum
2939 2790 3310 2871 medium,
3356 2811 3518 2862 non
3567 2793 3692 2863 est

2143 2910 2320 2980 tota
2362 2928 2631 2987 causa,
2681 2907 2868 2997 quia
2910 2927 3072 2979 non
3125 2910 3309 2979 sunt
3372 2927 3692 2999 porma-

2140 3023 2440 3101 nentia,
2501 3022 2633 3094 sed
2709 3023 2956 3096 etiam
3024 3024 3210 3114 quia
3273 3044 3692 3095 mensura-

2140 3141 2302 3211 tur.
2351 3140 2450 3210 Et
2487 3136 2680 3209 illud
2716 3136 3053 3216 instans,
3090 3138 3213 3208 vel
3247 3138 3338 3209 de
3375 3138 3691 3210 ratione

2141 3275 2280 3324 sua
2319 3259 2442 3327 est
2478 3252 2968 3346 principium
3006 3254 3266 3325 fluxus
3311 3254 3682 3348 alicujus,

2136 3370 2265 3443 vel
2343 3371 2524 3441 sinis
2598 3368 2851 3462 ipsius
2920 3370 3212 3451 fluxus,
3288 3374 3428 3444 aut
3493 3371 3688 3444 dicit

2139 3488 2614 3560 continuum
2661 3486 3008 3559 medium
3052 3514 3064 3555 ε
3116 3487 3513 3562 instantia.
3556 3508 3687 3561 au-

2141 3611 2305 3681 tem
2355 3625 2515 3677 non
2581 3602 3144 3696 permanentia
3205 3603 3424 3675 illius
3495 3606 3687 3677 tem·

2142 3720 2365 3815 poris
2434 3720 2804 3800 discreti,
2881 3720 2994 3791 sic
3066 3723 3251 3792 sunt
3322 3719 3538 3793 inter
3605 3741 3690 3792 se

2138 3838 2515 3918 discreta,
2581 3837 2786 3928 quod
2843 3836 3153 3907 nullum
3215 3840 3339 3909 est
3398 3836 3692 3929 princi-

2141 3955 2389 4048 pium,
2428 3954 2551 4026 vel
2585 3953 2766 4024 finis
2808 3953 3154 4047 alicujus
3187 3954 3476 4037 fluxus,
3515 3955 3687 4026 ideo

2140 4073 2454 4145 nullum
2484 4071 2696 4144 cadit
2732 4071 3075 4143 medium
3123 4071 3339 4144 inter
3382 4072 3546 4144 illa.

2230 4190 2310 4262 si
2354 4188 2608 4261 adhuc
2656 4188 3118 4280 objiciatur,
3177 4189 3380 4280 quod
3432 4190 4019 4279 Ange-ommim.

2141 4305 2264 4376 lus
2303 4307 2571 4396 potest
2603 4293 3020 4376 continere
3052 4323 3295 4374 unam
3339 4303 3694 4376 intellec-

2139 4422 2444 4496 tionem
2480 4424 2655 4494 toto
2699 4426 3093 4512 tempore,
3136 4441 3290 4511 quo
3336 4420 3485 4493 sibi
3521 4442 3689 4493 suc-

2140 4540 2451 4620 cedunt,
2494 4538 2613 4609 vel
2653 4540 2993 4630 possunt
3027 4539 3457 4610 succedere
3488 4539 3685 4618 duae,

2137 4657 2260 4727 vel
2311 4656 2584 4748 plures
2622 4655 3239 4737 intellectionOS,
3294 4656 3499 4747 quod
3531 4676 3690 4728 non

2136 4773 2457 4846 videtur
2492 4772 2899 4864 possibile,
2938 4771 3094 4843 nisi
3130 4773 3475 4844 medium
3508 4793 3691 4847 con-

2138 4889 2455 4963 tinuum
2535 4889 3077 4981 interceptum
3166 4893 3382 4962 essct
3472 4889 3686 4963 inter

2135 5007 2411 5098 plures
2482 5005 3101 5078 intellectiones.

2225 5123 2817 5215 Respondetur‚
2891 5122 3094 5213 quod
3137 5119 3512 5213 quaelibet
3570 5121 3686 5192 in-
3745 5141 3983 5191 Salano.

2133 5239 2493 5313 tellectio
2563 5239 2848 5331 Angeli
2893 5243 3016 5311 est
3084 5242 3260 5311 tota
3320 5238 3563 5311 simul
3605 5240 3685 5310 in

2137 5356 2489 5449 simplici
2531 5356 2962 5429 duratione
2999 5358 3250 5428 stans.
3288 5354 3507 5426 Unde
3569 5378 3682 5428 se-

2134 5475 2477 5546 cundum
2568 5473 2778 5555 illos,
2852 5472 2986 5564 qui
3070 5476 3402 5564 ponunt,
3477 5475 3683 5564 quod

2133 5610 2394 5662 aevum
2428 5594 2551 5664 est
2595 5610 2979 5663 mensura
3023 5589 3393 5682 simplex,
3433 5610 3681 5683 quan-
