4252 6393
1532 454 1893 532 QUAEsrio
1945 456 2071 519 vui

3326 461 3436 522 371

298 635 461 697 nem,
485 615 930 710 subJectum
957 619 1229 689 autem
1253 614 1606 690 aetionis
1631 635 1791 689 non
1906 618 2340 703 infinitum,
2378 625 2458 694 et
2501 621 2615 694 sic
2673 622 3270 695 terminandum
3325 626 3451 695 est

301 732 538 806 sitnisi
579 735 1153 827 compositum,
1223 734 1436 827 quia,
1484 739 1572 809 ut
1605 734 1791 807 dici·

1906 735 1987 808 in
2054 736 2353 829 aliqua,
2429 759 2604 830 quae
2681 742 2936 812 estre
2999 738 3204 811 idem
3264 759 3449 812 cum

299 849 1084 942 tur1.Physicorum,
1120 865 1280 922 text.
1325 853 1436 926 80.
1481 854 1791 942 subjecta
1902 873 1996 925 co
2043 880 2057 923 :
2122 875 2280 926 non
2322 855 2526 938 dicO,
2584 856 2894 947 quando
2938 876 3185 928 unum
3245 855 3450 929 acci-

296 967 509 1054 quidem
542 970 828 1035 materia
865 990 1013 1034 cum
1043 969 1269 1052 forma
1297 990 1498 1036 causa
1531 981 1623 1035 esc
1654 990 1788 1036 om·

295 1084 443 1150 nium
495 1084 955 1164 accidentium,
1024 1082 1213 1174 quia
1293 1084 1556 1157 omnis
1624 1084 1789 1156 alia

296 1199 540 1288 passio.
600 1199 729 1271 vel
791 1200 1153 1293 receptio
1225 1202 1786 1293 praesupponit

293 1315 731 1390 naturaliter
770 1317 1319 1410 compositum
1378 1340 1479 1391 ex
1540 1323 1785 1394 mate-

294 1431 391 1502 ria
446 1437 514 1505 et
542 1433 848 1513 forma;
896 1437 978 1507 et
1017 1434 1204 1525 quia
1235 1435 1784 1528 compositum

290 1547 598 1620 naturali
643 1548 922 1621 ordine
983 1552 1543 1644 praesupponit
1604 1572 1784 1645 par-

292 1665 408 1745 teS,
447 1668 655 1757 patet
690 1667 898 1758 quod
943 1667 1206 1739 omnis
1253 1667 1619 1760 potentia
1664 1690 1780 1741 re-

286 1780 554 1872 ceptiva
577 1781 925 1877 alicujus
959 1784 1400 1859 accidentis
1426 1804 1781 1879 praesup-

287 1896 475 1987 ponit
498 1900 940 1991 potentiam
968 1901 1466 1994 receptivam
1492 1901 1779 1975 formae

286 2012 827 2099 substantialiS,
875 2018 1064 2109 quia
1096 2039 1332 2091 omne
1367 2019 1779 2112 posterius

287 2128 651 2204 reducitur
681 2133 779 2205 ad
821 2133 1075 2225 prius,
1113 2133 1376 2206 omnis
1410 2134 1779 2228 potentia

289 2248 649 2339 receptiva
701 2249 1121 2323 reducitur
1169 2250 1264 2322 ad
1327 2250 1776 2342 potentiam

286 2364 630 2446 materiae,
686 2385 862 2457 quae
894 2370 1020 2440 est
1062 2365 1430 2458 potentia
1469 2367 1565 2439 ad
1616 2367 1777 2438 for-

286 2495 461 2549 mam
532 2480 1176 2556 substantialem.
1238 2485 1340 2557 Et
1397 2482 1585 2575 quia
1637 2482 1778 2555 illa

284 2598 598 2684 potentia
654 2603 781 2673 est
841 2599 1046 2672 idem
1107 2600 1316 2692 quod
1394 2599 1774 2682 materia,

281 2715 465 2800 patet
542 2715 748 2806 quod
835 2715 1185 2789 materia
1279 2717 1778 2790 naturaliter

277 2829 375 2898 est
441 2830 925 2923 principium
1004 2831 1267 2904 omnis
1341 2832 1775 2925 passionis.

277 2943 356 3015 Et
394 2945 556 3018 dico
610 2952 1039 3031 naturaliter,
1083 2954 1428 3043 propter
1484 2950 1779 3023 altera-

279 3057 560 3145 tionem,
642 3084 818 3157 quae
893 3065 985 3140 fit
1073 3065 1152 3138 in
1231 3065 1778 3141 accidentibus

277 3177 745 3256 sacramenti
788 3182 1125 3266 Altaris,
1193 3183 1271 3256 in
1316 3204 1472 3276 qua
1504 3187 1779 3257 tamen

274 3290 723 3370 alteratione
790 3304 1165 3393 superest
1250 3299 1552 3392 aliquid
1634 3321 1781 3394 per

276 3412 556 3486 modum
626 3415 967 3508 subjecti
1034 3419 1116 3490 et
1217 3417 1614 3499 materiae,
1689 3421 1779 3492 ut

274 3530 501 3616 patuit
568 3532 649 3604 in
736 3533 1225 3626 praecedenti
1303 3534 1773 3626 quaestione,

272 3651 603 3734 quamvis
656 3650 736 3723 in
791 3671 1086 3743 genere
1137 3651 1613 3725 substantiae
1665 3654 1778 3726 ni-

271 3757 361 3832 hil
399 3765 497 3840 sit
564 3768 972 3860 passibile,
1053 3768 1213 3841 nisi
1282 3789 1431 3862 per
1494 3790 1776 3842 veram

192 3862 230 3898 ¹¹·
272 3884 693 3966 materiam,
732 3888 821 3959 ut
863 3885 969 3958 ibi
1011 3885 1164 3959 fuit
1195 3885 1527 3959 dictum.

342 3996 447 4068 Ex
483 3997 605 4071 his
638 4003 889 4093 patet,
944 4002 1150 4094 quod
1182 4000 1394 4075 sicut
1428 4003 1779 4076 materia

262 4113 503 4202 prima
561 4137 705 4210 per
764 4138 997 4191 suam
1058 4118 1603 4194 substantiam
1653 4125 1779 4194 est

271 4233 696 4325 susceptiva
789 4233 1081 4308 formae
1178 4236 1774 4319 substantialis,

270 4339 1522 4445 itaipsumcompositumestper
1546 4371 1779 4425 suam

1900 969 2090 1042 dens
2133 971 2617 1064 dispositum
2664 972 2770 1044 sit
2821 972 2914 1054 ad
2964 973 3141 1065 ejus
3204 972 3451 1045 intro-

1897 1086 2386 1170 ductionem,
2453 1093 2542 1162 ut
2612 1089 2998 1162 mollities
3069 1108 3276 1160 cerae
3355 1091 3448 1161 ad

1899 1204 2279 1296 figuram,
2350 1208 2481 1280 sed
2536 1208 2751 1282 ratio
2807 1207 3270 1299 susceptiva
3322 1210 3446 1278 est

1899 1323 2166 1415 ipsum
2199 1323 2772 1415 compositum,
2817 1324 2944 1395 vol
2977 1323 3277 1416 aliquid
3311 1323 3443 1393 ha-

1894 1440 2089 1512 bens
2139 1439 2396 1513 vicem
2467 1440 2927 1533 compositi,
3012 1440 3220 1532 quod
3261 1439 3438 1511 dico

1897 1560 2240 1649 propter
2318 1556 2829 1638 miraculum,
2906 1557 3113 1647 quod
3199 1556 3288 1628 fit
3362 1556 3438 1627 in

1894 1671 2441 1746 accidentibus
2495 1671 3032 1744 Sacramenti.

1984 1791 2101 1860 Ex
2163 1787 2288 1860 his
2365 1792 2732 1881 apparet,
2808 1788 3015 1879 quod
3095 1788 3439 1860 multum

1892 1907 2180 1976 errant
2225 1903 2366 1986 illi,
2417 1903 2549 1995 qui
2591 1904 2889 1984 dicunt,
2930 1904 3138 1995 quod
3172 1908 3444 1996 poten-

1892 2023 2007 2097 tia
2041 2024 2394 2117 passiva,
2434 2045 2608 2116 quae
2642 2023 2738 2095 ad
2770 2029 3043 2097 actum
3078 2023 3446 2097 substan-

1889 2139 2197 2222 tialem,
2271 2144 2397 2214 est
2466 2140 2545 2211 in
2616 2161 2910 2230 genere
2967 2139 3441 2213 substantiae

1888 2257 2395 2350 compositae,
2484 2256 2694 2349 quia,
2761 2259 2846 2329 ut
2912 2256 3248 2337 ostendi,
3294 2278 3441 2349 per

1890 2372 2152 2466 ipsam
2190 2373 2733 2447 substantiam
2771 2373 3284 2465 recipiuntur
3315 2394 3439 2445 ac-

1889 2489 2262 2563 cidentia.
2311 2493 2511 2564 Sunt
2552 2489 2804 2564 etiam
2839 2489 3037 2583 ipsae
3073 2489 3436 2563 substan·

1891 2609 2026 2683 tiae
2070 2630 2216 2702 per
2267 2631 2375 2693 se,
2422 2631 2581 2683 non
2644 2630 2789 2702 per
2856 2610 3305 2702 potentiam
3349 2630 3437 2681 re

1889 2725 2395 2799 differentem
2455 2726 2553 2799 ab
2615 2725 2759 2807 eis,
2807 2745 3074 2798 causae
3139 2725 3437 2818 primo-

1894 2863 2076 2914 rum
2108 2842 2671 2916 accidcntium.
2710 2841 2929 2924 Quod
2966 2844 3213 2934 patet,
3252 2840 3441 2932 quia

1891 2978 2138 3050 agere
2179 2959 2549 3051 sequitur
2589 2980 2765 3030 esse
2810 2962 3023 3039 actu,
3081 2957 3437 3029 acciden-

1890 3075 2009 3148 tia
2076 3077 2350 3148 autem
2419 3072 2714 3146 habent
2791 3094 2967 3144 esse
3033 3075 3218 3144 actu
3292 3093 3437 3164 per

1892 3190 2474 3272 substantiam;
2520 3209 2721 3280 ergo
2767 3211 2912 3283 per
2960 3190 3135 3282 ejus
3189 3188 3432 3262 actio-

1889 3327 2072 3379 nem
2135 3307 2214 3378 in
2282 3327 2460 3379 csse
2513 3305 3094 3400 producuntur.
3151 3307 3432 3377 Exem-

1892 3419 2113 3513 plum
2173 3417 2414 3511 hujus
2465 3423 2613 3500 est,
2672 3416 2861 3509 quia
2911 3437 3121 3507 aqua,
3171 3416 3431 3487 calida

1889 3535 1989 3608 ab
2022 3535 2204 3626 igne
2238 3539 2780 3627 sequestrata,
2819 3555 2902 3605 se
2940 3534 3200 3625 ipsam
3237 3533 3433 3606 facit

1892 3650 2306 3743 frigidam,
2378 3652 2684 3725 virtute
2763 3650 3078 3724 scilicet
3148 3651 3434 3724 formae

1892 3769 2484 3844 substantialis.
2532 3770 2831 3841 Tamen
2885 3788 3029 3860 per
3082 3768 3438 3840 acciden-

1890 3884 2006 3959 tia
2050 3883 2340 3977 prima,
2387 3903 2735 3975 quorum
2799 3881 3260 3955 substantia
3311 3886 3435 3954 est

1892 4000 2359 4074 immediata
2455 4019 2726 4081 causa,
2828 4001 3166 4090 possunt
3262 4018 3438 4069 essc

1890 4137 2138 4192 causa
2171 4114 2701 4189 accidentium
2737 4113 3433 4194 secundariorum,

1891 4237 1977 4307 ut
2031 4254 2178 4326 per
2245 4233 2619 4314 calidum,
2696 4232 3106 4321 frigidum,
3177 4230 3434 4303 humi-

1898 4351 2088 4422 dum
2131 4354 2212 4424 ct
2281 4349 2612 4432 siccum,
2661 4352 3167 4443 saporatum,
3223 4348 3434 4420 colo-

1894 4469 2195 4547 ratum,
2246 4466 2704 4548 odoratum,
2743 4471 2896 4539 cte.

1981 4585 2146 4656 Nec
2165 4582 2410 4664 valet,
2439 4584 2642 4675 quod
2669 4584 2988 4674 quidam
3017 4583 3433 4675 objiciunt,
3590 4631 3664 4682 ¹3·

1895 4700 2101 4792 quod
2126 4699 2584 4773 substantia
2618 4704 2739 4771 cst
2774 4720 3018 4773 causa
3063 4699 3440 4771 materia·
3509 4696 3762 4759 ⁰²²J'00‘1'00

177 4451 699 4559 &essentiam
756 4472 845 4541 ut
898 4487 1043 4561 per
1099 4468 1549 4561 potentiam
1606 4487 1779 4561 pas-

178 4588 241 4625 w·
272 4573 517 4661 sivam,
568 4603 655 4654 re
692 4581 1201 4656 differentem
1246 4585 1345 4656 ab
1396 4583 1600 4677 ipso,
1655 4587 1781 4656 cst

270 4697 785 4789 susceptivum
860 4698 1400 4773 accidentium
1482 4699 1775 4792 primo,

269 4810 332 4881 et
397 4810 877 4890 immediate.
963 4816 1216 4909 Cujus
1286 4816 1505 4890 ratio
1565 4816 1781 4889 dicta

268 4929 391 5008 est,
453 4930 636 5022 quia
670 4932 737 5005 si
770 4930 1328 5025 compositum
1363 4933 1579 5003 esset
1614 4951 1781 5001 sus-

268 5046 643 5135 ceptivum
720 5068 1015 5121 eorum
1108 5067 1254 5141 per
1331 5046 1783 5139 potentiam

271 5160 640 5247 passivam
686 5185 774 5237 re
815 5164 1348 5245 differentem,
1384 5167 1587 5253 ,tunc
1646 5163 1787 5235 illa

272 5274 466 5350 sitin
523 5281 985 5376 composito
1070 5287 1431 5376 1·ecepta;
1508 5302 1786 5373 quaero

272 5409 394 5483 per
439 5398 640 5487 quod
697 5418 880 5470 eam
945 5397 1296 5490 recipit?
1339 5402 1419 5472 et
1469 5401 1788 5471 certum

272 5514 395 5591 est,
453 5514 652 5605 quod
706 5534 853 5606 per
916 5512 1369 5607 potentiam
1450 5512 1790 5605 recepti·

1897 4817 1997 4890 lis
2034 4820 2405 4909 respectu
2448 4816 3013 4897 accidentium;
3051 4835 3249 4907 crgo
3283 4836 3443 4887 non

1895 4936 2021 5007 est
2071 4932 2461 5014 efficiens,
2537 4932 2722 5023 quia
2767 4932 3118 5005 materia
3159 4934 3236 5004 ct
3281 4932 3445 5003 effi-

1898 5048 2119 5122 ciens
2156 5069 2315 5120 non
2369 5048 2830 5121 coincidunt
2861 5052 2927 5120 2.
2974 5053 3440 5137 physicorum,

1899 5178 2060 5234 text.
2121 5168 2231 5239 70.
2297 5164 2761 5256 subjectum
2822 5166 3036 5255 enim
3095 5164 3448 5239 conside-

1900 5285 2174 5355 ratum
2247 5285 2335 5353 ut
2405 5284 2590 5351 actu
2672 5281 3148 5363 subsistcnS,
3208 5281 3447 5352 habet

1905 5397 2309 5471 rationem
2371 5396 2737 5469 materiae
2808 5399 3179 5489 respectu
3251 5397 3452 5469 acci-

1902 5511 2300 5592 dentium;
2368 5511 2972 5583 consideratum
3044 5517 3317 5584 autem
3369 5510 3452 5582 in

274 5643 480 5699 vam:
525 5633 713 5703 tunc
757 5651 1036 5723 quaero
1068 5630 1161 5703 de
1211 5630 1380 5712 illa,
1421 5635 1501 5702 et
1550 5629 1665 5703 sic
1713 5629 1793 5699 in
1907 5628 2228 5702 ratione
2288 5627 2672 5700 virtualis
2744 5628 3024 5699 formae
3098 5648 3260 5699 suae
3328 5629 3451 5699 cst
