4252 6393
110 912 143 960 Ι
144 928 189 957 nu
190 915 425 973 pressio

181 976 322 1036 quid
350 978 379 1023 f

216 4889 239 4926 q

143 4917 321 5000 Curicta
336 4954 414 4998 ‹io

1869 390 2228 465 QUAES'HO
2280 394 2299 454 Ι
3632 406 3672 464 7

488 579 829 637 murum,
925 553 1297 648 quamvis
1376 557 1649 624 tamen
1730 547 2021 639 aliqua?

481 680 675 750 fiunt
710 674 1146 753 subterra,
1186 670 1397 742 sicut
1431 667 1722 747 fontes,
1754 669 1833 737 01
1869 669 2021 736 ter-

480 800 889 867 raemotus.

560 913 863 992 Tertio,
906 908 1315 982 sciendum
1350 910 1474 977 est
1510 903 1716 995 quod
1748 906 2023 989 impres-

468 1036 566 1099 sio
618 1031 692 1102 in
741 1026 1172 1123 proposito
1215 1045 1377 1096 non
1420 1019 1748 1113 capitur
1793 1019 2020 1104 larg-0

474 1170 617 1241 pro
664 1145 882 1218 omni
916 1143 1264 1221 actione,
1305 1161 1463 1232 qua
1507 1135 2019 1228 imprimitur

468 1265 740 1356 aliqua
794 1261 1091 1340 forma,
1136 1258 1265 1328 vel
1310 1254 1699 1347 qua-litas:
1758 1252 1891 1321 sed
1937 1251 2015 1321 in

474 1380 902 1474 proposito
964 1378 1312 1465 impressio
1382 1374 1652 1464 potest
1711 1367 1867 1440 dici
1926 1368 2016 1437 (le

467 1504 858 1591 quatuor:
909 1494 1212 1573 Primo,
1252 1493 1343 1562 (10
1388 1485 1883 1561 alteratione
1918 1486 2013 1555 ad

462 1616 821 1707 aliquam
857 1611 1338 1703 qualitatem
1374 1605 1803 1677 secundam
1838 1623 2012 1693 quae

464 1731 926 1804 immediate
987 1723 1520 1815 consequitur
1591 1719 2012 1791 alteratio-

459 1869 643 1919 nem
726 1846 1183 1939 primarum
1274 1838 1790 1932 qualitatum,
1883 1835 2006 1905 vel

457 1967 711 2037 etiam
752 1964 1374 2039 elementorum,
1439 1963 1520 2030 et
1582 1955 1771 2028 talis
1816 1954 2008 2027 alte-

457 2083 677 2153 ratio
742 2084 865 2152 est
936 2079 1151 2150 sicut
1235 2073 1799 2152 inflammatio,
1880 2072 2004 2142 vel

450 2198 887 2275 coloratio,
936 2195 1061 2265 vel
1105 2191 1599 2281 congelatio,

544 2314 931 2391 Secundo,
988 2308 1428 2402 impressio
1479 2306 1615 2376 illa
1668 2324 1827 2374 non
1885 2326 2004 2375 so·

454 2433 622 2502 lum
654 2430 955 2501 (licitur
984 2428 1076 2498 de
1108 2423 1604 2496 alteratione
1652 2421 1832 2500 ista,
1871 2422 2003 2491 scd

449 2548 544 2618 (10
589 2547 844 2617 mixto
901 2544 1452 2632 consequente
1510 2539 1752 2610 istam
1807 2536 2001 2608 alte-

455 2664 890 2740 rationem,
939 2660 1151 2731 sicut
1193 2657 1284 2727 de
1338 2654 1719 2734 hiatibus,
1769 2673 2001 2725 vora·

451 2758 831 2865 mnibus,
882 2777 974 2846 (10
1046 2772 1462 2865 grandine,
1552 2770 1848 2863 pluvia,
1922 2774 2001 2841 01

450 2894 942 2987 hujusmodi.

538 3011 845 3089 Tertio,
877 3008 1178 3081 (licitur
1221 3004 1656 3097 impressio
1690 3004 1781 3073 (10
1816 3022 2000 3092 qua-

446 3128 822 3204 litatibus
846 3131 925 3200 et
954 3123 1565 3218 operationibus
1592 3120 2001 3211 hujusmo-

444 3249 521 3320 (11
557 3247 1033 3324 mixtorum,
1076 3243 1290 3314 sicut
1323 3239 1557 3312 color
1583 3239 1840 3318 nubis,
1879 3259 1997 3308 so·

443 3387 600 3437 nus
638 3360 1013 3440 tonitrui,
1056 3361 1266 3432 ictus
1304 3356 1690 3436 fulminis,
1732 3359 1998 3426 motus

441 3482 696 3559 venti,
754 3486 835 3552 et
896 3477 1735 3570 hujusmodi,possunt
1847 3472 1998 3545 dici

447 3597 1039 3692 impressiones
1088 3592 1579 3666 Meteoricae.

540 3719 879 3798 Quarto,
932 3712 1238 3785 (licitur
1295 3711 1385 3780 (10
1449 3706 2001 3800 impressioni-

442 3834 595 3904 bus
641 3829 1223 3924 apparentibus
1257 3847 1355 3897 ex
1400 3825 1836 3896 reflexione
1882 3844 2001 3893 ra-

437 3952 772 4023 diorum
852 3946 1235 4037 corporis
1308 3942 1717 4022 luminosi,
1794 3941 2004 4012 sicut

438 4070 537 4139 (10
574 4066 789 4142 halo,
842 4065 1074 4143 Iride,
1118 4061 1560 4154 paraheliis
1594 4065 1672 4132 et
1717 4059 1998 4146 virgis.

538 4185 837 4265 Quinto
917 4179 1327 4251 sciendum
1400 4183 1548 4257 051,
1625 4169 1829 4268 (111011
1914 4177 2004 4246 (1(-

439 4302 728 4392 aliquo
771 4300 1042 4390 potest
1077 4317 1255 4368 esse
1291 4295 1719 4385 multiplex
1755 4294 2003 4365 scicn-

442 4420 593 4498 tia,
654 4416 969 4487 scilicet
1007 4418 1091 4485 ut
1124 4412 1607 4502 categorica
1649 4411 2002 4482 affirma-

445 4536 623 4608 tiva
663 4535 755 4604 (10
795 4531 1203 4624 praesenti,
1242 4529 1365 4600 vel
1412 4529 1818 4618 negativa,
1870 4529 2003 4620 lly-

453 4650 899 4744 potlietica,
939 4645 1540 4725 conditionalis,
1580 4650 1659 4717 01
1703 4650 2002 4738 tempo-

452 4767 687 4840 ralis.

545 4888 765 4956 Tunc
842 4886 1285 4974 ponuntur
1382 4881 1997 4952 conclusiones:

114 5011 239 5060 ¹-1›e
291 5030 418 5062 me-
458 5002 743 5073 Prima
801 5005 949 5076 est,
1026 4997 1231 5087 quod
1292 4997 1382 5067 (10
1454 4997 2006 5088 impressioni-

125 5078 337 5146 ''eoric-is

117 5141 417 5245 megwessio·
452 5119 607 5188 bllS

116 5213 159 5244 m
193 5216 244 5247 us
298 5208 384 5247 est

116 5263 307 5312 selemia
321 5301 332 5310 .

682 5113 1156 5187 Meteoricis
1216 5117 1339 5184 051
1401 5114 1769 5193 scientia,
1836 5119 2006 5187 tan-

453 5255 705 5327 quam
764 5232 857 5302 de
911 5230 1277 5322 objectis.
1338 5231 1768 5310 Probatur,
1819 5231 2003 5320 quia

450 5353 667 5426 tales
732 5348 1318 5440 impressiones
1361 5347 1657 5420 liabent
1716 5369 2007 5419 causas

449 5463 1077 5541 determinatas,
1132 5463 1510 5554 proprias
1560 5463 2004 5554 passiones,

449 5591 538 5657 et
588 5577 1020 5680 principia,
1070 5597 1213 5675 per
1258 5598 1431 5675 quae
1482 5579 1657 5650 istae
1707 5579 2009 5676 passio-

2140 570 2281 619 nes
2361 558 2702 643 possunt
2769 555 2859 625 110
2931 556 3028 626 115
3097 555 3675 629 demonstrari.

2139 669 2737 760 Consequentia
2804 675 3025 743 tenet
3107 693 3249 763 per
3327 673 3676 764 primam

2147 790 2456 874 partem
2503 786 3082 867 conclusionis,
3132 793 3212 859 et
3264 790 3672 877 arguitur,

2140 903 2328 992 quia
2391 902 2541 974 11.οο
2602 903 2904 975 sufficit
2965 905 3058 975 ad
3115 903 3266 976 hoc
3332 908 3539 995 quod
3585 908 3674 978 (10

2137 1019 2409 1109 aliquo
2455 1019 2560 1093 sit
2597 1019 2965 1091 scientia.

2228 1136 2586 1209 Secunda
2644 1136 3062 1207 conclusio
3123 1141 3271 1217 est,
3335 1139 3540 1229 quod
3580 1140 3669 1211 de

2135 1253 2534 1344 aliquibus
2571 1252 3243 1345 impressionibus
3269 1259 3393 1326 est
3422 1256 3670 1326 scien-

2135 1371 2248 1442 tia
2282 1371 2754 1456 categorica
2795 1368 3293 1442 affirmativa
3340 1371 3429 1441 de
3475 1392 3670 1462 prae-

2132 1487 2343 1558 senti
2387 1508 2457 1555 v,
2505 1507 2578 1575 g.
2627 1488 2786 1558 ista
2830 1486 3253 1557 conclusio
3299 1492 3423 1558 est
3458 1508 3667 1558 sum·

2133 1625 2256 1675 me
2314 1602 2806 1683 necessaria,
2853 1604 3072 1669 Media
3120 1607 3300 1670 aeris
3345 1609 3529 1691 reyio
3577 1619 3669 1671 esc

2125 1725 2429 1809 friyidm·
2465 1722 2596 1791 5011
2645 1721 2916 1812 plures
2953 1719 3131 1790 aliae
3166 1719 3667 1791 conditiones
3701 1716 3706 1721 ’

2128 1836 2366 1929 liujus
2428 1837 2640 1917 libri,
2707 1843 2785 1909 et
2847 1857 2995 1928 pro
3061 1835 3363 1926 majori
3434 1841 3668 1928 parte

2128 1959 2313 2025 sunt
2347 1955 2611 2026 solum
2646 1951 3171 2044 temporales.
3204 1972 3277 2021 v.
3325 1971 3399 2039 g.
3443 1955 3666 2029 Quan-

2124 2074 2487 2159 documque
2517 2075 2595 2155 sil
2625 2075 2935 2150 tonitrus,
2982 2082 3074 2136 esc
3111 2091 3314 2135 sonus
3359 2072 3430 2134 in
3468 2070 3665 2136 mebi-

2122 2189 2273 2267 ὁιις,·
2322 2191 2403 2259 et
2453 2190 2993 2275 quandocumque
3034 2189 3112 2269 fil
3150 2187 3342 2251 stella
3380 2198 3660 2259 comata,

2122 2317 2277 2371 tunc
2339 2306 2418 2388 fit
2486 2327 2692 2391 vapor
2753 2316 3072 2376 terrenus,
3138 2301 3382 2368 habens
3437 2313 3666 2387 partes

2118 2424 2397 2506 fortiter
2435 2422 2835 2508 adjacenleS,
2888 2419 3176 2485 elevatas
3236 2417 3326 2484 ad
3375 2418 3664 2483 mediam

2119 2541 2452 2624 reqionem
2529 2542 2731 2616 aert'S,
2773 2549 2966 2603 cestus
3007 2537 3370 2602 mancatione
3398 2536 3662 2621 prinei-

2112 2658 2305 2745 pium
2343 2657 2634 2721 aliarum
2678 2676 3074 2741 maynarum
3121 2674 3345 2719 rerum
3398 2651 3664 2739 siym'si-

2060 2808 2063 2809 ν
2116 2796 2274 2838 rans
2332 2776 2402 2839 in
2469 2775 2588 2839 hoc
2655 2773 2925 2838 intende.
2991 2769 3390 2859 Similiter
3455 2774 3657 2852 dico,

2119 2889 2324 2977 quod
2368 2888 2547 2959 aliae
2591 2887 3154 2960 conclusiones
3199 2887 3438 2980 hujus
3472 2890 3660 2962 libri

2119 3009 2306 3077 sunt
2355 3006 2620 3076 solum
2676 3003 3137 3096 opinativae,
3185 3010 3264 3077 et
3307 3007 3658 3079 maxime

2119 3123 2278 3193 illac
2312 3144 2485 3214 quae
2531 3128 2717 3196 sunt
2759 3122 2849 3193 (10
2893 3123 3131 3196 stella
3184 3130 3532 3205 comata,
3580 3129 3656 3196 et

2115 3241 2479 3312 Galaxia.

2204 3360 2479 3432 Tertia
2539 3361 2956 3432 conclusio
3009 3367 3132 3434 est
3194 3364 3379 3443 ista,
3449 3370 3653 3458 quod

2118 3479 2456 3551 scientia
2495 3478 2635 3549 illa
2668 3484 2791 3552 est
2822 3481 3050 3551 valde
3086 3481 3336 3564 utilis,
3374 3489 3453 3556 ct
3490 3487 3654 3577 pul-

2116 3599 2356 3669 chra:
2409 3600 2550 3668 Est
2592 3597 2801 3667 enim
2850 3598 3116 3671 utilis:

2210 3715 2484 3786 Primo
2535 3715 2630 3784 ad
2680 3713 3147 3785 futurorum
3211 3722 3657 3808 praecogni-

2118 3832 2447 3911 tionem,
2505 3835 2591 3902 ut
2635 3831 2908 3904 (1101101
2953 3833 3401 3924 Astrologi,
3451 3839 3656 3926 (111011

2119 3948 2361 4019 1101110
2406 3949 2537 4039 qui
2585 3948 3024 4020 inclinatus
3071 3949 3319 4024 fucrit
3353 3971 3399 4022 a
3433 3958 3658 4025 natu-

2125 4087 2212 4138 ra
2275 4067 2369 4136 ad
2428 4064 2944 4154 judicandum
3003 4068 3093 4137 (10
3153 4067 3456 4140 suturis
3521 4091 3662 4162 per

3777 1149 3919 1197 Con-

3721 1210 3888 1259 clusio
3925 1212 3977 1262 ἓ.

3770 3405 3910 3452 Con-

3707 3467 3873 3515 eluvie
3911 3467 3941 3517 3
3952 3507 3964 3519 .

2123 4182 2429 4262 stellas,
2475 4185 2554 4253 01
2602 4182 3203 4272 impressiones,
3254 4188 3702 4276 (1110011001.

2122 4300 2269 4369 sub
2337 4298 2529 4368 orbe
2595 4298 2860 4377 Lunae,
2928 4299 3171 4371 citius
3233 4302 3652 4392 judicabit,

2124 4437 2364 4505 quam
2436 4414 2569 4486 illc
2647 4416 2781 4505 qui
2842 4414 3154 4506 judicat
3225 4421 3657 4492 secundum

2124 4531 2407 4605 stellas
2451 4534 2678 4600 fixas.

2214 4650 2597 4728 Secundo,
2662 4649 3033 4723 videlicet
3103 4653 3196 4722 ad
3268 4655 3660 4745 periculo-

2126 4787 2302 4837 rum
2362 4767 2915 4847 evitationem,
2983 4769 3170 4858 quia
3233 4791 3376 4861 per
3439 4772 3659 4844 illam

2125 4883 2553 4954 scientiam
2607 4882 2849 4954 homo
2904 4889 3172 4976 potest
3216 4887 3522 4972 eligere
3559 4890 3664 4959 lo-

2125 5020 2245 5078 ca,
2281 4999 2411 5069 ubi
2447 4998 2734 5068 melius
2779 5005 3044 5091 potest
3089 5006 3582 5093 praeservari
3619 5028 3664 5075 a

2125 5116 2484 5195 fulmine,
2541 5119 3020 5190 terraemotu
3074 5124 3152 5191 et
3206 5118 3666 5212 huJusmodi

2134 5232 2540 5324 periculis.

2216 5349 2517 5429 Tertio,
2553 5351 2772 5424 valct
2793 5356 2886 5424 ad
2911 5354 3440 5429 habitationis
3476 5359 3674 5430 clec-

2126 5465 2458 5545 tionem,
2524 5489 2708 5539 nam
2774 5472 3185 5560 perillam
3248 5475 3670 5549 scientiam

2130 5587 2663 5676 cognoscitur
2733 5589 2862 5660 ubi
2933 5596 3055 5666 est
3116 5592 3437 5670 bonitas
3508 5597 3673 5674 son-
