4252 6393
618 392 738 461 658

610 559 990 650 quietem,
1046 557 1215 632 sive
1264 580 1441 633 esse
1484 558 1564 634 in
1608 560 1899 652 quiete,
1946 562 2152 653 quod

608 675 1061 749 mutatione
1119 677 1674 767 generationis
1736 678 1978 750 simul
2042 700 2156 749 se-

607 792 953 864 cundum
1003 793 1470 884 aliquorum
1524 794 1987 886 opinionem
2036 815 2160 866 ac-

611 907 994 998 quiritur,
1050 912 1129 982 et
1183 909 1636 981 mutatione
1696 910 2161 1002 corruptio-

609 1024 737 1095 nis
822 1024 1392 1115 corrumpitur
1472 1025 1549 1097 in
1626 1028 1781 1097 fine
1862 1031 2158 1105 motus,

614 1141 1029 1232 augmenti
1072 1142 1199 1214 vel
1267 1143 1814 1227 alterationiS,
1861 1149 2163 1236 tempo·

619 1277 705 1329 re
748 1263 1298 1340 mensuratur,
1339 1259 1815 1349 inquantum
1852 1260 2166 1333 scilicet

620 1375 949 1467 periodo
1028 1378 1465 1471 temporali
1540 1378 2160 1456 determinatur,

618 1494 700 1564 et
741 1490 1172 1564 clauditur.

709 1609 935 1688 Item,
974 1609 1161 1701 quia
1195 1630 1340 1702 per
1361 1610 1963 1693 alterationem,
1994 1634 2167 1703 quae

616 1724 707 1796 fit
757 1724 835 1795 in
875 1745 971 1796 eo
1015 1745 1161 1817 per
1204 1727 1641 1817 qualitates
1703 1728 2166 1820 imprimen-

618 1846 766 1922 tes,
825 1862 1152 1914 necesse
1209 1848 1356 1924 est,
1416 1828 1589 1917 tale
1640 1867 1817 1915 esse
1873 1846 1953 1917 in
2017 1846 2167 1916 line

615 1960 1035 2051 corrumpi
1085 1984 1098 2027 ε
1140 1960 1253 2032 ita
1293 1961 1499 2051 quod
1540 1986 1675 2030 esse
1715 1961 2006 2034 talium
2052 1983 2167 2033 re-

614 2095 798 2146 rum
857 2076 1474 2163 generabilium,
1540 2081 1620 2150 et
1682 2076 2167 2170 corruptibi-

617 2191 816 2262 lium
857 2192 1292 2283 dupliciter
1323 2194 1830 2267 considerari
1877 2194 2163 2287 possit,

615 2307 1091 2399 inquantum
1154 2310 1372 2382 inter
1429 2310 2045 2399 generationem
2088 2311 2167 2380 et

615 2424 1231 2516 corruptionem
1294 2430 1622 2499 manent
1685 2426 1959 2499 eadem
2032 2447 2166 2497 nu·

618 2560 847 2611 mero
892 2540 974 2611 in
1025 2545 1205 2614 toto
1257 2563 1411 2614 suo
1453 2567 1587 2611 esse
1640 2541 2165 2615 substantiali

619 2655 789 2727 sine
858 2657 1306 2746 adjectione
1374 2663 1451 2729 et
1523 2657 2002 2752 abjectione,
2086 2662 2166 2729 et

621 2772 736 2843 sic
770 2778 1143 2864 tempore
1186 2795 1341 2845 non
1391 2779 1995 2865 mensurantur,
2035 2773 2168 2845 sed

621 2907 821 2958 awo.
860 2887 1105 2978 Cujus
1152 2889 1662 2961 eontrarium
1712 2889 1905 2962 dicit
1968 2909 2165 2980 prae·

616 3004 830 3079 dicta
874 3005 1200 3097 positio,
1238 3007 1677 3078 concedens
1722 3007 1925 3098 quod
1971 3007 2162 3077 talis

616 3121 868 3213 quies,
907 3122 1074 3193 sive
1129 3144 1306 3193 esse
1342 3122 1418 3194 in
1456 3122 1746 3215 quiete,
1793 3128 2163 3215 tempore

616 3245 1168 3314 mensuretur.
1207 3241 1387 3313 Alio
1434 3243 1663 3313 modo
1709 3242 2163 3314 considera-

609 3360 749 3428 tur
789 3381 923 3424 esse
954 3358 1514 3438 substantiale,
1556 3359 2032 3449 inquantum
2067 3360 2165 3430 ab

613 3472 955 3545 instanti
994 3495 1147 3564 quo
1191 3479 1317 3547 est
1360 3478 1864 3564 generatum,
1913 3476 2163 3548 eonti-

614 3608 765 3659 nue
808 3591 1073 3663 currit
1117 3591 1551 3662 secundum
1606 3590 2020 3682 periodum
2066 3591 2164 3662 si·

614 3705 689 3775 bi
746 3707 1123 3789 debitam,
1182 3712 1323 3781 aut
1385 3707 1529 3778 sub
1587 3711 1806 3778 motu
1871 3708 2162 3779 altera-

615 3823 865 3897 tionis
928 3825 1358 3897 secundum
1406 3825 1841 3916 qualitates
1899 3826 2164 3917 ipsum

615 3940 1092 4020 alterantes,
1154 3963 1295 4033 per
1345 3962 1691 4032 quarum
1735 3942 2163 4015 alteratio-

614 4076 794 4126 nem
839 4076 1165 4129 necesse
1205 4062 1329 4130 est
1368 4057 1443 4128 in
1478 4058 1630 4128 line
1673 4059 2095 4151 eorrumpi
2144 4085 2155 4127 :

609 4177 689 4242 ct
724 4171 840 4243 sic
875 4173 1035 4244 tale
1076 4198 1211 4241 esse
1260 4194 1405 4265 per
1458 4196 1565 4254 se,
1626 4176 1758 4246 sed
1801 4197 1959 4247 non
2004 4177 2161 4267 pri-

612 4307 767 4366 mo,
835 4291 1206 4380 tempore
1270 4296 1830 4366 mensuratur:
1896 4292 2160 4363 minus

611 4406 909 4484 tamen,
960 4426 1200 4495 quam
1247 4407 1641 4487 accidens,
1691 4409 1766 4479 in
1813 4430 2159 4499 quorum

610 4541 743 4584 esse
773 4519 863 4592 fit
895 4520 1279 4593 continua
1316 4523 1661 4613 adjectio
1695 4529 1773 4595 et
1814 4523 2159 4615 abjectio

615 4635 1048 4707 secundum
1084 4641 1359 4728 partes
1388 4638 1627 4730 juxta
1666 4643 1938 4730 partes
1976 4644 2161 4710 tem-

618 4751 843 4843 poris
911 4758 990 4826 et
1062 4759 1355 4836 motus,
1449 4778 1623 4848 quae
1726 4756 2162 4848 dupliciter

618 4874 959 4961 possunt
1034 4871 1562 4944 considerari.
1644 4872 1815 4943 Uno
1898 4874 2156 4954 modo,

617 4985 1082 5078 accipiendo
1140 4987 1232 5058 ad
1290 4992 1565 5080 partes
1609 4987 1986 5061 continue
2037 4988 2161 5059 ad-

607 5101 897 5194 jectas,
934 5103 1059 5175 vel
1103 5103 1503 5195 abjectas;
1540 5105 1703 5176 alio
1739 5105 1997 5186 modo,
2036 5126 2160 5177 ae-

615 5221 979 5312 cipiendo
1039 5221 1133 5292 ad
1194 5226 1470 5312 partes
1533 5224 1617 5293 ut
1673 5222 1915 5293 simul
1974 5228 2160 5296 sunt

618 5345 802 5432 post
860 5341 1420 5434 adjectionem,
1497 5364 1634 5413 seu
1705 5344 2160 5433 generatio-

617 5477 799 5528 nem
850 5478 1160 5530 eorum.
1220 5458 1497 5530 Primo
1550 5461 1783 5532 modo
1826 5461 2160 5553 proprie

620 5575 990 5666 tempore
1035 5579 1638 5658 mensurantur,
1703 5580 1782 5649 et
1842 5597 1986 5668 per
2047 5599 2155 5657 se,

1758 398 1863 464 DE
1906 396 2172 465 RERUM
2218 397 2609 465 PRINCIPIO

2271 562 2403 634 sed
2436 581 2596 634 non
2628 561 2896 655 primo
2931 589 2945 634 ε
2987 563 3255 655 primo
3290 563 3528 647 enirn,
3565 570 3646 640 et
3679 587 3836 660 per

2275 700 2358 751 se
2401 680 2623 751 solus
2668 683 2938 754 motus
2989 686 3360 775 tempore
3413 703 3834 756 mensura-

2277 799 2459 877 tur;
2534 801 2880 872 secundo
2964 804 3239 874 autem
3322 804 3591 883 modo,
3666 821 3835 873 non

2281 921 2863 990 mensurantur
2940 922 3341 1010 tempore,
3442 920 3629 1011 quia
3709 939 3839 990 se-

2279 1033 2621 1105 cundum
2669 1034 2848 1106 illas
2895 1038 3168 1127 partes
3216 1033 3459 1106 simul
3505 1036 3832 1109 habitas

2282 1149 2758 1241 inquantum
2791 1150 2994 1243 ejus,
3030 1152 3324 1225 habent
3356 1173 3533 1225 esse
3567 1157 3830 1235 stanS,

2282 1267 2641 1358 quietum
2673 1273 2753 1343 et
2792 1269 3067 1351 fixum,
3125 1274 3206 1344 et
3247 1271 3447 1344 talia
3497 1271 3837 1364 inquan-

2281 1389 2457 1458 tum
2504 1384 2728 1467 talia,
2792 1406 2963 1458 aevo
3020 1393 3627 1469 mensurantur,
3687 1388 3836 1461 mi-

2283 1525 2432 1574 nus
2475 1505 2774 1585 tamen,
2832 1525 3072 1595 quam
3118 1529 3252 1574 esse
3296 1505 3837 1579 substantiale

2285 1618 2428 1699 rei,
2477 1618 2975 1691 sicutminus
3017 1625 3142 1694 est
3184 1622 3836 1712 quietum,etmi-

2285 1755 2435 1807 nus
2477 1736 2753 1806 fixum.

2375 1854 2519 1923 Est
2551 1854 2631 1923 et
2661 1851 2824 1923 alia
2867 1851 3141 1944 opinio
3174 1852 3394 1926 circa
3429 1856 3833 1947 temporis

2286 1968 2708 2046 unitatem,
2748 1968 2953 2058 quod
2986 1972 3112 2040 est
3143 1988 3392 2042 unum
3425 1989 3571 2063 per
3599 1975 3835 2044 natu·

2285 2105 2497 2166 rain,
2574 2105 2730 2175 qua
2800 2091 2923 2159 est
2994 2107 3409 2169 numerus,
3505 2095 3832 2183 tempus

2280 2200 2496 2273 enim
2565 2206 2690 2275 est
2769 2223 3158 2275 numerus
3231 2210 3529 2279 motus.
3604 2206 3831 2280 Sicut

2281 2338 2478 2407 ergo
2514 2319 2718 2392 idem
2751 2323 2875 2392 est
2909 2340 3323 2404 numeruS,
3362 2343 3517 2415 quo
3550 2344 3835 2397 nurne-

2285 2443 2579 2513 rantur
2642 2441 2913 2512 decem
2977 2440 3370 2525 homines,
3424 2449 3503 2517 et
3554 2447 3831 2519 decem

2283 2576 2550 2639 caneS,
2613 2559 2698 2629 ut
2750 2558 3053 2632 dicitur
3095 2564 3171 2629 in
3218 2564 3282 2633 4.
3341 2566 3612 2651 Pltysic.
3662 2576 3830 2633 teate.

2280 2697 2509 2743 comm.
2575 2677 2727 2746 134.
2795 2674 2912 2747 sic
2971 2680 3097 2751 est
3165 2698 3412 2750 unum
3481 2683 3834 2771 tempus,

2282 2810 2436 2880 quo
2480 2796 3028 2864 numerantur
3071 2814 3350 2866 omnes
3396 2801 3690 2869 motus.

2372 2908 2516 2980 Sed
2580 2907 2824 2981 istam
2893 2910 3379 3001 positionem
3443 2916 3840 3006 reprobat

2281 3029 2900 3099 Commentator
2941 3030 3001 3099 4.
3050 3032 3316 3118 Pkysic.
3354 3046 3514 3100 text.
3558 3036 3710 3105 134.
3751 3042 3839 3109 et

2279 3143 2555 3234 arguit
2584 3144 2699 3217 sic
2723 3172 2736 3216 ε
2762 3146 3031 3220 unitas
3072 3147 3286 3220 enim
3319 3152 3638 3224 numeri
3671 3172 3836 3245 qua

2279 3261 2549 3332 decem
2630 3262 3023 3345 homines,
3096 3269 3176 3338 et
3244 3267 3512 3339 decem
3582 3289 3836 3341 canes

2281 3385 2845 3461 numerantur,
2939 3386 3060 3454 est
3153 3385 3422 3457 unitas
3507 3389 3837 3460 numeri

2281 3490 2880 3575 Mathematici,
2955 3500 3034 3570 et
3108 3501 3470 3589 quaedam
3555 3502 3837 3575 unitas

2281 3608 2895 3692 intellectualis,
2989 3613 3158 3686 sive
3249 3616 3728 3691 intentionis
3812 3649 3828 3690 :

2281 3729 2598 3818 tempus
2656 3734 2926 3802 autem
2984 3734 3106 3802 est
3169 3733 3535 3806 accidens
3594 3740 3838 3808 natu-

2282 3843 2479 3924 rale,
2527 3865 2683 3916 non
2733 3846 3429 3922 Matliematicum.

2371 3962 2597 4043 Item,
2642 3963 3224 4039 Mathematica
3256 3972 3828 4051 numerantur,

2276 4080 2356 4147 et
2437 4079 3095 4172 multiplicantur
3181 4085 3611 4158 secundum
3689 4111 3840 4157 esse

2280 4194 2482 4283 quod
2525 4194 2819 4271 habent
2852 4198 2927 4269 in
2963 4202 3516 4284 naturalibus;
3554 4223 3834 4294 quam-

2276 4311 2399 4380 vis
2451 4312 2664 4384 enim
2719 4314 2931 4386 ratio
2987 4316 3219 4388 linere
3273 4323 3360 4392 ut
3404 4319 3658 4402 lineae,
3719 4323 3837 4396 sit

2277 4428 2549 4498 eadem
2622 4429 2699 4499 in
2764 4431 2980 4503 omni
3036 4433 3272 4516 linea,
3336 4455 3493 4508 non
3553 4444 3839 4513 tamen

2276 4546 2401 4614 est
2442 4544 2717 4615 eadem
2761 4544 2970 4618 linea
3001 4549 3091 4620 (le
3124 4571 3379 4644 cupro
3422 4559 3501 4628 et
3543 4554 3771 4628 ferro
3810 4585 3827 4627 :

2278 4659 2597 4748 tempus
2686 4665 2958 4734 autem
3037 4685 3362 4762 semper
3440 4675 3559 4742 est
3639 4693 3834 4746 eum

2281 4779 2502 4847 motu
2550 4776 3018 4862 intrinsece,
3067 4803 3210 4858 nec
3247 4789 3464 4862 ratio
3511 4793 3832 4886 tempo-

2279 4888 2393 4959 ris
2448 4895 2572 4963 est
2613 4894 2874 4984 magis
2916 4898 3362 4985 abstracta,
3410 4927 3649 4998 quam
3695 4931 3834 4982 ra-

2278 5001 2392 5075 tio
2425 5011 2706 5132 motus
2760 5035 2773 5079 ε
2842 5011 3056 5084 ratio
3101 5019 3372 5090 tamen
3428 5021 3658 5095 lineae
3700 5031 3833 5153 est

2275 5463 2560 5544 nerali,
2606 5471 2686 5540 et
2749 5468 2919 5544 ideo
2991 5476 3159 5549 sive
3206 5480 3313 5556 sit
3355 5484 3539 5592 quid
3570 5493 3834 5562 mate-

2275 5577 2510 5662 riale,
2587 5583 2755 5656 sive
2837 5561 3542 5686 Mathematicum,
3636 5625 3828 5679 cum

3960 1932 4157 1981 Tertia

3868 1996 4091 2057 opinio
4121 1998 4213 2043 cir.

3867 2072 3952 2104 ca
3991 2060 4192 2107 unita-

3904 2128 4035 2169 tem
4069 2129 4193 2168 teth·

3947 2199 4030 2247 po
4041 2186 4141 2231 ris.
