4252 6393
674 458 792 521 376

371 3083 513 3156 Qmsd
544 3099 667 3132 ma·-

366 3153 507 3194 terta
546 3154 658 3193 ter-

368 3210 443 3257 tio
467 3210 682 3272 prima.

480 5316 563 5372 2¹.

709 617 958 690 tionis
1002 620 1083 690 et
1133 615 1724 709 corruptioniS,
1789 632 2030 706 quam
2091 631 2258 684 mu-

709 739 886 808 tant
917 738 998 807 et
1042 737 1603 807 transmutant
1649 731 1978 822 agentia
2036 747 2258 801 crea·

707 855 817 933 ta,
892 872 1030 922 seu
1100 850 1412 940 Angeli‚
1488 869 1622 920 seu
1697 845 2025 939 agentia
2082 863 2257 917 cor-

712 968 1157 1060 ruptibilia,
1224 988 1424 1061 quae,
1489 970 1577 1040 ut
1635 965 1824 1046 dixi,
1881 963 2094 1037 addit
2162 960 2257 1032 ad

710 1085 1144 1158 materiam
1234 1085 1501 1178 primo
1593 1082 1985 1175 primam;
2069 1079 2258 1171 quia

709 1222 887 1275 esso
957 1202 1410 1294 subjectum
1463 1197 2019 1290 generationis
2096 1216 2257 1268 non

711 1322 980 1411 potest
1037 1318 1207 1389 sine
1250 1317 1525 1410 aliqua
1578 1316 1848 1389 forma
1891 1314 2258 1387 substan·

711 1433 913 1516 tiali,
950 1438 1091 1508 aut
1127 1434 1298 1506 sine
1340 1433 1821 1526 quantitate,
1861 1450 2033 1523 quae
2069 1432 2259 1502 sunt

710 1557 947 1623 extra
1037 1551 1445 1624 rationem
1534 1549 1901 1625 materiae
1988 1550 2256 1642 primo

714 1667 1024 1759 primae,
1079 1688 1172 1740 eo
1236 1668 1441 1760 quod
1520 1667 2262 1760 proportionaliter

714 1784 1148 1875 respondet
1198 1789 1587 1875 tanquam
1633 1783 2085 1876 subjectum
2133 1804 2259 1857 eo-

712 1918 893 1969 rum
972 1899 1341 1971 secundis
1411 1898 1871 1990 agentibus,
1946 1899 2261 1976 scilicet

708 2014 1038 2095 creatis,
1105 2035 1278 2105 quae
1333 2015 1717 2088 dicuntur
1778 2016 2260 2089 secundaria

711 2136 1086 2222 respectu
1126 2131 1297 2213 Dei,
1344 2135 1424 2205 et
1464 2130 1667 2204 nihil
1702 2137 2043 2224 possunt
2078 2153 2259 2226 pro-

706 2250 1023 2328 ducere,
1062 2249 1219 2322 nisi
1279 2249 1371 2320 de
1416 2249 1574 2322 ista
1624 2250 1969 2322 secunda
2012 2254 2258 2325 mate-

715 2366 863 2437 ria.
936 2366 1261 2439 Dicitur
1340 2370 1613 2439 tamen
1685 2366 1986 2459 prima,
2068 2366 2258 2458 quia

714 2486 987 2556 omnia
1037 2504 1212 2575 quae
1266 2504 1413 2576 per
1462 2484 1793 2574 agentia
1841 2483 2260 2558 naturalia

715 2601 1299 2692 producuntur,
1362 2620 1541 2672 eam
1614 2604 2105 2693 supponunt,
2170 2604 2260 2676 ut

714 2716 1325 2791 fundamentum
1385 2721 1467 2791 et
1535 2722 1624 2792 ut
1690 2718 2260 2791 indetermina-

715 2836 913 2912 tum,
980 2833 1167 2922 quia
1220 2852 1364 2924 per
1412 2831 1726 2905 formas
1764 2831 1866 2904 ab
1905 2833 2021 2906 eis
2076 2852 2260 2926 pro-

713 2949 996 3021 ductas
1026 2947 1647 3021 determinatur.

801 3062 1127 3136 Dicitur
1157 3067 1431 3136 autem
1485 3063 1834 3136 materia
1887 3068 2081 3133 tertio
2115 3067 2260 3155 pri-

710 3205 844 3261 ma,
884 3180 1231 3254 materia
1273 3180 1855 3272 cujuscumque
1896 3181 2133 3263 artis,
2179 3186 2260 3256 et

713 3298 1062 3371 materia
1094 3297 1533 3390 cujuslibet
1566 3299 1887 3388 agentis
1927 3302 2122 3372 natu
2139 3317 2262 3370 ra-

712 3414 808 3485 lis
889 3413 1446 3505 particularis,
1522 3412 1710 3505 quia
1792 3432 2027 3485 omne
2095 3412 2259 3487 tale

710 3530 882 3621 agit
926 3531 1180 3605 veluti
1219 3531 1311 3602 de
1359 3531 1633 3622 aliquo
1682 3530 2013 3612 semine,
2052 3532 2261 3622 quod

710 3648 1081 3740 quamvis
1118 3648 1467 3721 materia
1503 3647 1768 3740 prima
1803 3647 1909 3722 sit
1946 3667 2258 3740 respec-

711 3770 794 3839 tu
851 3765 1235 3846 omnium,
1299 3784 1476 3856 quae
1547 3784 1692 3856 per
1758 3769 2025 3838 artem
2078 3784 2261 3857 pro-

707 3882 1136 3964 ducuntur,
1216 3881 1600 3973 supponit
1667 3884 1939 3955 tamen
2012 3886 2260 3955 mate·

712 3998 947 4080 riam,
1014 4017 1187 4088 quae
1239 4001 1365 4070 est
1408 3996 1861 4087 subjectum
1925 4015 2260 4087 genera-

712 4114 983 4195 tionis,
1015 4118 1096 4188 et
1130 4115 1477 4187 ulterius
1507 4114 1867 4205 aliquam
1900 4112 2259 4186 formam

713 4252 858 4325 per
934 4235 1321 4305 naturam
1412 4232 1923 4324 productam,
2015 4231 2261 4305 aliter

710 4349 935 4421 nulla
984 4368 1121 4420 ars
1193 4348 1622 4439 quidquam
1691 4353 2107 4441 operatur.
2168 4350 2259 4421 In

708 4466 1133 4556 agentibus
1176 4469 1446 4539 autem
1482 4469 1562 4538 et
1603 4464 2142 4546 naturalibus,
2178 4468 2258 4539 et

711 4582 1279 4656 artificialibus
1336 4586 1524 4656 sunt
1577 4582 1876 4672 gradus
1921 4580 2253 4673 prioris,

710 4704 790 4772 et
861 4697 1353 4791 posterioris
1440 4698 1519 4770 in
1591 4697 1968 4778 materia,
2046 4696 2260 4772 sicut

710 4836 849 4888 ars
929 4815 1331 4888 sarciendi
1400 4814 1792 4887 vestitum
1877 4814 2261 4905 supponit

712 4953 860 5025 pro
898 4932 1245 5005 materia
1278 4950 1658 5025 pannum,
1697 4933 1776 5002 et
1808 4928 1960 5001 hoc
2002 4930 2255 5014 filum,

710 5049 880 5121 sive
940 5068 1140 5140 opus
1201 5046 1407 5119 artis
1467 5043 1766 5126 filandi,
1833 5044 1948 5118 sic
2007 5044 2258 5117 etiam

710 5172 833 5240 est
879 5165 957 5237 in
987 5162 1528 5238 naturalibus.

798 5281 1019 5365 Quod
1053 5283 1326 5353 autem
1363 5297 1590 5350 mens
1644 5275 1753 5349 sit
1788 5274 2264 5369 Philosophi

711 5402 827 5473 sic
898 5420 1043 5492 per
1100 5398 1467 5471 diversas
1531 5393 2051 5486 operationes
2101 5414 2263 5467 ma-

711 5518 1010 5592 teriam
1073 5515 1594 5604 distinguere,
1643 5515 1867 5602 patet
1932 5515 1995 5584 7.
2063 5513 2263 5581 Meta-

706 5641 903 5726 phys.
950 5647 1109 5704 text.
1168 5636 1277 5706 35.
1326 5628 1455 5702 ubi
1497 5626 1714 5709 dicit,
1767 5627 2085 5706 Qnoedam
2122 5649 2260 5696 ma-

1857 455 1961 517 DE
2002 451 2272 517 RERUM
2316 447 2702 514 PRINCIPIO

2370 613 2544 678 ceria
2582 621 2677 677 est
2712 609 3069 689 sensibilia
3113 619 3186 674 ut
3243 627 3519 695 cuprum
3535 629 3564 688 ,·
3614 607 3902 695 quoedam

2369 726 2854 814 intelliyibilis,
2917 736 2993 792 ut
3033 724 3208 791 illud
3245 724 3422 812 quod
3495 733 3588 789 est
3645 724 3720 789 in
3771 744 3901 791 sen-

2368 844 2674 911 sibilibus
2711 864 2847 910 non
2885 842 3256 910 secundum
3293 840 3468 929 quod
3522 851 3676 908 sunt
3711 844 3905 909 sensi-

2370 961 2562 1043 bilia,
2598 971 2669 1026 ut
2697 960 3188 1026 Mathematica.
3231 957 3321 1029 In
3350 955 3627 1029 eodem
3670 956 3907 1031 etiam

2368 1078 2435 1148 8.
2499 1088 2659 1145 texe.
2706 1077 2815 1147 14.
2858 1073 3421 1167 distinguitur,
3474 1075 3680 1166 quod
3713 1094 3908 1166 quae·

2370 1193 2550 1266 dam
2627 1196 2753 1268 est
2821 1194 3172 1268 materia
3250 1193 3685 1266 secundum
3761 1193 3909 1267 for·

2372 1329 2614 1392 mam,
2677 1310 3037 1402 quaedam
3092 1309 3538 1406 secundumx
3582 1331 3909 1403 corrup-

2371 1425 2679 1499 tionem
2711 1425 3022 1499 formae.
3052 1426 3499 1500 Secundum
3534 1424 3903 1507 formam,

2371 1543 3039 1634 quemadmodum
3110 1562 3320 1635 aqua
3380 1546 3507 1617 est
3570 1543 3909 1616 materia

2370 1657 2608 1738 aceti,
2655 1658 3059 1732 mediante
3117 1657 3386 1732 forma
3441 1657 3638 1739 vini,
3684 1659 3908 1752 cujus

2373 1774 2690 1848 scilicet
2749 1774 3037 1848 formae
3086 1774 3257 1848 vini
3305 1774 3658 1849 materia
3688 1794 3909 1867 aquae

2370 1896 2495 1966 est
2565 1891 3140 1985 susceptibilis.
3216 1892 3569 1967 Materia
3636 1914 3912 1967 secun-

2368 2007 2557 2081 dum
2597 2009 3218 2103 corruptionem
3251 2009 3539 2083 formae
3590 2011 3907 2093 dicitur,

2371 2126 3043 2217 quemadmodum
3080 2125 3361 2199 vinum
3392 2133 3517 2202 est
3551 2127 3630 2200 in
3674 2132 3914 2202 mate·

2372 2241 2501 2314 ria
2565 2242 2778 2315 aceti
2821 2263 2968 2334 per
3018 2261 3183 2315 suae
3240 2241 3530 2315 formae
3580 2262 3912 2334 corrup-

2372 2357 2681 2434 tionem
2737 2362 2877 2433 :et
2942 2359 3377 2432 secundum
3431 2358 3582 2432 hoc
3639 2359 3912 2432 distin·

2371 2474 2548 2566 guit
2599 2473 3140 2568 Philosophus
3188 2475 3586 2569 duplicem
3647 2481 3916 2569 poten·
3964 2476 4133 2604 3313

2372 2590 2575 2663 tiam
2643 2590 3055 2683 passivam
3129 2592 3523 2674 materiae,
3596 2593 3917 2686 propin·
3971 2601 4133 2666 μνία

2372 2725 2614 2798 quam
2651 2706 3018 2788 scilicet,
3080 2711 3160 2781 et
3223 2710 3653 2780 remotam.
3728 2709 3916 2780 Pro-

2372 2821 2674 2917 pinqua
2759 2823 3064 2898 dicitur
3142 2844 3271 2905 ea,
3362 2845 3538 2917 quae
3622 2828 3750 2898 est
3826 2824 3917 2896 ad

2373 2941 2976 3035 susceptionem
3015 2941 3305 3014 formae
3341 2942 3714 3015 ordinata
3757 2941 3919 3014 uni-

2372 3077 2467 3131 ca
2562 3059 3261 3134 transmutatione
3329 3085 3344 3129 ε
3407 3063 3489 3134 et
3573 3064 3919 3134 vocatur

2373 3176 2740 3269 potentia
2782 3177 3296 3270 simpliciter,
3363 3196 3538 3270 quae
3587 3176 3921 3252 debetur

2374 3294 2743 3367 materiae
2799 3295 3145 3367 secundo
3181 3295 3413 3367 modo
3464 3295 3724 3376 dictae,
3765 3313 3921 3366 ma-

2374 3408 2607 3484 teriae
2671 3407 2987 3484 scilicet
3045 3410 3394 3503 alicujus
3446 3430 3594 3503 per
3632 3410 3921 3483 formae

2374 3527 3024 3620 corruptionem.
3132 3528 3485 3602 Remota
3585 3526 3921 3609 dicitur,

2375 3662 2550 3737 quae
2612 3643 2915 3735 indiget
2961 3644 3241 3717 multis
3302 3644 3927 3719 transmutatio-

2371 3758 2632 3843 nibus,
2709 3765 2799 3835 ut
2868 3759 3140 3832 forma
3201 3760 3803 3842 introducatur,
3848 3764 3927 3831 et

2372 3876 2534 3950 ista
2588 3876 3173 3970 correspondet
3226 3876 3596 3950 materiae
3653 3898 3729 3969 p‘
3763 3876 3925 3948 imo

2375 3992 2606 4066 modo
2673 3992 2933 4075 dictae,
3001 4012 3175 4085 quae
3239 3992 3556 4067 scilicet
3623 3992 3928 4066 dicitur

2374 4107 2725 4183 materia
2809 4109 3161 4203 alicujus
3250 4109 3682 4181 secundum
3767 4108 3927 4181 for-

2373 4244 2587 4297 mam
2661 4225 3257 4307 intermediam,
3341 4244 3582 4317 quam
3655 4228 3930 4318 potest

2374 4341 2764 4434 recipere.

2459 4460 2502 4532 J
2511 4479 2642 4532 am
2677 4459 2938 4550 igitur
2966 4463 3190 4552 patet
3224 4478 3399 4552 quae
3433 4459 3541 4534 sit
3573 4459 3930 4535 materia

2373 4576 2640 4669 primo
2705 4577 2995 4670 prima,
3068 4576 3302 4668 cujus
3373 4576 3929 4651 consideratio

2373 4697 2689 4786 spectat
2720 4693 2815 4766 ad
2852 4692 3535 4786 Metaphysicum;
3575 4691 3932 4766 materia

2373 4810 2718 4882 secundo
2762 4809 3055 4903 prima,
3092 4809 3325 4903 cujus
3369 4808 3929 4883 consideratio

2374 4928 2689 5018 spectat
2776 4926 2872 4998 ad
2959 4925 3477 5006 Naturalem;
3574 4925 3930 4999 materia

2374 5042 2622 5116 tertio
2696 5042 3000 5134 prima,
3072 5042 3305 5136 cujus
3372 5040 3929 5116 consideratio

2375 5163 2691 5250 spectat
2749 5159 2845 5231 ad
2889 5157 3478 5240 Mechanicum‚
3527 5179 3663 5231 seu
3726 5158 3927 5232 arti-

2372 5273 2627 5347 ficem.
