4252 6393
142 1908 468 2010 ᾷεῃὲναείο

104 2013 283 2047 naeu.

1850 391 2216 468 QUAEsTlo
2262 392 2423 454 xxn

492 550 752 631 telem,
772 550 1110 642 quivult
1131 551 1336 643 quod
1360 551 1634 624 omnia
1653 550 1813 626 ista
1831 551 2036 624 idem

494 667 678 743 sint.

586 785 675 855 In
717 782 880 857 ista
936 783 1420 875 quaestione,
1471 784 1739 878 primo
1778 786 2034 858 dicen-

494 901 677 972 dum
708 904 837 974 est
875 899 971 973 de
1015 900 1224 982 nive,
1290 904 1373 974 et
1416 902 1653 974 modo
1706 921 2037 993 genera-

490 1016 740 1090 tionis
809 1016 1021 1110 ejus.
1090 1018 1475 1100 Secundo,
1555 1017 1873 1092 dicetur
1946 1017 2037 1090 dc

488 1153 706 1206 rore.

1017 1467 1444 1526 ARTICULUS
1473 1469 1515 1524 1.

644 1657 737 1714 De
764 1655 911 1718 nive
939 1657 998 1715 ec
1035 1653 1227 1714 modo
1262 1653 1706 1731 qeneraliom's
1731 1652 1893 1721 eius.

588 1839 1006 1918 Quantum
1068 1835 1164 1907 ad
1220 1835 1575 1928 primum
1621 1834 2043 1908 dicendum

493 1956 623 2027 est
655 1952 865 2045 quod
906 1952 1047 2023 nix
1106 1956 1549 2043 generatur
1610 1973 1755 2046 per
1794 1952 2043 2026 istum

497 2070 853 2151 modum,
931 2070 1123 2161 quia
1190 2090 1454 2162 vapor
1503 2088 1848 2161 grossus
1898 2088 2044 2162 per

493 2186 862 2262 calorem
899 2186 1112 2260 Solis
1146 2186 1512 2260 elevatus
1547 2187 1926 2279 superius
1962 2186 2042 2257 in

497 2322 803 2393 magna
850 2302 1397 2385 multitudine,
1445 2323 1698 2394 usque
1748 2304 1844 2375 ad
1886 2321 2041 2375 me-

487 2420 709 2492 diam
737 2419 1162 2510 regionem
1220 2420 1466 2503 aeriS,
1516 2419 1805 2492 ibidem
1858 2440 2041 2492 con-

486 2537 890 2609 densatur
961 2556 1110 2629 per
1162 2535 1700 2628 frigiditatem
1764 2536 2041 2610 mediae

490 2652 895 2743 regionis,
931 2651 1766 2745 etpriuscongelatur
1797 2672 2040 2746 quam

484 2774 1044 2845 convertatur
1087 2770 1167 2842 in
1214 2789 1539 2862 aquam,
1575 2775 1656 2845 et
1698 2770 1767 2843 si
1813 2771 2042 2864 prius

485 2887 2040 2979 convertereturinaquam‚tunceffice-

489 3011 741 3081 retur
763 3003 1066 3098 pluvia.
1097 3005 1216 3076 Ex
1241 3023 1398 3097 quo
1424 3008 1652 3097 patet
1677 3004 1883 3096 quod
1904 3004 2043 3076 nix

486 3127 576 3196 et
636 3121 918 3218 pluvia
985 3121 1506 3202 conveniunt,
1582 3121 1876 3216 primo,
1946 3142 2041 3193 eo

486 3241 714 3333 quod
744 3243 1099 3332 utraque
1133 3239 1242 3313 sit
1264 3259 1362 3311 ex
1397 3257 2040 3333 vaporegrosso,

484 3358 822 3432 elevato
863 3357 942 3429 in
976 3375 1275 3448 magna
1322 3355 1865 3431 multitudine.
1918 3359 2044 3429 Se-

485 3476 784 3555 cundo,
850 3473 1368 3556 conveniunt,
1439 3473 1627 3566 quia
1696 3478 2046 3565 utraque

481 3592 584 3666 fit
608 3611 659 3663 a
695 3592 975 3665 calore
997 3589 1627 3665 elevanteistum
1660 3609 2045 3681 grossum

484 3730 920 3803 vaporem.
974 3707 1276 3789 Tertio,
1326 3707 1515 3799 quia
1563 3710 1908 3799 utraque
1956 3705 2047 3780 fit

489 3849 544 3899 a
604 3826 907 3918 frigido
990 3828 1385 3917 vaporem
1471 3823 2041 3897 condensante.

492 3948 843 4029 Quarto,
900 3940 1396 4015 conveniunt
1456 3939 1538 4011 in
1585 3939 1766 4012 loco
1814 3957 2045 4030 gene-

494 4060 880 4140 rationis,
917 4078 1108 4132 nam
1140 4062 1490 4148 utraque
1529 4054 1621 4129 fit
1672 4055 1751 4127 in
1788 4055 2047 4128 media

498 4178 847 4269 regione
878 4166 1123 4247 aeris.
1172 4173 1331 4245 Per
1362 4170 1514 4245 hoc
1565 4169 1950 4245 differunt
2000 4191 2048 4244 a

2148 552 2439 627 durat:
2485 572 2737 626 causa
2793 558 2945 636 est,
2993 551 3182 646 quia
3239 552 3348 625 ibi
3416 551 3692 644 aliquo

2148 673 2521 764 tempore
2561 670 2850 744 cecidit
2882 670 3046 753 nix,
3083 674 3163 743 et
3204 674 3548 764 propter
3572 670 3692 743 de-

2147 785 2450 861 fectum
2512 788 2818 862 caloris
2865 786 3386 861 dissolventis
3448 788 3693 880 longo

2151 908 2521 998 tempore
2597 905 2839 978 durat
2897 923 3058 978 non
3118 907 3540 997 corrupta,
3612 908 3695 978 et

2151 1021 2267 1094 sic
2298 1025 2522 1114 patet
2563 1021 2642 1093 in
2702 1020 2988 1113 quibus
3017 1019 3513 1094 conveniunt
3552 1018 3694 1093 nix

2148 1143 2231 1214 et
2256 1138 2554 1232 pluvia.

2242 1257 2389 1330 Sed
2408 1260 2701 1331 contra
2745 1256 3153 1349 objicitur,
3201 1252 3694 1350 primo,quia

2155 1372 2222 1445 si
2255 1373 2395 1445 nix
2428 1371 2780 1448 fueritin
2803 1375 3062 1447 media
3094 1372 3427 1464 regione
3446 1370 3690 1455 acriS,

2157 1494 2642 1581 sequeretur
2719 1489 2925 1582 quod
2983 1508 3306 1582 semper
3371 1487 3699 1562 caderet

2157 1607 2238 1680 in
2276 1607 2544 1699 figura
2587 1608 2958 1682 rotunda.
3005 1611 3530 1701 Consequens
3573 1610 3700 1680 est

2156 1728 2452 1798 contra
2493 1723 3113 1816 experientiam.
3152 1726 3252 1800 Et
3298 1723 3702 1817 probatur

2156 1841 2761 1932 consequentia,
2799 1842 3011 1915 sicut
3051 1841 3347 1934 probat
3388 1840 3698 1914 Aristo·

2159 1956 2359 2031 teles
2400 1957 2490 2029 de
2534 1955 2923 2048 grandine
2955 1961 3029 2027 in
3068 1961 3193 2026 isto
3216 1961 3464 2047 primo,
3512 1956 3700 2048 quia

2157 2094 2317 2146 non
2365 2075 2688 2149 videtur
2720 2094 2975 2165 quare
3033 2073 3170 2146 nix
3214 2074 3480 2167 possit
3528 2074 3700 2146 des-

2155 2190 2492 2264 cendere
2589 2190 2669 2263 in
2728 2193 2959 2264 tanta
3034 2189 3448 2272 distantia,
3510 2189 3701 2283 quin

2155 2312 2433 2401 partes
2466 2307 2903 2398 angulares
2934 2295 3536 2398 deponerentur
3559 2325 3703 2398 per

2153 2423 2860 2505 confirmationem,
2898 2426 2979 2496 et
3020 2443 3167 2515 per
3196 2442 3698 2514 consequens

2153 2539 2384 2614 debet
2426 2538 2879 2614 rotundari.
2918 2539 3303 2620 Secundo,
3328 2558 3696 2630 sequere-

2156 2658 2296 2728 tur
2337 2656 2544 2747 quod
2586 2674 3002 2747 nunquam
3044 2655 3369 2728 caderet
3402 2654 3542 2726 nix
3585 2654 3697 2726 ni·

2129 2769 2227 2842 ,si
2261 2790 2446 2843 cum
2491 2769 2790 2863 pluvia.
2836 2774 3356 2862 Consequens
3405 2774 3700 2844 contra

2154 2886 2776 2980 experientiam,
2819 2890 2901 2961 et
2965 2887 3370 2982 probatur
3427 2907 3700 2959 conse-

2159 3003 2518 3097 quentia;
2567 3004 2756 3097 quia
2803 3024 2965 3076 non
2986 3003 3307 3077 videtur
3338 3002 3701 3096 quodnix

2160 3121 2423 3215 possit
2447 3142 2493 3193 a
2535 3125 2767 3196 tanta
2784 3121 3174 3196 distantia
3194 3122 3697 3204 descendere,

2156 3238 2348 3330 quin
2383 3239 2676 3332 aliquae
2722 3245 3007 3333 partes
3048 3238 3697 3332 ejusliquefiant,

2156 3358 2237 3428 et
2268 3361 2867 3431 convertantur
2900 3356 2982 3428 in
3023 3375 3344 3448 aquam.
3391 3356 3696 3438 Terti0,

2160 3478 2649 3562 sequeretur
2681 3474 2888 3565 quod
2943 3474 3023 3545 in
3067 3473 3326 3546 media
3371 3472 3703 3563 regione

2156 3608 2319 3662 non
2352 3595 2896 3683 generaretur
2928 3590 3226 3684 pluvia,
3276 3590 3467 3682 quia
3503 3611 3705 3662 sem-

2160 3707 2572 3800 perestibi
2606 3706 3005 3797 frigusita
3037 3705 3472 3788 intensum,
3493 3708 3705 3799 quod

2157 3824 2388 3916 prius
2406 3824 2638 3897 debet
2677 3843 2940 3916 vapor
2972 3822 3419 3914 congelari,
3459 3843 3701 3915 quam

2160 3944 2698 4015 convertatur
2748 3939 3175 4031 inaquam.

3612 394 3725 457 105

3725 1262 3955 1392 0ωέἶὲεο
3992 1324 4039 1378 ι.

3740 2571 3990 2622 Secunda
4001 2605 4016 2622 .

3787 3379 3996 3433 Tertia.

2249 4058 2366 4131 Ad
2442 4058 2625 4140 ista,
2665 4062 2746 4132 et
2794 4058 2892 4131 ad
2950 4056 3308 4151 primum
3347 4061 3696 4149 negatur
3720 4085 3878 4148 nup.
3973 4084 4048 4135 aa

2160 4176 2766 4267 consequentia,
2803 4176 2992 4268 quia
3021 4175 3162 4248 nix
3184 4179 3308 4249 est
3342 4176 3569 4248 valde
3594 4176 3700 4248 le-

3855 4148 3900 4200 ί.

54 4322 63 4335 ·
166 4318 467 4374 Quomodo
502 4316 729 4375 rore,
766 4290 1184 4385 grandine,
1241 4293 1322 4362 et
1372 4288 1691 4383 pruina.
1747 4288 2044 4372 Quinto

110 4385 471 4495 52-νέῗὲ
498 4408 1023 4489 conveniunt,
1059 4406 1250 4498 quia
1289 4410 1636 4497 utraque
1666 4406 1757 4479 fit
1785 4426 1884 4477 ex
1922 4424 2047 4476 ea-

48 4560 65 4633 3
114 4508 470 4632 ‘firm-‘f‘
503 4531 685 4603 dem
710 4526 938 4609 nube,
984 4544 1159 4617 quae
1207 4522 1475 4615 primo
1530 4522 2049 4596 convertitur

48 4638 67 4749 ζ
112 4648 235 4682 ’““”“
248 4632 477 4697 Ρι“”’“
504 4650 590 4723 in
619 4647 1006 4728 nivem,et
1026 4651 1312 4737 postea
1332 4643 1623 4717 cadens
1637 4641 2043 4724 deorsum,

2160 4294 2284 4366 vis
2329 4294 2409 4365 in
2465 4292 3086 4386 comparatione
3168 4294 3264 4366 ad
3305 4293 3511 4366 alias
3564 4294 3704 4366 im-

2162 4409 2631 4504 pressiones
2700 4430 3025 4501 aqueas,
3068 4414 3149 4484 et
3234 4410 3405 4483 ideo
3467 4431 3707 4483 casus

2160 4524 2337 4617 ejus
2369 4523 2748 4597 deorsum
2788 4528 2913 4596 est
2941 4523 3171 4595 valde
3201 4523 3493 4606 lentus,
3519 4544 3707 4596 nam

2163 4644 2507 4733 propter
2574 4638 3053 4713 tarditatem
3115 4643 3387 4713 motus
3449 4640 3705 4734 ipsius

503 4765 923 4841 inveniens
1025 4761 1526 4836 caliditatem
1624 4757 2047 4832 inferioris

500 4880 868 4975 regionis
908 4878 1314 4973 liquescit,
1351 4882 1433 4952 et
1482 4876 1699 4949 cadit
1732 4876 2042 4969 pluvia;

497 4999 738 5093 cujus
794 4998 1121 5088 signum
1193 4999 1343 5076 est,
1434 4993 1643 5086 quod
1710 4992 1792 5064 in
1862 4993 2045 5065 istis

2161 4776 2324 4830 non
2367 4760 2697 4851 oportet
2744 4760 3024 4849 partes
3090 4757 3530 4847 angulares
3594 4761 3705 4854 ip-

2161 4872 2333 4947 sius
2405 4872 2765 4947 resecari
2826 4893 2971 4967 per
3020 4872 3702 4950 confricationem

2160 4993 2257 5065 ad
2281 5012 2583 5065 aerem.

499 5116 917 5193 montibus
949 5114 1141 5188 altis
1173 5112 1402 5205 prius
1445 5109 1710 5201 ningit
1772 5110 1852 5183 in
1919 5129 2044 5183 ca·
2247 5110 2362 5183 Ad
2396 5110 2830 5182 secundum
2863 5108 3163 5183 dicitur
3209 5110 3488 5183 eodem
3541 5133 3703 5184 mo·
3803 5124 3891 5175 Ad
3911 5122 3966 5175 2.

493 5232 1109 5321 cumine‚quam
1141 5227 1220 5298 in
1254 5227 1446 5319 pede
1472 5225 1925 5299 montiS.Et
1945 5246 2045 5297 ex
2157 5224 2280 5307 do,
2320 5225 2527 5317 quod
2550 5228 2820 5297 motus
2848 5228 2972 5297 est
3014 5224 3129 5298 ita
3151 5224 3447 5307 lentus,
3496 5228 3700 5318 quod

489 5352 649 5427 hoc
702 5350 977 5447 potest
1037 5342 1256 5423 reddi
1316 5362 1591 5424 causa,
1650 5361 1902 5434 quare
1963 5341 2044 5413 in
2156 5360 2300 5413 nec
2355 5339 2672 5421 mobile,
2707 5360 2852 5411 nec
2888 5340 3234 5412 medium
3275 5342 3543 5416 calefit
3601 5363 3700 5415 ex

488 5464 907 5559 aliquibus
976 5459 1389 5545 montibus
1440 5458 1579 5530 nix
1632 5463 1758 5532 est
1809 5458 2042 5550 quasi
2156 5457 2304 5532 tali
2340 5461 2592 5531 motu.

485 5575 1646 5690 perpetua‚ve1sa1temlongo
1672 5578 2042 5681 tempore
2246 5574 2358 5657 Ad
2399 5572 2766 5660 tertium,
2811 5573 2988 5651 dico
3039 5575 3244 5667 quod
3287 5594 3697 5668 nunquam
3806 5601 3968 5668 aaa,
