4252 6393
515 2037 595 2091 ¹0.

759 455 878 516 552
1923 455 2025 515 DE
2069 453 2336 517 RERUM
2380 452 2772 517 PRINClPlO

742 614 953 686 scire
987 614 1249 686 solum
1285 614 1839 697 habitualiter‚
1888 614 2004 686 sic
2035 614 2288 688 etiam

739 729 897 803 hic.
943 730 1163 802 Unde
1207 732 1299 803 ad
1343 732 1492 804 hoe
1539 731 1741 824 quod
1784 731 2055 803 anima
2105 751 2289 823 eog-

741 851 1028 920 noscat
1084 869 1167 920 se
1236 868 1438 948 csse,
1512 848 1637 919 vel
1700 848 2020 920 habitus
2081 849 2287 922 tales

741 965 1038 1037 habere
1082 963 1771 1046 habitudinaliter‚
1818 986 1977 1036 non
2020 965 2289 1057 requi-

745 1083 961 1157 ritur
1029 1082 1362 1174 species,
1419 1082 1548 1153 sed
1611 1082 1786 1154 sola
1849 1083 2288 1174 praesentia

743 1199 1192 1277 habituum,
1240 1202 1320 1270 et
1355 1219 1518 1270 suae
1552 1199 1952 1273 essentiae.
2010 1200 2122 1271 Ad
2166 1219 2289 1272 ac-

744 1314 1045 1388 tualem
1097 1316 1369 1386 autem
1413 1313 1964 1404 cognitionem
2007 1316 2085 1385 et
2133 1313 2282 1394 sui,

740 1435 820 1505 et
891 1450 1229 1503 suorum
1309 1430 1753 1510 habituum,
1831 1431 2289 1522 requiritur

740 1545 1168 1619 conversio
1221 1566 1468 1638 super
1509 1568 1616 1628 30,
1664 1551 1742 1619 et
1808 1568 2054 1639 super
2096 1569 2285 1619 suos

739 1662 1089 1744 habitus,
1139 1684 1313 1755 quae
1357 1665 1786 1736 conversio
1839 1668 1963 1737 est
2024 1668 2280 1746 actus,

739 1800 836 1851 cx
872 1800 1026 1871 quo
1070 1784 1256 1853 actu
1293 1802 1375 1853 30
1442 1784 1522 1854 et
1556 1779 1878 1854 habitus
1923 1803 2111 1853 suos
2154 1802 2284 1857 ac-

743 1895 1083 1970 tualiter
1113 1899 1557 1989 cognoscit.

834 2011 916 2086 Si
987 2033 1184 2085 vero
1258 2014 1691 2106 loquamur
1775 2014 1866 2086 de
1941 2018 2286 2089 secunda

742 2129 1250 2219 cognitione,
1353 2152 1507 2223 qua
1604 2131 1919 2205 scilicet
2011 2132 2284 2204 anima

737 2247 1271 2337 cognoscitur
1302 2248 1695 2329 absolute,
1744 2252 2134 2339 quantum
2190 2251 2282 2322 ad

739 2362 1295 2454 quidditatem,
1342 2367 1422 2437 et
1476 2364 2028 2456 proprietates
2074 2386 2286 2438 com-

739 2500 1019 2553 munes
1084 2482 1302 2554 omni
1372 2482 1691 2564 animm,
1787 2484 2088 2556 iterum
2160 2490 2284 2559 est

732 2595 1412 2688 distinguendum.
1520 2599 1633 2671 Ad
1728 2601 2282 2691 cognitionem

736 2712 951 2784 enim
993 2714 1084 2784 dc
1136 2733 1223 2784 re
1285 2714 1469 2805 quid
1531 2715 1682 2795 sit,·
1727 2716 1880 2787 duo
1951 2737 2284 2789 concur-

737 2831 954 2911 lunt,
1001 2829 1315 2903 scilicet
1382 2830 1948 2924 apprehensio,
1985 2834 2284 2926 etjudi-

402 2955 696 3019 Coonosce-
736 2943 951 3016 cium
1013 2946 1104 3016 de
1165 2964 1276 3017 re.
1335 2946 1415 3018 Si
1461 2946 2029 3021 consideretur
2083 2970 2282 3040 eigo

397 3032 459 3066 re
481 3033 583 3080 pet·
610 3033 716 3081 ap-

388 3081 708 3143 pune-›1³10-
741 3061 1104 3154 cognitio
1169 3063 1486 3145 animae,
1543 3066 1933 3155 quantum
2002 3066 2096 3137 ad
2154 3087 2283 3159 ap-

485 3158 624 3196 nem

741 3200 839 3273 pl
844 3177 1389 3263 ehensionem,
1435 3180 1735 3256 dicitur
1767 3183 1941 3271 quod
1971 3186 2135 3270 quid
2164 3199 2277 3265 cst

739 3316 878 3367 seu
947 3299 1245 3370 natura
1320 3317 1586 3369 causae
1649 3296 2286 3389 apprehenditui

737 3430 883 3502 per
953 3411 1286 3503 species,
1363 3432 1558 3503 quas
1629 3412 2184 3485 abstrahimus
2239 3436 2277 3485 a

739 3527 1134 3599 sensibus,
1185 3528 1428 3599 Ratio
1476 3531 1746 3600 autem
1810 3527 2049 3620 hujus
2091 3530 2284 3602 dicti

736 3647 884 3723 cst,
933 3642 1120 3735 quia
1164 3643 1371 3715 sicut
1426 3644 1768 3717 materia
1835 3644 2102 3736 prima
2162 3651 2286 3720 est

735 3758 817 3830 in
851 3760 1216 3851 potentia
1249 3759 1343 3830 ad
1379 3780 1653 3831 omnes
1687 3760 1996 3833 formas
2041 3765 2287 3835 mate-

737 3874 1011 3953 riales,
1050 3874 1167 3947 sic
1205 3874 1665 3948 intellectus
1701 3876 1794 3947 ad
1822 3897 2100 3949 omnes
2128 3878 2284 3950 for-

740 4005 914 4059 mas
971 3988 1551 4079 intelligibiles.
1614 3990 1832 4063 Unde
1875 3992 1955 4065 in
2000 3993 2283 4066 ordine

738 4103 1379 4196 intelligibilium
1424 4107 1539 4179 sic
1582 4110 1707 4182 cst
1743 4110 2108 4200 potentia
2151 4131 2284 4204 pu-

742 4240 858 4299 ra,
911 4224 996 4293 ut
1061 4222 1411 4295 materia
1467 4222 1546 4294 in
1604 4223 1885 4296 ordine
1952 4227 2281 4299 sensibi-

735 4338 986 4411 lium:
1044 4342 1122 4412 ct
1188 4340 1359 4412 ideo
1430 4341 1642 4414 sicut
1700 4345 2050 4417 materia
2121 4368 2279 4420 non

733 4461 855 4529 est
900 4456 1334 4539 sensibilis,
1372 4459 1531 4531 nisi
1565 4480 1709 4553 per
1752 4461 2103 4534 formam
2150 4486 2279 4535 su-

735 4574 1363 4665 pervenientem,
1425 4577 1541 4649 sic
1591 4597 1731 4649 nec
1786 4578 2273 4664 intellectus,

733 4690 891 4763 nisi
956 4711 1099 4783 per
1147 4690 1501 4763 sormam
1548 4714 1793 4785 super
1836 4694 2272 4780 inductam,

732 4824 975 4897 quam
1005 4811 1280 4894 speciem
1323 4809 1871 4880 communiter
1921 4811 2277 4903 appella-

733 4942 937 4993 mus.
998 4921 1239 5004 Unde,
1306 4926 1390 4995 ut
1459 4923 1651 4995 dicit
1713 4922 1882 4997 haec
1941 4927 2269 5017 positio,

732 5058 955 5110 mens
998 5041 1285 5111 nostra
1328 5060 1485 5111 non
1541 5041 1807 5132 potest
1857 5063 1939 5113 sc
1992 5062 2274 5135 apprc-

727 5151 1094 5234 hendere,
1169 5153 1284 5226 ita
1328 5154 1534 5245 quod
1578 5155 1930 5248 seipsa-m
1995 5155 2274 5229 imme-

724 5270 940 5342 diate
963 5270 1556 5363 apprehendat;
1596 5272 1728 5342 sed
1758 5293 1855 5343 ex
1885 5271 2033 5345 hoc
2069 5274 2275 5365 quod

727 5385 890 5457 alia
932 5385 1486 5478 apprehendit,
1525 5387 1838 5458 devenit
1877 5389 1956 5459 in
1991 5390 2113 5460 sui
2160 5390 2276 5482 ip-

727 5502 896 5574 sius
962 5502 1536 5591 cognitionem,
1625 5502 1836 5577 sicut
1905 5509 1985 5578 et
2046 5509 2273 5578 natu-

726 5637 904 5690 ram
959 5619 1325 5691 matoria>
1373 5619 1655 5712 primae
1700 5623 2269 5710 cognoscimus

2402 633 2502 684 ex
2543 612 2721 695 hoc,
2770 614 2974 705 quod
3016 616 3140 686 cst
3172 612 3464 686 talium
3497 611 3944 684 formarum

2404 727 2896 822 susceptiva.

2490 847 2819 919 Veritas
2885 849 3159 919 autem
3246 848 3431 929 ista,
3509 850 3595 920 ut
3651 846 3940 927 dicunt,

2402 965 2652 1054 patet,
2682 963 3162 1036 attendendo
3198 962 3547 1043 modum,
3587 982 3743 1053 quo
3778 961 3946 1034 Phi·

2404 1076 2723 1170 losophi
2757 1082 3143 1150 naturam
3186 1080 3479 1152 animae
3520 1079 3949 1170 investiga·

2404 1198 2619 1267 runt.
2692 1199 2812 1267 Ex
2890 1196 3041 1269 hoc
3120 1198 3339 1269 enim
3400 1197 3608 1288 quod
3682 1194 3947 1267 anima

2398 1313 2797 1386 veritates
2859 1333 3163 1396 rerum,
3241 1335 3376 1386 seu
3443 1313 3943 1388 universales

2400 1433 2742 1503 naturas
2810 1430 3260 1520 cognoscit,
3337 1430 3689 1523 percipit
3748 1429 3945 1521 quod

2403 1545 2713 1639 species
2814 1567 2958 1639 per
3027 1566 3270 1639 quam
3335 1546 3754 1640 intelligit,
3828 1547 3945 1619 est

2401 1664 3005 1746 immaterialis,
3087 1684 3233 1737 nec
3294 1665 3389 1738 ad
3456 1664 3609 1737 hoc
3679 1686 3764 1737 se
3825 1686 3946 1736 ex-

2401 1781 2653 1853 tendit
2727 1802 2869 1873 per
2929 1782 3384 1873 potentiam
3445 1780 3942 1852 sensitivam.

2400 1900 2501 1970 Et
2562 1918 2661 1968 ex
2717 1897 2869 1971 hoc
2928 1899 3138 1991 quod
3215 1899 3523 1992 species
3602 1903 3726 1973 est
3816 1898 3946 1969 im·

2400 2013 2884 2096 materialiS,
2949 2014 3230 2105 arguit
3282 2014 3733 2107 potentiam
3776 2036 3947 2086 esse

2399 2128 3056 2214 immaterialem,
3189 2134 3267 2203 et
3381 2151 3479 2202 ex
3555 2130 3710 2203 hoc
3778 2130 3945 2201 sub-

2400 2246 2791 2319 stantiam
2857 2247 3175 2330 animae,
3216 2248 3296 2320 in
3338 2268 3495 2340 qua
3536 2248 3945 2321 radicatur

2393 2361 2533 2433 illa
2626 2363 3017 2454 potentia,
3119 2385 3300 2436 esse
3433 2364 3941 2437 immateria-

2398 2474 2555 2546 lem
2601 2497 2744 2569 per
2776 2499 3302 2571 consequens.
3342 2482 3442 2552 Et
3477 2480 3593 2552 sic
3633 2500 3731 2552 ex
3767 2500 3944 2572 pro·

2402 2592 2917 2685 prietatibus,
2964 2599 3042 2667 et
3106 2595 3550 2688 speciebuS,
3612 2599 3691 2669 et
3752 2596 3942 2670 acti-

2399 2707 2542 2778 bus
2574 2709 2850 2799 arguit
2874 2709 2964 2781 de
2987 2731 3070 2782 se
3106 2711 3306 2803 ipsa,
3334 2712 3519 2802 quid
3546 2711 3676 2783 sit.
3717 2712 3942 2783 Hunc

2400 2823 2720 2895 modum
2798 2825 3230 2899 confirmat
3306 2828 3800 2902 Aristoteles
3877 2832 3938 2900 3.

2397 2942 2479 3008 cle
2543 2946 2789 3011 Anima
2849 2959 3008 3014 teme.
3073 2949 3139 3018 7.
3194 2948 3260 3018 8.
3332 2950 3410 3019 eb
3473 2950 3580 3020 15.
3641 2948 3939 3031 dicens,

2398 3057 2605 3147 quod
2664 3058 3125 3134 intellectus
3181 3065 3306 3134 est
3372 3063 3938 3154 intelligibilis.

2488 3175 2566 3247 si
2603 3177 3450 3271 autemloquamurde
3475 3181 3940 3275 cognitione
3973 3181 4121 3309 ιῳὲζ

2399 3292 2689 3364 animae
2724 3295 3408 3389 quoadjudicium,
3449 3319 3604 3389 quo
3630 3299 3945 3374 scilicet
3970 3322 4122 3421 νεώρει

2400 3408 2953 3499 imaginamui
2983 3414 3074 3483 (10
3117 3413 3391 3485 anima
3432 3415 3614 3506 quid
3682 3416 3817 3497 sit,
3863 3421 3949 3490 ut

2399 3525 3124 3617 apprehendamus,
3205 3532 3282 3601 et
3370 3532 3946 3605 concludamus

2397 3642 2869 3717 deductione
2901 3646 3288 3737 praedicta
3312 3647 3497 3739 quid
3529 3649 3757 3721 estin
3783 3650 3948 3721 ani-

2401 3778 2531 3829 ma
2594 3759 2769 3832 :sic
2834 3761 3283 3851 cognoscit,
3349 3765 3433 3835 ut
3484 3764 3787 3846 dicunt,
3865 3787 3948 3837 se

2400 3874 2687 3965 ipsam,
2731 3876 3209 3967 inquantum
3255 3877 3623 3951 intuetur
3657 3880 3947 3953 immu-

2396 3989 2727 4062 tabilem
2785 3994 3249 4076 veritatem,
3330 4017 3505 4086 quae
3559 4003 3681 4071 est
3733 4019 3945 4090 quae·

2395 4115 2575 4187 dam
2631 4120 2915 4209 regula
2958 4120 3206 4194 menti
3256 4124 3562 4194 nostrae
3606 4122 3950 4216 impres·

2398 4262 2511 4325 sa,
2595 4244 2689 4316 ad
2762 4266 3001 4337 quam
3092 4247 3574 4331 reducimus,
3648 4252 3725 4321 et
3806 4271 3952 4344 per

2397 4388 2634 4460 quam
2669 4374 3233 4445 examinamus
3260 4375 3531 4447 omnia
3565 4397 3743 4447 esse
3784 4398 3953 4451 rec-

2394 4496 2502 4577 ta,
2543 4516 2716 4587 quae
2762 4497 3243 4590 judicamus,
3292 4502 3721 4573 secundum
3769 4504 3954 4576 doc-

2390 4618 2699 4691 trinam
2803 4621 3235 4712 Augustini
3320 4626 3386 4695 9.
3467 4624 3560 4695 de
3642 4626 3946 4698 Trinit.

2391 4765 2565 4839 cap.
2607 4748 2673 4818 6.
2711 4749 2793 4817 ut
2839 4745 2952 4818 sic
2996 4747 3430 4820 secundum
3472 4747 3676 4821 hanc
3722 4752 3950 4843 posi-

2389 4871 2698 4942 tionem
2760 4890 2982 4942 mens
3032 4874 3320 4944 nostra
3388 4880 3952 4965 cognoscatur

2387 5015 2565 5066 esse
2599 4994 3132 5068 habitualiter
3175 5016 3319 5089 per
3367 4996 3763 5089 seipsam;
3810 5002 3949 5073 sed

2391 5141 2536 5213 per
2567 5124 2795 5193 actus
2841 5142 3029 5193 suos
3073 5122 3515 5196 actualiter
3566 5128 3775 5217 quod
3838 5128 3949 5222 ip-

2388 5267 2478 5319 sa.
2514 5246 2642 5327 sit,
2692 5246 3120 5337 arguitive,
3166 5267 3575 5339 nunquam
3629 5250 3950 5325 intuiti-

2384 5392 2504 5453 νο,
2544 5370 2619 5442 in
2658 5371 2803 5444 hac
2838 5372 3003 5443 vita
3041 5394 3185 5465 per
3220 5374 3531 5466 species
3584 5376 3949 5449 aliarum

2388 5518 2691 5577 rerum,
2729 5501 2807 5569 et
2843 5503 3235 5590 peractus
3270 5522 3460 5573 suos
3494 5502 3948 5595 apprehen-

2386 5623 3066 5715 siv03judicative
3100 5647 3323 5708 voro,
3371 5630 3450 5698 et
3527 5627 3946 5701 definitive
