4252 6393
1676 377 2040 459 QUAESTIO
2083 379 2248 443 xvn

362 547 480 620 ria
539 549 616 620 et
660 545 928 619 forma
972 545 1144 626 tali,
1222 544 1658 616 seeundum
1729 563 1900 635 spe-

355 665 554 738 eiem
615 664 731 736 sie
770 662 1315 736 determinata
1372 663 1478 748 (et
1531 659 1704 731 ideo
1759 658 1901 730 illo

351 781 802 874 composito
843 781 1267 872 corrupto,
1302 781 1380 850 et
1417 776 1578 850 alio
1621 775 1720 848 ab
1762 775 1899 846 illo

355 903 861 990 regenerato,
939 894 1588 987 corrumpuntur
1647 891 1899 966 etiam

351 1035 491 1108 per
525 1035 608 1087 se
641 1013 804 1086 alia
872 1010 1316 1085 accidentia
1351 1011 1692 1102 propter
1724 1027 1900 1080 eon·

348 1131 865 1204 trarietatem
908 1129 1004 1200 ad
1045 1128 1262 1200 aliud
1302 1125 1891 1219 compositum3

347 1250 419 1321 et
491 1267 654 1321 non
723 1247 987 1318 solum
1033 1247 1372 1337 propter
1440 1241 1896 1334 corruptio-

346 1383 525 1436 nem
568 1361 937 1456 subjeeti>
981 1362 1097 1434 ita
1130 1361 1379 1433 etiam
1422 1357 1890 1438 accidentia,

348 1498 518 1569 quae
573 1476 846 1549 insunt
913 1475 1232 1548 ratione
1296 1473 1687 1555 materiae,
1735 1493 1895 1545 non

352 1597 535 1667 sunt
595 1598 987 1685 tanquam
1045 1593 1124 1664 in
1169 1591 1535 1684 subjecto
1592 1610 1737 1683 per
1780 1611 1890 1671 se,

345 1710 499 1782 nisi
544 1710 624 1783 in
657 1710 1116 1802 composito
1149 1729 1247 1780 ex
1282 1707 1633 1780 materia
1667 1711 1748 1779 et
1780 1709 1895 1777 ta-

348 1830 399 1902 li
481 1828 774 1911 forma,
848 1828 1379 1900 discurrendo
1461 1847 1604 1920 per
1685 1825 1891 1898 tales

347 1947 656 2018 formas
689 1946 771 2018 in
814 1944 1160 2026 entibus,
1218 1943 1507 2036 quibus
1550 1946 1895 2037 possunt

346 2085 553 2136 esse.

433 2183 533 2253 Et
606 2179 1043 2253 seeundum
1113 2178 1265 2251 hoe
1315 2179 1566 2250 etiam
1606 2197 1894 2250 verum

341 2300 489 2378 est,
527 2296 736 2388 quod
768 2294 958 2388 quia
991 2294 1536 2388 compositum
1576 2314 1674 2365 ex
1707 2293 1896 2366 tali-

340 2412 485 2485 bus
554 2413 846 2486 formis
914 2412 1402 2505 partialibus
1470 2416 1595 2484 est
1665 2412 1894 2505 quasi

345 2549 492 2622 pro
554 2549 715 2602 uno
758 2529 1124 2621 subjecto
1193 2528 1439 2601 alicui
1483 2527 1630 2602 tali
1690 2530 1894 2602 aoei-

338 2646 558 2720 denti
595 2646 1031 2719 seeundum
1065 2645 1440 2739 speeiem,
1467 2666 1628 2718 non
1663 2665 1893 2739 opor·

339 2765 454 2835 tet
492 2764 699 2856 quod
738 2763 1137 2854 corrupto
1176 2762 1325 2834 tali
1373 2762 1735 2855 subjecto
1772 2784 1893 2834 se-

339 2878 687 2952 eundum
787 2878 1136 2950 formam
1240 2879 1888 2960 substantialem,

339 2999 936 3088 corrumpatur
983 2995 1147 3067 tale
1199 2994 1569 3068 accidens
1620 3017 1893 3068 seeun-

338 3112 528 3184 dum
573 3111 976 3206 speeiem:
1058 3112 1244 3205 quia
1314 3116 1893 3203 regeneratum

336 3251 437 3302 ex
480 3233 881 3323 corrupto
925 3234 1195 3322 potest
1245 3251 1422 3303 esse
1477 3230 1668 3304 talis
1724 3251 1894 3323 spe-

335 3346 519 3428 eiei,
563 3345 695 3418 eui
735 3347 1114 3422 convenit
1154 3348 1317 3420 tale
1385 3346 1776 3429 accidens,
1813 3348 1891 3419 et

340 3463 459 3534 sie
499 3466 890 3543 remanet,
939 3462 1085 3536 tali
1128 3461 1536 3535 aoeidente
1578 3482 1735 3534 uno
1781 3482 1893 3534 se-

335 3580 689 3651 eundum
752 3578 1103 3671 speeiem
1162 3582 1560 3659 manente,
1606 3598 1895 3649 eonve-

334 3694 572 3767 niens
616 3694 1093 3787 subjeetum.

427 3811 652 3883 Unde
695 3831 856 3883 non
935 3811 1508 3903 corrumpitur
1569 3831 1713 3901 per
1782 3831 1888 3889 se,

337 3926 683 4011 scilieet,
715 3932 1057 4020 propter
1088 3927 1764 3999 contrarietatem
1800 3927 1896 3997 ad

339 4043 564 4116 aliud
659 4044 1208 4136 compositum
1274 4072 1287 4114 :
1394 4045 1527 4116 sed
1623 4047 1893 4117 manet

335 4183 596 4234 unum
629 4162 998 4236 accidens
1035 4162 1469 4235 seeundum
1513 4161 1890 4254 speeiem,

339 4279 540 4371 quia
603 4279 856 4352 etiam
930 4279 1202 4351 omnia
1262 4278 1463 4350 talia
1536 4278 1898 4369 subiecta

337 4397 537 4466 sunt
570 4396 642 4467 ei
677 4394 910 4487 quasi
972 4413 1220 4466 unum
1271 4393 1721 4484 subjeetum
1785 4412 1900 4462 se-

332 4509 688 4583 eundum
733 4509 1086 4602 speeiem
1124 4534 1139 4589 ;
1196 4509 1328 4581 sed
1370 4507 1559 4600 quia
1611 4508 1706 4579 ad
1750 4507 1898 4580 hoe

335 4628 557 4718 quod
613 4627 938 4719 aliquod
986 4625 1356 4699 aeeidens
1413 4624 1899 4698 diversifice-

332 4749 485 4818 tur
520 4744 954 4819 seeundum
980 4743 1439 4825 materiam,
1477 4744 1902 4817 etdieatur

336 4882 529 4935 esse
585 4864 1069 4953 corruptum
1111 4863 1191 4934 et
1237 4862 1745 4951 generatum,
1820 4861 1900 4929 et

337 4979 649 5070 aliquid
690 4979 909 5051 aliud
951 4978 1382 5050 seeundum
1438 4974 1895 5055 materiam,

338 5095 652 5170 suffieit
712 5095 919 5187 quod
978 5094 1153 5186 ejus
1203 5117 1359 5174 esse,
1415 5092 1542 5164 vel
1596 5092 1899 5165 entitas

337 5210 871 5285 accidentalis
954 5207 1645 5299 interrumpatur,
1739 5226 1899 5277 non

340 5329 749 5409 obstante,
798 5325 1003 5418 quod
1048 5325 1372 5396 maneat
1415 5323 1691 5396 eadem
1737 5342 1898 5394 ma-

337 5443 591 5525 teria,
631 5444 759 5516 vel
800 5442 1008 5515 idem
1042 5440 1520 5533 subjeetum.
1567 5438 1784 5509 Unde
1829 5439 1897 5510 si

341 5559 656 5654 aliquid
695 5559 801 5634 sit
841 5556 1188 5633 calidum
1234 5556 1311 5628 in
1364 5574 1622 5636 mane,
1671 5553 1893 5644 frigi-

3431 377 3550 442 607

2020 543 2205 614 dum
2240 542 2319 612 in
2363 540 2721 622 meridie,
2765 544 2844 613 et
2881 538 3180 612 iterum
3215 540 3564 614 ealidum

2020 658 2098 730 in
2140 678 2504 751 vespere,
2579 661 2899 730 constat
2944 657 3150 750 quod
3212 663 3338 732 est
3400 659 3565 731 alia

2014 778 2094 848 et
2155 775 2318 847 alia
2378 774 2751 848 caliditas
2825 775 2904 847 in
2972 795 3360 848 numero:
3448 778 3565 851 ita

2012 890 2263 962 etiam
2307 912 2489 964 eum
2541 891 2757 964 faeta
2809 891 3413 985 interruptione
3487 894 3566 966 in

2010 1029 2167 1087 esse,
2216 1012 2296 1080 et
2347 1006 2691 1080 entitate
2747 1007 3115 1099 subjecti,
3185 1014 3564 1101 oporteat

2010 1123 2189 1194 fieri
2236 1124 2921 1216 interruptionem
2957 1125 3036 1197 in
3077 1149 3212 1194 esse
3242 1130 3319 1198 et
3362 1127 3565 1200 enti-

2011 1241 2181 1309 tate
2217 1237 2577 1310 omnium
2613 1238 2973 1320 illorum,
3001 1260 3172 1331 quae
3196 1240 3562 1331 subjecto

2010 1348 2310 1434 insunt,
2355 1357 2436 1426 et
2468 1373 2628 1423 non
2671 1352 2966 1427 habent
3005 1377 3137 1422 esse
3176 1357 3563 1446 tanquam

2011 1468 2089 1540 in
2133 1489 2281 1561 per
2316 1491 2399 1541 se
2445 1468 2834 1562 subjecto,
2890 1470 3048 1542 nisi
3101 1470 3182 1543 in
3241 1492 3565 1563 compo·

2010 1587 2169 1659 sito
2210 1608 2309 1658 ex
2354 1587 2701 1659 materia
2758 1589 2838 1660 et
2882 1586 3176 1670 forma,
3239 1609 3423 1662 eum
3466 1611 3565 1660 ex

2009 1723 2171 1775 uno
2206 1702 2572 1794 subjecto
2615 1709 3013 1796 corrupto
3060 1704 3277 1778 aliud
3332 1724 3562 1796 gene-

2008 1823 2289 1902 ratur;
2340 1824 2669 1912 oportet
2714 1821 2921 1912 quod
2976 1822 3331 1894 variatio
3387 1823 3557 1903 fiat,

2008 1956 2171 2009 non
2206 1936 2471 2008 solum
2506 1939 2939 2009 seeundum
2984 1937 3340 2011 formam
3388 1938 3565 2010 sub-

2011 2052 2506 2134 stantialem,
2557 2053 2688 2125 sed
2728 2053 2975 2125 etiam
3022 2055 3162 2129 fiat
3204 2055 3563 2129 variatio

2009 2169 2088 2241 in
2117 2170 2515 2253 omnibus,
2550 2195 2725 2265 quae
2759 2174 3216 2266 composito
3257 2175 3558 2262 insunt,

2009 2285 2179 2358 sive
2225 2286 2332 2361 sit
2375 2288 2757 2378 qualitaS‚
2800 2289 2969 2362 sive
3012 2291 3174 2363 alia
3207 2292 3563 2366 acciden-

2006 2399 2149 2470 tia.

2099 2519 2246 2592 Sed
2277 2540 2562 2592 verum
2583 2526 2731 2604 est,
2772 2524 2977 2614 quod
2999 2525 3239 2612 (sieut
3260 2526 3561 2600 dietum

2007 2639 2162 2725 est)
2203 2637 2565 2727 quaedam
2626 2638 2715 2709 fit
2764 2638 3147 2721 variatio,
3198 2644 3277 2714 et
3336 2645 3562 2715 tran-

2010 2753 2597 2828 substantiatio
2652 2777 2797 2848 per
2867 2779 2975 2840 se,
3046 2758 3383 2841 seilicet,
3431 2782 3562 2832 ra-

2005 2869 2230 2944 tione
2271 2872 2917 2954 contrarietatis,
2967 2895 3139 2966 quae
3180 2880 3305 2949 est
3347 2876 3564 2949 inter

2009 2985 2152 3057 illa
2189 3014 2202 3056 :
2248 2989 2611 3079 quaedam
2656 2993 2928 3062 autem
2967 2991 3284 3064 ratione
3319 2992 3562 3066 inter-

2011 3102 2419 3194 ruptionis
2465 3103 2544 3175 in
2592 3104 2935 3177 entitate
2999 3107 3368 3200 subjecti,
3421 3130 3564 3203 per

2007 3239 2511 3311 eonsequens
2567 3220 3215 3314 interrumpente
3261 3226 3557 3307 omnia,

2009 3356 2183 3426 quae
2232 3339 2418 3409 sunt
2468 3336 2548 3407 in
2585 3337 2977 3428 subjecto.
3035 3340 3562 3416 Manifestum

2006 3455 2130 3525 est
2163 3473 2388 3545 erge,
2428 3455 2634 3545 quod
2678 3475 2923 3528 unum
2967 3460 3045 3528 et
3092 3455 3300 3530 idem
3356 3458 3560 3530 aoei-

2006 3569 2195 3641 dens
2232 3572 2668 3644 seeundum
2705 3574 3056 3664 speeiem
3091 3579 3561 3668 potestesse

2010 3685 2089 3756 in
2133 3686 2477 3759 diversis
2540 3689 2953 3781 subjectis,
3008 3713 3358 3784 quorum
3404 3715 3562 3767 una

2008 3804 2278 3875 forma
2321 3807 2443 3876 est
2486 3827 2585 3878 ex
2631 3806 2795 3878 alia
2838 3815 3232 3899 generata
3276 3838 3289 3881 ε
3338 3814 3416 3883 et
3462 3833 3560 3884 ex

2006 3919 2158 3993 hoe
2202 3922 2537 4015 proprie
2569 3943 2728 3994 non
2791 3925 3090 3997 dieitur
3135 3927 3213 3999 in
3254 3928 3559 4000 duobus

2009 4037 2423 4130 subjectis,
2481 4039 2612 4111 sed
2648 4040 2852 4130 quod
2877 4040 3278 4115 albedines
3304 4044 3558 4115 ambae

2009 4155 2219 4228 tales
2254 4155 2726 4245 subjectatae
2763 4156 2921 4229 sint
2987 4159 3213 4251 quasi
3258 4160 3337 4232 in
3403 4182 3559 4232 uno

2012 4272 2379 4364 subjecto
2423 4274 2855 4346 seeundum
2893 4275 3266 4366 speeiem.

2130 4390 2228 4461 Et
2300 4388 2687 4462 similiter
2755 4410 3041 4462 verum
3111 4395 3261 4474 est,
3355 4395 3561 4485 quod

2014 4504 2218 4577 idem
2280 4504 2671 4585 accidens,
2757 4507 2963 4597 quod
3021 4511 3143 4579 est
3215 4508 3418 4581 idem
3481 4514 3561 4584 et

2013 4636 2261 4690 unum
2306 4623 2738 4694 seeundum
2787 4623 3162 4715 speeiem,
3220 4645 3381 4699 non
3438 4632 3562 4700 est

2015 4735 2095 4806 in
2140 4735 2462 4818 talibus,
2511 4741 2599 4811 ut
2638 4739 2790 4810 duo
2844 4743 3055 4821 sunt,
3093 4744 3171 4813 et
3217 4746 3300 4814 ut
3342 4742 3563 4815 diffe-

2019 4855 2249 4931 runt;
2301 4852 2432 4923 sed
2485 4856 2572 4926 ut
2607 4859 2794 4928 sunt
2839 4876 3110 4938 unum,
3156 4861 3236 4931 et
3279 4879 3560 4932 eonve-

2015 4967 2272 5049 niunt,
2340 4970 2773 5041 secundum
2835 4972 3041 5062 quod
3112 4973 3314 5046 idem
3358 4976 3563 5048 aeei-

2014 5086 2205 5157 dens
2277 5086 2712 5159 seeundum
2783 5108 3214 5163 numerum
3294 5097 3418 5167 est
3481 5094 3561 5165 in

2017 5202 2383 5293 pluribus
2432 5202 2842 5296 subjeetiS,
2897 5224 3057 5277 non
3100 5206 3363 5280 solum
3414 5209 3560 5281 dif-

1985 5312 2460 5393 ‘ferentibus
2504 5323 2935 5394 seeundum
2992 5326 3368 5417 speeiem,
3426 5329 3557 5399 sed

2012 5435 2369 5527 ejusdem
2462 5438 2784 5531 speciei,
2873 5460 3221 5531 quorum
3311 5463 3560 5515 unum

2013 5553 2240 5644 prius
2277 5552 2513 5625 habet
2574 5578 2729 5636 esse,
2789 5555 3006 5630 aliud
3059 5579 3255 5631 vero
3301 5565 3560 5653 poste-
