4252 6393
379 2194 468 2243 An
502 2126 704 2254 ἱρόἆενε-

405 2255 574 2315 factio
596 2253 667 2302 sit

377 2316 645 2381 possibilis

729 453 850 517 216

721 614 987 706 hujus,
1064 612 1381 705 qualem
1459 606 2028 682 certitudinem
2084 602 2254 673 haec

719 729 1064 804 scientia
1106 727 1466 800 haberet.

806 849 1212 929 Quantum
1267 845 1361 915 ad
1403 842 1758 935 primum
1814 842 2103 931 reputo
2164 838 2256 911 ti-

721 966 985 1039 tulum
1021 962 1496 1057 quaestionis
1550 961 1753 1033 satis
1795 980 1971 1031 esse
2021 977 2259 1049 expo-

724 1082 975 1155 situm
1036 1080 1116 1151 in
1170 1079 1639 1171 exponendo
1699 1075 2255 1168 quaestionem,

723 1198 912 1290 quia
979 1218 1164 1269 cum
1213 1195 1616 1289 qua‘ritur
1671 1198 1946 1267 utrum
1995 1197 2260 1285 putre-

721 1314 972 1387 factio
1048 1314 1156 1386 sit
1225 1311 1665 1405 possibilis,
1730 1315 1852 1383 est
1912 1313 2257 1389 tantum,

727 1435 1145 1523 quantum,
1186 1434 1465 1503 utrum
1515 1428 1893 1522 possibile
1927 1426 2033 1499 sit
2083 1424 2261 1496 fieri

726 1545 1434 1639 putrefactionem,
1506 1545 1631 1616 vel
1689 1566 1891 1623 esse,
1944 1543 2070 1613 vel
2128 1541 2265 1613 ali-

726 1664 930 1755 quod
974 1661 1420 1756 putrefieri,
1448 1661 1573 1733 vel
1615 1664 2106 1753 putrescere,
2155 1660 2269 1732 ita

728 1780 932 1871 quod
1015 1778 1425 1872 possibilis
1496 1778 1601 1851 sit
1685 1782 1979 1857 motus,
2038 1776 2269 1868 quasi

731 1915 1009 1966 rerum
1054 1894 1581 1967 similitudine
1628 1895 1716 1965 ad
1781 1898 2092 1966 motum
2139 1914 2270 1985 pu·

727 2009 1244 2084 trefactionis
1284 2011 1550 2083 dantis
1600 2033 1642 2082 e
1685 2009 2133 2083 contrarie.

824 2127 933 2198 Ad
1000 2127 1422 2199 videndum
1494 2126 1751 2217 igitur
1817 2131 2095 2199 utrum
2166 2126 2272 2200 sit

679 2242 1120 2365 'possibile
1238 2242 1413 2314 fieri
1548 2242 2266 2334 putrefactionem,

736 2364 1064 2452 oportet
1112 2359 1385 2431 videre
1439 2358 1504 2429 si
1557 2379 1823 2432 causa*
1865 2359 2040 2452 ejus
2109 2359 2273 2432 sint

736 2476 1163 2570 possibiles
1239 2497 1442 2546 esse.
1513 2475 1730 2547 Unde
1783 2476 2272 2559 Aristoteles

733 2593 1228 2682 imaginatus
1253 2596 1376 2664 est
1407 2593 1879 2685 aliqualiter
1913 2598 2273 2667 remotas

730 2724 1042 2782 causas'
1077 2732 1252 2781 esse
1293 2711 1692 2782 elementa
1764 2714 2140 2802 quatuor,
2195 2715 2275 2784 et

733 2828 1048 2908 coelum,
1086 2832 1464 2919 etpostca
1495 2828 2275 2921 magispropinquas

734 2949 1088 3038 quatuor
1123 2945 1558 3037 qualitates
1595 2946 1928 3038 primaS,
1961 2967 2273 3019 sumen-

732 3063 829 3132 do
863 3082 1293 3134 numerum
1339 3063 1793 3154 specierum
1835 3083 1993 3134 non
2035 3063 2274 3155 aequi-

737 3177 1186 3252 valentium
1223 3178 1300 3250 in
1345 3178 1915 3270 significando;
1970 3185 2050 3254 et
2083 3180 2270 3255 ista-

735 3315 917 3367 rum
980 3295 1457 3368 ultimarum
1517 3296 1711 3367 duas
1774 3296 2276 3386 imaginatur

737 3412 1052 3484 activas
1153 3411 1802 3503 putrefactionis,
1902 3418 1982 3485 ct
2076 3414 2273 3486 duas

735 3529 1132 3622 passivaS,
1172 3528 1243 3598 id
1293 3533 1441 3609 est,
1487 3531 1691 3620 quod
1725 3529 1920 3609 duae,
1961 3531 2273 3607 scilieet

735 3643 1111 3717 caliditas
1178 3647 1259 3716 et
1312 3643 1746 3733 frigiditas,
1814 3650 2061 3734 agant
2140 3668 2273 3738 pu-

737 3769 1337 3849 trefactionem,
1427 3773 1507 3841 et
1576 3768 1726 3840 hoc
1799 3770 2066 3852 simul,
2150 3773 2273 3842 vel

734 3886 1093 3968 divisium
1132 3890 1212 3959 et
1245 3886 1424 3956 aliae
1456 3886 1628 3956 duze
1665 3892 1851 3960 sunt
1886 3892 2273 3980 tanquam

733 4001 1339 4093 dispositiones,
1384 4022 1582 4093 quas
1630 4003 1975 4093 requirit
2030 4009 2274 4077 mate·

738 4127 888 4208 ria,
929 4128 1242 4200 scilicet
1284 4127 1723 4202 humiditas
1781 4135 1861 4204 et
1914 4132 2269 4214 siccitaS,

737 4253 863 4324 vel
902 4254 1169 4336 simul,
1229 4254 1353 4326 vel
1388 4255 1709 4328 divisim
1749 4257 2023 4330 adhoc
2070 4259 2276 4350 quod

744 4377 1061 4466 possint
1148 4379 1316 4468 pati
1406 4380 2115 4471 putrefactionem,
2191 4381 2276 4454 li-

740 4507 868 4575 cet
929 4506 1200 4575 tamen
1273 4503 1350 4574 in
1411 4526 1495 4575 se
1567 4506 2004 4596 qualitates
2080 4508 2277 4581 acti-

743 4648 861 4698 vae
953 4629 1151 4709 istm,
1254 4629 1567 4703 scilicet
1645 4630 2081 4705 humiditas
2196 4639 2278 4707 et

745 4750 1104 4832 siccitas,
1178 4774 1360 4826 cum
1447 4753 1903 4827 substantia
1982 4755 2274 4847 princi-

742 4876 1044 4966 paliter
1107 4897 1347 4968 passa
1391 4878 1496 4952 sit
1560 4876 2268 4969 putrefactionem,

735 5001 858 5072 vel
911 5000 1118 5072 alias
1165 5002 1680 5093 operationes
1716 5003 2139 5094 quaslibet,
2184 5005 2274 5078 ‹le

737 5128 1023 5219 quibus
1054 5127 1131 5198 in
1165 5126 1314 5198 hoc
1360 5134 1653 5218 quarto
1687 5130 1904 5210 dicit,
1944 5132 2034 5201 ad
2073 5152 2273 5221 quas

736 5253 898 5324 sint
980 5252 1137 5324 ista,
1205 5252 1641 5344 disposita;
1721 5255 1909 5344 quia
1984 5255 2273 5327 coelum

737 5407 894 5459 non
939 5388 1238 5459 habens
1267 5383 1494 5459 istas,
1532 5401 1674 5451 nec
1700 5380 2057 5472 aliquam
2088 5381 2276 5455 ista-

744 5533 948 5590 rum,
988 5531 1147 5581 non
1205 5509 1476 5602 potest
1524 5506 1688 5596 pati
1754 5506 2275 5597 putrefactio-

740 5657 948 5719 nem,
1005 5657 1146 5706 nec
1199 5633 1409 5722 ignis
1464 5632 1760 5708 hahens
1815 5633 2076 5710 solum
2132 5633 2276 5710 sic-

1942 441 2058 503 LlB
2136 442 2232 502 lV.
2282 429 2826 501 Mss'rssouoRUM

2370 598 2706 670 citatem
2752 592 2925 665 sine
2958 587 3473 668 humiditate,
3502 589 3589 660 ut
3615 583 3899 658 dicitur

2371 713 2452 784 in
2482 711 2791 783 littera.

2462 841 2714 911 ,Juxta
2794 834 3000 928 quod
3065 832 3507 907 notandum
3597 834 3745 911 est,
3823 835 3903 904 ut
4030 845 4090 897 n.

2377 956 2670 1050 opinor
2718 975 2903 1026 cum
2938 951 3149 1032 aliis,
3198 950 3403 1042 quod
3461 969 3609 1021 nec
3652 945 3902 1018 solum

2374 1072 2794 1144 humidum
2843 1088 3175 1142 manens
3226 1087 3411 1140 cum
3472 1085 3733 1159 pauca
3778 1064 3906 1135 hu-

2379 1192 2747 1265 miditate
2791 1191 2963 1262 sinc
2997 1191 3271 1282 aliqua
3306 1186 3700 1260 mixtione
3744 1206 3907 1278 pos-

2379 1310 2487 1383 sit
2531 1308 2984 1403 putrefieri,
3052 1308 3225 1379 ideo
3282 1327 3425 1379 nec
3487 1324 3721 1396 aqua,
3775 1323 3909 1378 nec

2379 1430 2633 1508 terra,
2737 1445 2882 1498 nec
2982 1445 3149 1506 aer,
3244 1422 3402 1495 nisi
3489 1423 3909 1495 secundum

2380 1547 2660 1637 partes
2703 1541 3252 1615 miscerentur
3297 1559 3485 1612 cum
3535 1537 3915 1612 siccitati·

2380 1661 2551 1741 bus,
2639 1659 2766 1730 vel
2855 1656 3497 1737 humiditatibus,
3591 1662 3916 1749 possent

2384 1776 2803 1868 putrefieri
2842 1776 3019 1868 plus
3079 1795 3320 1867 quam
3381 1774 3618 1865 ignis.
3665 1776 3767 1847 Et
3806 1771 3916 1844 sic

2384 1893 2753 1984 loquitur
2792 1892 3284 1966 Aristoteles
3317 1892 3408 1963 ‹lc
3443 1890 3914 1984 praemissis,

2387 2010 2589 2101 quod
2626 2009 2741 2081 sic
2780 2012 3122 2101 possunt
3155 2008 3376 2101 loqui
3409 2008 3499 2081 dc
3540 2008 3754 2090 aliis,
3791 2029 3920 2080 un-

2386 2127 2476 2196 (le
2516 2125 2709 2198 dicit
2746 2124 2824 2195 in
2851 2125 3158 2206 littera,
3204 2128 3519 2205 Quinimo
3552 2127 3924 2216 lopicaliler

2385 2244 2638 2310 dicitur
2683 2265 2819 2310 esse
2881 2246 3440 2330 putrefactionem
3481 2246 3557 2311 in
3605 2246 3717 2325 iix,
3787 2265 3925 2331 quae

2384 2359 2744 2426 secundum.
2779 2372 3043 2447 partem
3091 2371 3611 2447 corrumpuntur
3648 2382 3798 2429 cum
3826 2381 3924 2427 se-

2381 2486 2713 2564 parentur
2749 2500 2789 2543 a
2829 2488 3102 2559 natura,
3143 2489 3421 2566 propter
3466 2477 3641 2565 quod
3672 2488 3927 2566 putres·

2387 2606 2542 2660 cunt
2590 2596 2817 2660 omnia
2875 2606 3146 2682 excepto
3184 2597 3359 2682 ique.
3413 2595 3634 2667 Unde
3674 2593 3926 2686 loqui·

2390 2708 2665 2781 turibi
2705 2708 2796 2779 de
2841 2708 3214 2780 omnibus
3268 2710 3767 2782 materiebus
3810 2731 3927 2782 se·

2388 2827 2729 2898 cundum
2790 2830 3108 2919 partem
3154 2825 3234 2897 in
3282 2827 3799 2920 corporibus,
3853 2830 3931 2900 et

2392 2942 2695 3023 mixtis,
2743 2947 2823 3016 et
2873 2964 3034 3015 non
3069 2944 3576 3017 manentibus
3608 2945 3686 3017 in
3723 2966 3930 3018 sum-

2392 3079 2522 3131 ma
2619 3059 3178 3153 simplicitate.
3276 3062 3499 3134 Unde
3586 3066 3931 3155 apparet

2392 3177 3198 3270 propinquissimam,
3272 3178 3398 3252 vel
3471 3180 3929 3272 proximam

2389 3314 2719 3366 causam
2758 3295 3269 3369 materialem
3307 3295 3935 3388 putrefactionis

2388 3432 2567 3481 esse
2625 3412 3051 3502 quamdam
3100 3411 3532 3485 materiam
3584 3412 3935 3505 permix-

2391 3526 2536 3598 tim
2609 3527 3035 3601 habentem
3110 3528 3676 3602 humiditatem
3750 3549 3932 3602 cum

2392 3642 2789 3725 siccitate,
2831 3648 2911 3717 et
2957 3643 3106 3715 hoc
3152 3644 3231 3715 in
3278 3645 3552 3735 aliqua
3592 3664 3935 3737 propor-

2393 3759 2611 3834 tione
2688 3760 3207 3834 Geometrica
3281 3761 3829 3835 determinata
3890 3781 3935 3832 a

2390 3883 2714 3958 natura,
2773 3882 2858 3949 ut
2899 3876 3093 3950 dicit
3160 3875 3482 3968 quidam
3546 3877 3934 3969 antiquus

2393 3995 2860 4087 Expositor,
2934 3993 3337 4066 Henricus
3409 3993 3766 4074 nomine,
3860 3992 3937 4065 in

2394 4110 2978 4202 quzbstionibus
3041 4108 3303 4183 istius.
3378 4111 3480 4181 Et
3548 4107 3940 4181 similiter

2396 4232 2723 4320 oportet
2745 4227 3182 4317 imaginari
3204 4245 3444 4296 unam
3474 4226 3939 4318 proportio·

2391 4366 2574 4417 nem
2642 4344 3130 4435 qualitatum
3206 4341 3556 4413 aliarum
3637 4342 3939 4435 prima-

2395 4480 2574 4531 rum
2610 4460 3093 4541 activarum,
3119 4458 3245 4529 vel
3272 4457 3615 4531 alterius
3642 4458 3938 4531 saltem

2392 4580 2488 4651 ad
2546 4579 3025 4670 subjectum,
3076 4578 3190 4649 sic
3259 4576 3583 4651 mixtim
3628 4577 3937 4650 habens

2394 4697 2599 4769 istas
2631 4694 3247 4787 dispositiones;
3284 4698 3364 4766 ct
3391 4693 3551 4765 illis
3585 4693 3704 4766 sic
3729 4694 3936 4766 exis-

2390 4813 2747 4888 tentibus
2784 4810 3435 4904 proportionatis
3474 4810 3764 4893 debite,
3803 4810 3940 4884 fiet

2393 4927 2911 5023 putrefactio,
2959 4946 3117 4997 non
3169 4926 3416 5005 alias;
3480 4928 3558 4997 ct
3602 4925 3766 4999 ista
3815 4926 3938 4998 de·

2392 5045 2933 5119 monstrative
2986 5043 3313 5136 probari
3361 5043 3934 5115 difficillimum

2389 5169 2537 5244 est,
2578 5164 2707 5234 sed
2745 5163 3134 5236 sustineri
3184 5166 3449 5255 potest
3487 5166 3779 5234 contra
3811 5183 3933 5234 ar-

2393 5285 2731 5368 guentes
2767 5278 3201 5350 secundum
3239 5278 3560 5350 modum
3588 5276 3934 5348 inferius

2388 5397 2803 5469 (licendum
2854 5400 2925 5464 in
2962 5398 3251 5464 secunda
3296 5408 3490 5484 parte
3519 5399 3930 5484 qtaecrslimiiS.

2392 5518 2491 5588 Et
2556 5514 2759 5606 quod
2822 5512 2989 5584 haec
3055 5511 3476 5606 possibilia
3531 5510 3695 5584 sint
3757 5508 3933 5581 fieri

2394 5637 2639 5726 patet,
2713 5632 2894 5728 quia
2957 5650 3118 5702 non
3178 5628 3542 5721 implicat
3602 5633 3933 5700 contra-
