4252 6393
1625 473 1990 550 QUAEs'rlo
2040 472 2147 534 XV
2294 529 2301 538 ,
3440 464 3558 528 563

253 640 405 709 tem
467 658 627 708 non
685 636 954 710 differt
1006 659 1052 709 a
1085 659 1194 708 se.
1262 637 1504 709 Nullo
1560 637 1792 708 modo
1909 617 2133 728 agit:
2202 657 2453 728 quare
2498 639 2813 729 objecta
2845 639 3038 714 bene
3079 638 3331 733 agunt
3377 637 3452 718 in
3529 656 3754 755 offigit,

257 759 520 826 tamen
606 759 731 828 est
861 754 1314 827 similitudo
1433 753 1789 847 proprie,
1911 754 2415 828 intellectum
2489 754 2998 830 immittendo
3070 762 3448 853 speciem.
3480 722 3787 841 annffcecmpt

254 868 436 962 quia
479 870 927 944 similitudo
963 871 1329 964 procedit
1362 871 1460 943 ab
1499 893 1620 953 eo,
1668 892 1795 944 cu·
1913 873 2267 944 maxime
2343 894 2526 944 cum
2615 873 2764 947 hoc
2841 877 2981 949 fiat
3034 877 3110 949 in
3143 841 3785 954 virtutoffffrffgm'.”

251 987 379 1079 jus
428 991 555 1062 est
590 987 1034 1061 similitudo
1093 1009 1235 1081 per
1299 990 1620 1061 modum
1665 1007 1798 1078 ge·
1915 990 2375 1065 intellectus
2495 992 2840 1080 agentis,
2961 998 3045 1068 ut
3153 997 3453 1071 dictum

258 1104 707 1178 nerationis
781 1130 795 1173 ε
861 1103 1060 1177 nihil
1115 1109 1388 1178 autem
1443 1107 1799 1197 seipsum
1914 1107 2066 1182 fuit
2095 1121 2167 1189 †.
2206 1110 2434 1180 Nunc
2467 1113 2739 1182 autem
2786 1111 2898 1185 ita
2931 1115 3052 1184 est
3094 1116 3211 1201 (ut
3250 1119 3461 1206 pate·
3489 1112 3773 1226 sssssupmn.

261 1220 546 1311 gignit,
592 1226 680 1295 ut
720 1221 836 1294 ait
863 1222 1205 1313 August.
1250 1226 1313 1294 1.
1377 1222 1468 1294 de
1508 1221 1798 1294 Trinit.
1914 1227 2060 1315 bit)
2095 1227 2301 1318 quod
2342 1226 2651 1297 nullum
2686 1247 2933 1318 agens
2968 1229 3141 1317 agit
3178 1230 3257 1302 in
3294 1252 3466 1323 pas·
3562 1213 3576 1228 ’

261 1356 429 1431 cap.
492 1343 557 1410 1.
603 1338 987 1423 Quamvis
1029 1344 1303 1412 autem
1363 1339 1473 1413 sit
1512 1339 1659 1410 sibi
1707 1337 1805 1409 si·
1920 1365 2125 1427 sum,
2170 1344 2329 1415 nisi
2399 1365 2542 1437 per
2607 1344 2966 1436 aliquam
3029 1346 3470 1422 immissio-

268 1456 505 1538 milis,
545 1458 733 1548 quia
764 1477 923 1528 non
980 1456 1432 1539 dissimiliS,
1476 1455 1600 1527 vel
1667 1454 1807 1528 dif-
1921 1481 2104 1532 nem
2151 1459 2227 1532 in
2272 1460 2535 1552 ipsum
2573 1488 2586 1530 :
2634 1481 2833 1550 ergo
2876 1462 2939 1533 si
2986 1463 3259 1535 anima
3310 1486 3474 1536 mo-

271 1572 535 1645 serens
575 1594 622 1646 a
665 1595 750 1646 se
791 1599 806 1656 ;
844 1594 1004 1645 non
1041 1579 1312 1647 tamen
1345 1578 1469 1648 est
1512 1573 1808 1645 similis
1922 1577 2020 1649 do
2064 1576 2453 1666 intelligit
2526 1599 2609 1648 se
2675 1578 2798 1648 vel
2865 1599 3056 1650 suos
3118 1579 3468 1661 habitus,

269 1692 343 1764 in
385 1692 711 1765 ratione
742 1691 1078 1782 cogniti,
1132 1695 1213 1764 et
1245 1690 1812 1781 cognoscentis
1927 1693 2132 1787 quod
2160 1693 2385 1785 prius
2421 1714 2578 1765 non
2612 1694 2984 1776 faciebat,
3011 1698 3475 1769 necessario

271 1829 437 1900 quse
499 1813 626 1881 est
683 1807 1131 1880 similitudo
1173 1806 1505 1879 fundata
1549 1807 1626 1878 in
1686 1825 1814 1877 ex·
1929 1811 2234 1902 aliquid
2278 1811 2753 1885 immittitur
2793 1813 2891 1884 ab
2922 1812 3047 1885 his
3092 1814 3170 1884 in
3215 1814 3477 1907 ipsam

274 1924 689 2018 pressione
731 1925 851 1997 rei
883 1925 1259 2016 cognitae,
1297 1945 1470 2016 quae
1510 1927 1635 1996 est
1675 1943 1818 2015 per
1934 1930 2140 2022 quod
2203 1930 2431 2022 prius
2473 1950 2631 2002 non
2678 1929 3300 2014 immittebatur,
3340 1933 3479 2004 ali-

273 2045 647 2137 speciem,
693 2063 854 2115 non
900 2064 1043 2137 per
1081 2044 1549 2118 essentiam.
1598 2042 1820 2125 Quod
1937 2052 2064 2121 ter
2097 2046 2325 2138 prius
2360 2069 2443 2118 se
2466 2045 2969 2136 intelligebat
2994 2069 3216 2139 mque
3244 2048 3475 2120 bene:

271 2161 568 2234 dicitur
606 2162 697 2233 de
738 2161 1042 2233 lumine
1075 2160 1491 2255 corporali
1526 2158 1821 2230 falsum
1936 2182 2137 2252 ergo
2180 2163 2247 2234 si
2282 2162 2556 2255 passio
2599 2184 2757 2235 non
2791 2167 2914 2236 est
2955 2165 3111 2237 nisi
3158 2186 3303 2257 per
3343 2166 3485 2237 ali-

274 2280 425 2359 est;
465 2297 564 2348 eo
609 2277 814 2368 quod
844 2276 985 2348 lux
1018 2279 1343 2370 sumpta
1380 2277 1455 2347 in
1501 2275 1825 2349 ratione
1939 2299 2182 2371 quam
2228 2279 2844 2360 immissionem,
2913 2284 3238 2373 oportet
3282 2282 3489 2373 quod

282 2392 603 2486 objecti,
648 2398 930 2487 utpote
967 2394 1045 2465 in
1108 2393 1317 2475 Sole,
1364 2393 1490 2464 vel
1527 2392 1609 2465 in
1659 2390 1823 2463 alio
1942 2396 2447 2470 immittatur
2486 2396 2793 2489 species
2854 2397 3111 2489 ipsius
3162 2399 3482 2479 animae,

281 2531 629 2604 corpore
661 2510 1093 2594 luminoso,
1129 2531 1542 2604 nunquam
1576 2513 1700 2582 est
1750 2508 1828 2580 in
1944 2533 2081 2582 seu
2126 2511 2549 2585 habituum
2604 2513 2681 2583 in
2725 2513 2987 2605 ipsam
3036 2514 3487 2605 potentiam

285 2629 544 2710 oculo,
616 2628 774 2700 nisi
817 2649 962 2721 per
1021 2628 1373 2721 speciem
1435 2625 1668 2699 lucis.
1723 2625 1829 2699 Ut
1945 2627 2383 2719 passivam,
2436 2627 2750 2700 scilicet
2814 2628 2896 2700 in
2977 2628 3483 2703 intellectum

284 2751 557 2818 autem
611 2748 733 2817 est
798 2746 878 2816 in
921 2745 1205 2826 medio,
1263 2748 1386 2817 est
1447 2743 1663 2816 ratio
1720 2742 1834 2813 vi·
1947 2743 2455 2836 passibilem;
2511 2764 2668 2815 non
2710 2749 2975 2837 potest
3026 2749 3216 2817 aute
3260 2745 3488 2817 mali·

284 2862 505 2936 dendi
554 2862 757 2943 alia;
803 2864 880 2934 et
924 2862 1038 2935 sic
1085 2883 1245 2935 non
1297 2861 1537 2935 habet
1590 2859 1835 2933 ratio·
1950 2861 2136 2952 quid
2173 2859 2535 2942 immitti,
2573 2860 2728 2931 nisi
2793 2861 3101 2953 species
3137 2862 3236 2932 ab
3296 2860 3493 2953 ipsis

45 2999 60 3050 s
288 2998 462 3051 nem
518 2979 816 3072 objecti
865 3004 879 3049 z
928 2999 1179 3070 quare
1230 2999 1390 3050 non
1441 2982 1625 3068 eget
1668 2998 1838 3070 spe·
1953 2978 2381 3068 impressa,
2420 2975 2626 3068 quod
2671 2980 3023 3069 oportet,
3070 2982 3497 3068 quantum-

289 3097 403 3169 cie
447 3097 615 3170 isto
660 3096 918 3170 modo.
971 3095 1181 3168 sicut
1227 3116 1371 3167 nec
1411 3095 1598 3176 alia,
1663 3115 1839 3185 quae
1954 3114 2297 3183 cumque
2340 3092 2503 3165 sint
2549 3094 2984 3184 praesentia
3019 3120 3031 3163 :
3071 3113 3298 3181 ergo,
3343 3099 3494 3167 etc.

291 3220 475 3289 sunt
512 3215 880 3287 rationes
914 3214 1333 3287 actionum
1375 3240 1390 3283 ε
1447 3216 1524 3284 et
1575 3218 1842 3287 tamen
1955 3212 2119 3282 Nec
2159 3215 2424 3305 potest
2465 3210 2623 3282 dici
2684 3212 2889 3301 quod
2950 3210 3139 3283 illud
3202 3213 3503 3283 immis-

53 3348 64 3431 ξ
295 3332 729 3406 secundum
765 3331 1202 3406 veritatem
1245 3331 1518 3403 lumen
1583 3331 1845 3423 ipsum
1960 3350 2136 3401 sum
2189 3328 2287 3399 ab
2328 3329 2644 3416 agente,
2693 3327 2802 3400 sit
2842 3331 3097 3408 actus,
3163 3326 3349 3418 spiia
3400 3332 3507 3396 in-

57 3462 68 3483 ·
296 3450 650 3542 speciem
727 3447 851 3520 sui
910 3447 1211 3529 habet;
1309 3468 1496 3519 nam
1567 3448 1847 3520 clauso
1961 3451 2259 3533 telliyere
2287 3464 2447 3517 non
2480 3444 3505 3526 estactustransiens;nec

301 3569 559 3651 ocule,
595 3567 723 3639 vel
757 3566 837 3639 in
874 3565 1253 3648 tenebriS,
1292 3565 1683 3638 recordor
1725 3585 1850 3637 me
1961 3567 2338 3653 {aselliycire
2417 3563 2664 3635 istum
2753 3566 3024 3634 actum
3105 3560 3503 3642 immittit,

298 3686 598 3758 vidisse
656 3684 951 3766 lumen,
1052 3669 1258 3775 quod
1294 3703 1455 3754 non
1518 3686 1853 3775 poneret
1964 3700 2148 3751 cum
2192 3678 2296 3750 sit
2333 3678 2604 3770 potius
2637 3678 2735 3749 ab
2767 3676 3505 3757 intellectualitate,

306 3800 730 3884 memoria,
775 3800 933 3872 nisi
978 3820 1120 3892 per
1162 3799 1538 3891 speciem.
1966 3813 2208 3885 quam
2251 3794 2349 3864 ab
2400 3793 2810 3867 intellectu
2879 3793 3199 3866 elicitus
3251 3820 3264 3863 z
3312 3813 3512 3884 crgo

137 3957 195 4009 a.
388 3919 684 3992 Anima
741 3936 941 4008 ergo
985 3938 1094 3998 se,
1148 3920 1229 3990 et
1288 3936 1478 3987 suos
1532 3914 1855 3989 habitus
1969 3912 2037 3984 si
2105 3914 2501 3999 intelligere,
2576 3911 3052 4002 inquantum
3122 3911 3309 3992 tale,
3374 3911 3516 3982 ali-

129 4020 447 4132 fffi‘g‘per
498 4033 857 4128 speciem
908 4052 1069 4104 non
1126 4032 1461 4125 proprie
1523 4032 1857 4123 impres-
1971 4030 2152 4120 quid
2190 4029 2590 4111 immittit,
2640 4028 3020 4103 illuderit
3072 4030 3405 4123 species,

121 4120 292 4267 Νωρξξῖ
315 4170 508 4234 sam,
560 4151 696 4222 sed
736 4169 1215 4242 expressam
1275 4149 1367 4220 de
1421 4168 1529 4228 se,
1583 4146 1709 4218 vel
1767 4147 1859 4218 de
2061 4147 2175 4218 Ad
2258 4146 2894 4218 declarationem
2984 4145 3327 4219 minoris
3395 4151 3520 4220 est
3659 4137 3723 4187 ²9

185 4270 258 4377 'gf
316 4264 478 4337 suis
519 4262 932 4336 habitibus
966 4262 1520 4353 cognitionem
1557 4260 1859 4333 intuiti·
1975 4264 2413 4344 sciendum,
2451 4263 2761 4335 scilicet
2825 4264 3029 4354 quod
3078 4282 3326 4354 agens
3386 4263 3524 4334 ali·

123 4404 282 4503 “¹⁹¹2st
314 4399 497 4452 vam
531 4379 801 4459 habet,
867 4379 1073 4469 quod
1133 4382 1403 4471 potest
1460 4375 1864 4450 declarari
1979 4382 2165 4472 quid
2201 4381 2595 4455 immittat
2630 4381 2709 4452 in
2748 4401 3073 4472 passum
3110 4380 3322 4471 (quia
3359 4379 3527 4454 ha‘c

67 4546 68 4551 ,
164 4515 250 4568 'mm
319 4501 626 4588 septem
706 4495 1186 4568 rationibus,
1283 4495 1562 4567 Prima
1648 4493 1864 4566 ratio
1983 4497 2289 4589 poterit
2331 4519 2508 4567 esse
2546 4496 2759 4569 ratio
2803 4496 3209 4585 generalis
3245 4498 3529 4569 adom-

321 4614 673 4687 sumitur
729 4633 827 4686 ex
892 4613 1367 4705 operatione
1430 4611 1720 4703 objecti
1772 4609 1868 4681 ad
1983 4612 2118 4682 nia
2159 4616 2437 4685 creata
2479 4611 2829 4701 agentia,
2875 4616 2955 4684 et
3012 4619 3279 4703 passa)
3330 4615 3534 4705 quod

325 4730 798 4821 potentiam.
838 4733 1038 4803 Cum
1097 4729 1311 4801 enim
1373 4732 1746 4815 intelliyere
1784 4730 1871 4794 sit
1988 4746 2236 4817 agens
2311 4727 2536 4819 prius
2593 4727 2927 4814 attingit
2997 4748 3324 4820 passum
3393 4751 3537 4821 per

328 4849 658 4934 quoddam
717 4851 889 4937 pati,
981 4845 1414 4917 secundum
1474 4843 1872 4915 Aristote-
1990 4843 2317 4933 aliquod
2423 4843 2793 4914 accidens
2899 4847 3534 4936 superadditum,

331 4959 482 5034 lem
542 4965 613 5034 3.
656 4965 739 5031 de
796 4966 1064 5045 Anima,
1121 4975 1279 5029 text.
1345 4963 1451 5032 12.
1519 4960 1872 5051 oportet,
1994 4979 2235 5049 quam
2304 4979 2445 5049 per
2512 4978 2739 5029 suam
2806 4959 3372 5033 substantiam.
3444 4966 3541 5035 Et

337 5079 536 5169 quod
601 5079 966 5171 potentia
1037 5077 1535 5152 intellectiva
1602 5075 1876 5166 aliquo
1993 5095 2198 5147 voco
2245 5073 2372 5146 hic
2406 5077 2735 5155 accidens,
2784 5076 2952 5147 sive
3024 5077 3129 5148 sit
3182 5100 3372 5149 vere
3419 5098 3542 5151 ac-

338 5196 564 5268 modo
638 5196 734 5266 ab
793 5194 1112 5287 objecto
1200 5194 1590 5286 patiatur.
1655 5191 1880 5263 Licet
1996 5190 2290 5272 cidens,
2338 5194 2422 5263 ut
2456 5189 2825 5262 caliditas
2870 5192 2945 5263 in
2982 5193 3198 5283 igne;
3238 5199 3407 5271 sive
3441 5199 3543 5271 sit

339 5314 609 5384 autem
647 5331 894 5401 agens
938 5310 1042 5383 sit
1085 5310 1437 5382 nobilius
1479 5329 1748 5401 passo,
1791 5307 1884 5377 de
2002 5306 2461 5380 substantia
2549 5307 2695 5377 sub
2765 5309 2997 5380 modo
3074 5313 3542 5400 accidentis,

343 5447 492 5517 quo
536 5427 840 5519 aliquid
892 5427 1088 5518 agit,
1149 5430 1235 5501 ut
1279 5426 1544 5498 visum
1607 5423 1760 5496 fuit
1806 5423 1885 5495 in
2004 5425 2217 5497 sicut
2258 5425 2558 5496 dictum
2604 5426 2755 5499 fuit
2797 5426 2888 5499 de
2943 5433 3330 5520 potentiis
3383 5438 3549 5508 ani-

155 5561 275 5663 ‘'ff‘'
342 5544 496 5615 alia
539 5544 1072 5635 quaestione‘3
1137 5547 1610 5616 nontamen
1655 5560 1887 5632 opor·
2009 5544 2239 5611 mae‘.
2286 5540 2484 5611 Dico
2544 5542 2789 5613 etiam
2849 5549 3061 5631 prius,
3127 5545 3336 5621 sicut
3390 5550 3551 5623 ins-
3641 5571 3845 5635 ·q.1·..

187 5632 285 5727 ,εῗ
349 5663 483 5742 tet,
530 5662 736 5751 quod
770 5661 878 5733 sit
909 5660 1254 5732 nobilius
1299 5681 1565 5753 passo,
1615 5659 1688 5730 in
1735 5677 1891 5748 quo
2007 5659 2510 5729 trumentum
2559 5658 2785 5747 prius
2824 5659 3158 5752 attingit
3198 5684 3551 5755 passum,
3619 5637 3866 5750 'titos‘
