4252 6393
1620 476 1979 553 QUAEs'mO
2031 482 2047 543 1

3356 490 3463 551 211

327 628 428 713 clo,
473 653 602 706 nec
634 635 1089 710 destruitur
1128 637 1227 708 ab
1268 591 1532 711 alieno
1566 638 1825 711 calido
1943 642 2064 712 set
2121 640 2512 714 durabilis
2584 664 2840 735 aeque,
2914 645 3038 716 vel
3108 646 3483 720 duratior

325 750 392 821 in
429 750 605 842 ipso.

1943 775 2238 847 magno
2285 760 2562 831 calore
2611 760 2688 830 in
2749 762 3062 834 modico
3124 762 3473 846 humido,

399 868 533 939 Nec
578 869 918 952 videtur,
966 872 1035 943 si
1078 870 1294 944 sorte
1340 872 1560 944 dicas
1613 873 1823 946 sieut
1937 874 2172 964 cujus
2232 876 2698 967 oppositum
2756 881 2975 969 patet
3040 879 3114 949 in
3191 880 3479 971 primis

321 984 560 1057 medici
603 987 866 1061 solent
911 990 1180 1062 dicere
1220 990 1311 1063 de
1355 991 1820 1083 proportio-

321 1122 395 1174 ne
427 1102 712 1177 humidi
764 1127 951 1178 cum
993 1107 1280 1190 calide,
1335 1113 1488 1182 etc.
1545 1111 1645 1181 Et
1703 1108 1818 1180 sic

321 1222 618 1294 calidum
659 1223 964 1296 habens
1005 1224 1420 1297 humidum
1479 1246 1818 1318 propor-

321 1341 671 1413 tionatum
753 1341 831 1412 in
911 1341 1052 1413 illo
1137 1343 1428 1415 saltem
1513 1342 1815 1415 diutius

319 1462 837 1539 conservatur,
904 1458 970 1529 si
1023 1478 1181 1529 non
1241 1463 1457 1532 esset
1511 1460 1813 1532 extrin-

320 1593 569 1654 secum,
616 1594 858 1665 quam
911 1575 978 1646 si
1022 1576 1337 1649 adesset
1378 1576 1593 1648 aliud
1625 1576 1815 1648 cali-

316 1690 498 1770 dum;
548 1693 658 1763 sic
699 1692 1031 1764 dicendo
1069 1696 1492 1785 oporteret
1534 1715 1811 1765 conce-

317 1807 465 1878 dere
502 1808 902 1882 actionem
954 1810 1397 1884 caliditatis
1440 1816 1521 1884 et
1556 1810 1810 1883 humi-

313 1924 546 1997 ditatis
586 1927 678 1997 ad
725 1927 1093 2007 invicem,
1127 1932 1207 2001 et
1242 1927 1812 2020 pariformiter

315 2043 626 2114 omnium
661 2064 823 2115 non
865 2045 1482 2118 contrariorum
1529 2071 1542 2113 :
1580 2050 1659 2119 et
1693 2045 1808 2117 sic

311 2178 426 2230 aer
467 2162 954 2235 naturaliter
1001 2163 1366 2236 destruet
1421 2163 1803 2254 seipsum,

309 2278 361 2347 si
426 2299 569 2351 non
646 2285 863 2353 esset
950 2279 1165 2352 aliud
1253 2279 1807 2353 extrinsecum

307 2415 828 2489 corrumpenS,
876 2397 1064 2489 quia
1104 2396 1281 2487 ejus
1340 2398 1570 2469 calor
1629 2415 1807 2487 age-

307 2518 408 2586 ret
447 2516 514 2586 in
555 2515 1145 2596 humiditatem,
1194 2516 1426 2607 cujus
1489 2517 1806 2608 opposi-

307 2635 447 2703 tum
494 2638 610 2706 est
660 2633 1107 2725 allegatum
1163 2632 1242 2705 in
1286 2636 1347 2703 1.
1393 2635 1474 2701 de
1515 2636 1806 2701 Genera-

304 2751 469 2831 tione,
510 2754 586 2822 et
625 2754 918 2822 contra
951 2748 1571 2840 experientiam,
1618 2748 1806 2839 quia

301 2864 498 2935 calor
562 2866 637 2936 in
709 2864 1035 2937 humido
1104 2868 1652 2937 conservatur
1726 2867 1806 2936 et

302 2980 567 3064 unitur,
611 2988 690 3056 et
736 3005 777 3053 e
825 2982 1251 3055 contrario
1297 2980 1710 3052 humidum
1757 2999 1804 3050 a

298 3096 521 3168 calido
561 3102 1171 3188 augmentatur,
1211 3098 1422 3170 sieut
1459 3099 1679 3187 patet
1711 3095 1806 3166 de

298 3214 700 3294 unctuosis‚
751 3217 958 3306 quod
1003 3215 1182 3307 plus
1224 3212 1803 3285 humectantur

294 3326 359 3398 in
409 3331 673 3402 calore
762 3350 1005 3421 quam
1074 3330 1156 3402 in
1216 3330 1554 3419 frigore,
1613 3328 1801 3420 quia

294 3445 408 3519 illa
447 3470 596 3521 non
648 3450 1278 3528 condensantur,
1341 3453 1430 3521 ut
1487 3468 1795 3539 sepum,

294 3563 554 3646 oleum,
616 3585 834 3645 cera,
909 3565 1068 3657 pix,
1138 3570 1218 3637 et
1280 3564 1475 3644 mel;
1547 3564 1801 3654 igitur

291 3699 426 3751 non
464 3688 711 3774 agunt
755 3702 1002 3752 unum
1052 3682 1128 3752 in
1177 3681 1392 3752 aliud
1434 3701 1800 3752 corrum-

291 3797 512 3885 pendo
545 3797 836 3890 ipsum.
887 3799 988 3869 Et
1029 3817 1124 3867 ex
1169 3796 1357 3876 alio,
1408 3795 1476 3866 si
1517 3798 1798 3885 ageret

288 3908 354 3980 in
414 3912 764 4006 seipsum
835 3912 1431 4004 corrumpendo
1504 3911 1793 4003 ipsum,

281 4029 566 4120 tardius
651 4030 946 4104 saltem
1042 4029 1212 4100 sine
1299 4028 1791 4108 extrinseco,

282 4145 446 4217 tunc
483 4153 604 4221 est
636 4148 910 4239 aliqua
945 4146 1376 4239 proportio
1412 4147 1796 4237 potentiae

281 4262 690 4340 caliditatis
726 4266 822 4337 ad
857 4263 1415 4336 resistentiam
1459 4260 1793 4333 humidi-

281 4379 475 4462 tatis,
547 4388 626 4455 et
691 4386 885 4455 tune
953 4379 1334 4453 habentia
1399 4378 1793 4470 aequalem

283 4500 875 4589 proportionem
956 4497 1463 4570 caliditatum
1546 4516 1795 4587 super

281 4629 444 4683 suas
503 4613 1028 4687 humiditates
1070 4617 1344 4684 essent
1396 4633 1622 4702 aeque
1667 4613 1794 4682 du-

283 4726 565 4810 rabilia,
617 4736 695 4804 et
737 4729 1014 4803 sortia.
1053 4726 1650 4818 Consequentia
1687 4732 1793 4799 te-

278 4850 414 4925 net,
457 4847 642 4939 quia
686 4869 784 4918 ex
830 4844 1274 4936 aequalibus
1329 4842 1790 4938 proportio-

274 4961 481 5036 nibus
537 4967 741 5037 fiunt
799 4963 1179 5054 aequales,
1245 4947 1324 5034 et
1378 4981 1600 5051 seque
1660 4961 1790 5030 du-

278 5086 522 5155 rantes
554 5081 947 5155 actiones.
985 5081 1086 5152 Et
1118 5097 1617 5168 consequens
1651 5076 1790 5147 sal-

274 5214 449 5278 sum,
496 5197 708 5269 sicut
739 5193 1043 5267 diversi
1084 5191 1453 5266 diversas
1496 5189 1788 5263 habent

275 5312 645 5400 periodos,
682 5312 873 5384 licet
913 5307 1487 5402 proportiones
1520 5311 1790 5380 essent

274 5426 576 5511 similes,
613 5434 693 5503 et
726 5426 1080 5518 aequales
1110 5427 1482 5499 calorum
1526 5424 1620 5495 ad
1655 5424 1788 5494 hu·

275 5540 679 5622 miditates,
736 5546 818 5615 et
873 5540 941 5612 si
993 5541 1132 5618 sic,
1186 5544 1373 5612 tunc
1424 5536 1787 5608 modicus

274 5658 474 5732 calor
516 5661 593 5733 in
639 5659 904 5734 multa
935 5654 1416 5730 humiditate
1459 5674 1621 5725 non
1667 5675 1788 5725 es·

1938 991 2381 1066 infantibus
2441 1014 2752 1082 magnae
2826 994 3334 1069 humiditatis
3397 1002 3478 1070 et

1936 1109 2227 1181 modici
2288 1110 2621 1193 caloris,
2684 1118 2763 1186 et
2816 1113 2895 1185 in
2955 1114 3481 1189 adolescenti-

1930 1224 2076 1295 bus
2113 1227 2445 1299 modicae
2475 1226 3010 1311 humiditatiS,
3046 1236 3124 1304 et
3162 1252 3474 1323 magnae

1931 1340 2399 1425 caliditatis,
2448 1345 2634 1435 quia
2681 1346 2911 1417 calor
2954 1346 3303 1419 istorum
3351 1352 3474 1421 est

1929 1458 2473 1541 confortatus,
2515 1462 2713 1533 unde
2753 1464 2983 1534 calor
3033 1485 3472 1557 puerorum

1928 1580 2053 1648 est
2112 1576 2511 1658 duratior‚
2570 1580 2937 1668 quamvis
3001 1581 3292 1662 minor,
3358 1582 3471 1653 sic

1927 1690 2102 1781 ejus
2150 1695 2582 1785 proportio
2616 1696 2709 1766 ad
2745 1695 3333 1778 humiditatem,
3375 1697 3471 1767 si-

1926 1811 2063 1879 cut
2105 1809 2337 1880 calor
2384 1811 2849 1884 adultorum
2901 1812 2995 1883 ad
3046 1812 3471 1886 humidita-

1926 1930 2088 1998 tem
2125 1925 2520 2019 ipsorum.

2019 2042 2168 2115 llic
2222 2042 2436 2118 forte
2475 2045 2798 2125 dicitur,
2851 2049 3054 2138 quod
3099 2050 3472 2122 duratior

1924 2161 2047 2229 est
2081 2159 2313 2230 calor
2347 2180 2649 2252 paucus
2691 2184 2875 2234 cum
2919 2164 3173 2237 multo
3216 2162 3468 2238 humi-

1922 2274 2046 2355 do,
2095 2295 2332 2366 quam
2372 2277 2676 2349 multus
2708 2300 2891 2350 cum
2938 2300 3220 2371 pauco,
3260 2282 3469 2356 sicut

1923 2390 2285 2463 videmus
2345 2393 2437 2463 de
2509 2393 2820 2466 modica
2888 2395 3212 2467 flamma
3283 2418 3466 2469 eum

1927 2508 2185 2580 multo
2230 2510 2406 2581 oleo
2456 2511 2584 2582 diu
2639 2512 3005 2593 durante,
3051 2519 3132 2587 et
3171 2515 3261 2586 de
3310 2536 3468 2586 ma-

1924 2644 2083 2713 gna
2124 2626 2453 2697 flamma
2511 2649 2693 2699 cum
2756 2629 3066 2716 modico
3140 2630 3465 2702 humido

1926 2758 2214 2830 parum
2258 2741 2625 2815 durante.

2013 2857 2159 2927 Sed
2194 2862 2510 2940 contra,
2549 2863 2738 2931 tunc
2782 2860 2995 2932 enim
3043 2866 3464 2953 oporteret

1919 2974 2098 3046 fieri
2159 2975 2565 3047 actionem
2627 2996 2673 3047 a
2732 2978 3267 3069 proportione
3328 2979 3466 3052 mi-

1921 3091 2150 3163 noris
2196 3092 2803 3183 inaequalitatis,
2866 3094 2992 3165 vel
3051 3096 3464 3186 aequalita-

1920 3207 2052 3288 tis,
2107 3209 2746 3301 comparabilem
2791 3211 3093 3284 actioni
3136 3233 3235 3284 ex
3284 3234 3465 3305 pro-

1920 3322 2299 3416 portione
2406 3325 2749 3417 majoris
2849 3327 3457 3418 inaequalitatis.

1920 3450 2089 3523 Hoc
2150 3449 2445 3521 falsum
2493 3453 2616 3523 est
2674 3454 2754 3522 et
2801 3449 3328 3541 impossibile,
3378 3454 3463 3522 ut

1918 3571 2175 3659 patct;
2214 3567 2347 3638 sed
2377 3566 2959 3658 consequentia
2994 3569 3240 3658 patet,
3272 3565 3462 3656 quia

1919 3703 2213 3774 magna
2262 3684 2701 3758 humiditas
2743 3704 2927 3756 cum
2963 3703 3218 3775 pauco
3251 3682 3460 3754 ealo-

1919 3821 2005 3872 re
2065 3800 2305 3874 habet
2367 3801 2989 3894 proportionem
3044 3799 3459 3891 aequalita-

1913 3917 2046 3997 tis,
2083 3918 2210 3990 vel
2242 3922 2367 3990 est
2402 3917 2834 4011 proportio
2883 3917 3227 3990 minoris
3277 3917 3457 3989 inae-

1915 4032 2340 4124 qualitatis
2398 4032 2840 4105 caliditatis
2902 4032 3303 4113 maximae,
3360 4053 3457 4103 ex

1915 4169 2071 4239 quo
2122 4148 2355 4221 calor
2402 4154 2526 4222 est
2564 4148 3058 4222 intrinsecus
3099 4149 3453 4231 humido,

1912 4268 1991 4336 et
2026 4269 2539 4344 coextensuS,
2575 4269 2654 4336 et
2688 4284 2849 4335 non
2883 4265 3097 4338 sieut
3131 4264 3457 4336 flamma

1914 4379 2068 4451 olei
2116 4380 2193 4450 in
2240 4400 2397 4451 una
2457 4385 2688 4470 parte
2744 4381 3034 4462 solum,
3102 4380 3290 4471 quia
3350 4380 3456 4451 ibi

1911 4517 2072 4567 non
2112 4496 2203 4569 fit
2245 4497 2460 4570 actio
2518 4497 2774 4570 totius
2839 4497 3144 4568 caloris
3211 4498 3287 4568 in
3340 4502 3453 4570 to·

1910 4617 2082 4687 tum
2155 4613 2568 4688 humidum
2627 4637 2640 4683 :
2700 4615 2828 4684 sed
2889 4614 3133 4686 aliter
3190 4618 3315 4686 est
3377 4614 3453 4684 in

1911 4731 2450 4811 naturalibus
2490 4731 2619 4801 ubi
2664 4732 2896 4802 calor
2931 4731 3186 4804 totius
3229 4730 3302 4801 in
3339 4734 3453 4804 to—

1909 4852 2081 4920 tum
2146 4847 2557 4919 humidum
2620 4847 2817 4936 agit,
2886 4852 2966 4919 et
3028 4847 3179 4920 toti
3224 4868 3453 4918 coex-

1910 4964 2293 5044 tenditur,
2341 4969 2419 5037 et
2474 4965 2541 5034 si
2589 4963 2690 5033 ibi
2738 4966 2954 5035 esset
2994 4962 3226 5034 calor
3268 4983 3453 5054 pau-

1907 5100 2075 5159 cus,
2115 5082 2196 5151 et
2227 5078 2645 5150 humidum
2702 5078 3074 5157 multum,
3123 5083 3313 5150 tune
3356 5099 3454 5148 ex

1907 5196 2444 5287 proportione
2479 5193 2822 5286 majoris
2868 5193 3452 5284 inaequalitatis

1905 5310 2210 5383 caloris
2271 5312 2365 5382 ad
2418 5310 2860 5388 humidum,
2908 5309 2996 5380 fit
3048 5308 3262 5382 actio
3309 5328 3453 5400 per

1905 5449 1989 5498 se
2047 5426 2425 5500 duratior
2494 5425 2813 5499 actione
2886 5424 3190 5496 caloris
3237 5423 3453 5495 facta

1909 5541 1986 5611 in
2017 5540 2436 5612 humidum
2494 5539 2922 5617 modicum,
2978 5540 3057 5609 et
3111 5534 3453 5607 habetur

1907 5659 2449 5750 propositum.
2505 5656 2650 5728 Vel
2694 5656 2761 5727 si
2812 5655 3031 5727 dicas
3076 5653 3277 5744 quod
3326 5656 3450 5726 est
