4252 6393
1757 380 2118 466 QUAES'NO
2172 384 2245 453 ΙΙΙ
3434 392 3551 456 253

377 548 471 622 sit
536 553 939 626 terminus
1024 555 1115 622 ad
1184 575 1396 641 quem,
1460 554 1538 625 et
1617 551 1900 622 notior

376 676 677 757 agente,
743 692 905 744 non
941 674 1295 763 oportet.

454 794 594 867 Sed
661 790 1051 871 breviter,
1102 790 1296 862 illud
1355 810 1514 861 non
1559 789 1904 861 multum

369 908 598 989 valet,
675 909 868 1000 quia
951 908 1121 980 sive
1202 926 1334 979 res
1425 908 1586 979 sint
1671 906 1905 980 nobis

369 1032 593 1109 notae,
652 1028 826 1100 sive
871 1045 1055 1106 non,
1120 1025 1540 1099 distinctio
1597 1044 1900 1107 rerum,

368 1145 441 1213 et
495 1142 935 1216 diversitas
1005 1145 1131 1215 ost
1186 1162 1428 1234 penes
1497 1142 1902 1214 essentias

369 1274 641 1328 earum
702 1257 1076 1329 diversas
1121 1256 1321 1348 ipsis
1383 1255 1900 1338 intrinsecas,

368 1375 441 1445 et
468 1394 622 1445 non
649 1393 893 1466 penes
914 1374 1445 1453 extrinsecas,
1477 1375 1683 1446 sicut
1719 1378 1907 1446 sunt

372 1489 822 1575 efficientia,
891 1492 1020 1565 vel
1080 1493 1452 1584 agentia;
1519 1495 1652 1566 sed
1711 1494 1905 1566 bene

375 1621 462 1674 ex
499 1605 982 1680 diversitate
1016 1607 1433 1698 agentium
1473 1628 1905 1700 possumus

376 1720 882 1794 considerare
922 1722 1295 1795 diversos
1340 1744 1518 1793 esse
1568 1720 1904 1793 erl‘ectus

378 1854 465 1906 ex
516 1839 864 1913 diversis
908 1841 1283 1916 materiis
1325 1841 1610 1921 factas,
1657 1844 1737 1912 et
1789 1839 1904 1911 sic

381 1952 690 2035 agentia
755 1953 1072 2046 juvant.
1145 1953 1364 2025 Unde
1424 1951 1698 2024 dicunt
1759 1950 1903 2024 alii

385 2061 576 2150 tunc,
622 2071 829 2162 quod
861 2070 1127 2142 omnis
1168 2069 1516 2160 digestio
1575 2068 1663 2139 fit
1699 2088 1745 2141 a
1780 2088 1905 2140 ca-

386 2169 529 2249 lido
551 2185 904 2257 naturali
949 2190 1028 2258 et
1083 2185 1556 2266 intrinseco,
1590 2188 1677 2257 ut
1708 2183 1901 2257 dicit

395 2284 717 2372 definitio
758 2300 1286 2392 digestionis;
1336 2303 1597 2393 igitur
1629 2301 1755 2373 vel
1809 2300 1903 2373 il-

401 2398 511 2479 lud
537 2417 868 2491 calidum
901 2424 1027 2494 est
1058 2439 1414 2502 aereum,
1443 2423 1520 2491 et
1554 2417 1903 2492 habetur

412 2522 630 2605 prima
655 2536 1140 2628 digestionis
1185 2537 1521 2630 species,
1587 2535 1901 2609 scilicet

410 2648 692 2758 Pf’vamis,
728 2672 904 2744 quae
929 2656 1053 2726 est
1097 2652 1304 2725 idem
1345 2652 1554 2745 quod
1598 2663 1901 2720 matura-

410 2752 501 2815 ‘²⁰·
578 2767 647 2840 Si
722 2774 1001 2844 autem
1093 2770 1287 2844 illud
1368 2771 1719 2843 calidum
1791 2769 1897 2842 sit

394 2868 718 2970 a(meum,
765 2891 958 2961 tunc
997 2895 1121 2963 est
1162 2891 1506 2963 secunda
1558 2891 1893 2983 speeies,

383 2982 668 3077 Scilicet
698 3008 988 3096 hepsesis
1027 3006 1238 3098 quod
1271 3009 1395 3079 est
1435 3006 1640 3079 idem
1689 3008 1896 3099 quod

372 3125 653 3203 elixatio.
690 3124 838 3196 Sed
873 3124 940 3198 si
974 3125 1323 3198 calidum
1357 3144 1607 3215 agens
1642 3123 1895 3198 fuerit

381 3245 678 3326 igneum
737 3242 934 3313 tunc
1000 3241 1306 3314 dicitur
1374 3244 1640 3329 optesis,
1687 3241 1893 3331 quod

387 3351 565 3424 idem
597 3359 718 3428 est
753 3358 962 3449 quod
1009 3361 1283 3426 assatio.
1321 3359 1420 3429 Et
1465 3357 1531 3428 si
1578 3377 1891 3448 quaera-

386 3473 501 3540 tur
530 3493 773 3564 quare
813 3496 975 3549 non
1011 3476 1119 3549 sit
1163 3479 1463 3567 quarta
1504 3476 1812 3568 species
1845 3497 1892 3548 a

381 3587 606 3662 calido
663 3593 1001 3664 terreo?
1061 3592 1336 3664 dicunt
1390 3591 1596 3683 quod
1646 3612 1891 3664 causa

379 3710 507 3790 est,
543 3710 725 3800 quia
780 3713 1012 3784 terra
1070 3731 1232 3784 non
1294 3707 1670 3784 calefacit
1729 3710 1888 3783 nisi

377 3818 462 3893 ab
522 3823 723 3916 igne,
826 3827 999 3899 ideo
1096 3827 1444 3900 calidum
1522 3831 1887 3900 terreum

380 3934 560 4010 idem
644 3945 857 4015 esset
903 3963 1086 4016 cum
1123 3942 1386 4033 igneo.

450 4054 735 4130 Verum
794 4081 975 4131 cum
1016 4060 1268 4132 etiam
1321 4058 1617 4139 dicunt,
1685 4059 1889 4149 quod

380 4174 616 4246 omnis
664 4176 1013 4266 digestio
1061 4176 1149 4249 fit
1191 4197 1237 4247 a
1279 4175 1539 4247 calido
1603 4173 1887 4246 intrin-

376 4308 560 4373 seco,
607 4295 874 4385 potest
908 4295 1182 4365 tamen
1224 4290 1621 4384 compleri
1669 4311 1715 4362 a
1764 4311 1886 4363 ca-

381 4400 518 4476 lido
557 4408 1043 4488 extrinseco,
1086 4408 1293 4480 sicut
1337 4410 1559 4500 patet
1600 4409 1690 4480 de
1726 4427 1886 4479 ma-

374 4520 761 4596 turatione
831 4523 1285 4606 fructuum;
1358 4524 1490 4596 sed
1543 4523 1709 4604 isti,
1750 4523 1884 4615 qui

380 4635 814 4724 specialiter
892 4638 1335 4731 loquuntur
1412 4637 1502 4708 de
1572 4641 1879 4727 pepansz‘,

380 4745 610 4826 dicunt
642 4755 848 4847 quod
879 4775 1038 4827 non
1066 4754 1477 4832 invenitur
1521 4754 1878 4852 proprie,

383 4865 515 4938 nisi
560 4869 633 4941 in
672 4870 1141 4953 seminibus,
1198 4871 1370 4944 ideo
1411 4870 1601 4942 dicit
1661 4871 1882 4944 Aris-

386 4978 655 5069 toteles,
711 4987 922 5079 quod
960 4991 1083 5062 est
1124 4987 1472 5080 digestio
1525 4986 1741 5060 facta
1800 4986 1880 5059 in

393 5101 854 5198 pericarpiis,
908 5105 987 5178 in
1050 5105 1378 5179 vasibus
1448 5105 1875 5187 seminum,

397 5214 455 5282 et
500 5235 635 5291 non
699 5222 781 5293 in
844 5221 1288 5302 seminibus
1337 5224 1460 5294 est
1519 5222 1878 5313 quaedam

399 5326 610 5407 virtus
674 5339 1052 5421 actualis,
1135 5359 1291 5432 qua
1361 5355 1612 5431 agens
1697 5360 1878 5411 cum

405 5451 615 5524 causis
664 5455 1253 5548 principalibus
1322 5455 1877 5528 concurrenti-

406 5551 515 5632 bus
560 5571 640 5643 ad
697 5573 1309 5664 generationem
1362 5571 1609 5655 illius,
1672 5573 1878 5664 quod

2018 551 2499 643 producitur
2536 569 2635 623 ex
2677 548 3006 634 semine,
3034 555 3370 644 generat
3414 554 3566 625 sibi

2020 669 2312 741 simile.
2382 672 2477 741 Et
2542 670 2775 750 istud,
2862 673 2946 740 ut
3024 669 3368 750 videtur,
3430 689 3562 741 vo-

2017 785 2289 858 luntas
2319 792 2442 859 est
2469 786 2969 880 Philosophi,
2990 787 3123 878 qui
3147 787 3561 879 dicitquod

2019 915 2173 970 letne
2220 908 2541 993 completa
2607 918 2700 972 esc
2753 908 3087 994 pepansz‘s‘,
3148 905 3412 993 quando
3468 926 3563 970 se·

2017 1041 2168 1086 men
2215 1031 2443 1106 aptum
2490 1033 2583 1087 est
2621 1024 2865 1106 facere,
2922 1022 3076 1097 tale,
3121 1018 3315 1107 quale
3345 1021 3561 1106 ipsum

2018 1147 2135 1203 esc.
2218 1137 2315 1205 Et
2386 1135 2589 1208 hanc
2669 1135 3204 1225 digestionem
3290 1153 3559 1205 conse-

2022 1252 2301 1341 quitur
2358 1251 2786 1325 effeetuum
2840 1250 3402 1331 consolidatio,
3479 1250 3559 1320 et

2021 1369 2398 1457 gravedo,
2492 1370 2926 1441 secundum
2999 1366 3203 1459 quod
3268 1367 3561 1456 digeri-

2019 1489 2183 1567 tur,
2229 1492 2307 1560 et
2357 1488 2826 1581 majoratio,
2877 1488 3085 1558 sicut
3156 1488 3377 1577 patet
3450 1484 3559 1555 in-

2018 1602 2393 1676 ductione
2433 1605 2523 1675 de
2557 1603 3020 1684 seminibuS,
3074 1602 3444 1675 videlicet
3481 1599 3559 1670 in

2020 1720 2369 1811 siliquis,
2425 1721 2859 1800 frumento,
2917 1720 3007 1790 de
3076 1716 3555 1809 amygdalis,

2018 1841 2094 1909 et
2182 1839 2273 1911 de
2361 1839 2549 1912 aliis
2630 1837 3072 1910 seminibus
3136 1862 3149 1905 :
3210 1856 3557 1928 quorum

2019 1976 2266 2028 causa
2344 1960 2493 2038 est,
2585 1957 2772 2047 quia
2856 1955 3085 2027 calor
3151 1953 3558 2026 naturalis

2017 2093 2200 2144 cum
2278 2072 2685 2164 adjiltorio
2754 2071 3059 2143 caloris
3118 2069 3561 2141 extrinseci

2015 2191 2408 2279 evaporat
2443 2186 2858 2259 humidum
2896 2185 3555 2279 phlegmaticum,

2017 2303 2225 2393 quod
2265 2307 2387 2376 est
2449 2304 2971 2397 superfluum,
3020 2305 3096 2374 et
3142 2303 3313 2376 ideo
3367 2300 3560 2374 illud

2016 2420 2223 2512 quod
2261 2424 2625 2494 remanet
2662 2424 2785 2493 est
2846 2440 3120 2513 grave,
3158 2424 3237 2493 et
3281 2439 3557 2494 conso-

2015 2537 2380 2609 lidatum.

2105 2655 2253 2726 Sed
2321 2655 2391 2727 si
2461 2655 2872 2747 objicitur,
2938 2654 3129 2746 quia
3192 2653 3554 2727 videmus

2014 2790 2255 2862 poma
2299 2774 2623 2844 matura
2654 2793 2830 2845 esse
2867 2771 3275 2851 molliora,
3314 2791 3554 2862 quam

2014 2907 2255 2979 poma
2298 2888 2722 2979 indigesta,
2780 2892 2858 2962 et
2902 2890 3179 2961 ulcera
3227 2890 3554 2960 matura

2013 3004 2422 3086 molliora,
2469 3008 2555 3078 ut
2615 3009 3152 3097 apostemata,
3200 3006 3407 3078 sicut
3447 3006 3552 3078 di-

2006 3120 2224 3194 citur
2258 3122 2338 3194 in
2379 3123 2528 3195 hoc
2591 3122 2825 3207 libro,
2896 3128 2973 3198 et
3043 3124 3551 3217 experientia

2004 3238 2283 3310 docet:

3698 2661 3774 2713 10.

3634 2725 3887 2789 objectio.

2103 3357 2669 3449 Respondetur
2764 3362 2968 3452 quod
3051 3381 3291 3453 poma
3385 3379 3545 3434 non
3578 3369 3888 3437 Responsio.

2005 3476 2190 3545 sunt
2233 3476 2543 3547 semina
2592 3478 2687 3549 ad
2757 3478 3077 3549 modum
3147 3478 3542 3560 matricis,

2003 3593 2081 3661 et
2153 3590 2326 3663 ideo
2386 3593 2698 3665 semina
2759 3594 3069 3665 inclusa
3130 3595 3208 3666 in
3281 3596 3546 3686 pomis

2007 3706 2435 3798 patiuntur
2468 3713 2843 3799 poparum,
2893 3711 3024 3782 sed
3066 3731 3227 3783 non
3271 3731 3536 3803 poma,

2004 3824 2136 3895 sed
2217 3824 2465 3897 aliam
2543 3825 3117 3916 digestionem3
3227 3827 3360 3898 sed
3455 3827 3547 3899 de

2002 3942 2675 4033 apostematibus,
2738 3947 2816 4015 et
2884 3943 3288 4016 ulceribus
3347 3942 3549 4016 dico-

2005 4062 2235 4130 retur
2281 4060 2485 4151 quod
2529 4080 2688 4131 non
2744 4060 3173 4152 patiuntur
3214 4060 3547 4153 proprie

2000 4173 2564 4264 digestionem,
2623 4197 2795 4266 quae
2840 4178 2962 4247 est
3008 4179 3349 4266 ροραηείε,
3416 4175 3549 4247 sed

2001 4290 2277 4373 aliam,
2359 4295 2443 4363 ut
2485 4293 2785 4373 dicunt,
2832 4294 3038 4384 quod
3085 4311 3264 4364 eum
3315 4312 3546 4384 apos-

2001 4411 2217 4479 tema
2277 4407 2533 4482 suerit
2609 4408 3197 4491 mollificatum‚
3266 4428 3542 4480 consu-

2002 4524 2280 4605 mitur,
2344 4527 2422 4597 et
2485 4525 3073 4597 comminuitur
3129 4522 3544 4594 humidum

2000 4641 2538 4732 superfluum;
2601 4645 2682 4714 et
2732 4645 2924 4713 tunc
2955 4638 3385 4732 dispositio
3421 4660 3541 4709 se-

1999 4776 2249 4846 quens
2347 4757 2678 4828 tendens
2765 4757 2861 4827 ad
2956 4753 3540 4849 persectionem

1999 4874 2269 4954 mixti,
2318 4878 2588 4966 potest
2629 4874 2783 4947 dici
2811 4878 3151 4964 pcpansiS,
3216 4877 3293 4945 ot
3329 4871 3542 4944 forte

1995 4994 2418 5082 apostema
2456 4992 2674 5063 vadit
2718 4992 2815 5063 ad
2860 4989 3540 5083 putrefactionem

1998 5107 2263 5199 magis
2316 5108 2673 5200 proprie,
2731 5127 2973 5200 quam
3018 5109 3111 5179 ad
3161 5105 3540 5197 digestio-

1993 5243 2202 5305 nem,
2259 5223 2447 5315 quia
2490 5224 2838 5314 digestio
2871 5228 2995 5296 est
3051 5224 3143 5296 ad
3207 5242 3538 5314 genera-

1992 5339 2302 5412 tionem
2336 5340 2622 5412 sormee.
2667 5341 3231 5414 substantialis
3277 5361 3529 5419 novae,

1995 5456 2449 5529 maturatio
2511 5457 3048 5550 apostematis
3126 5477 3317 5538 non,
3400 5457 3532 5529 sed

1993 5575 2087 5646 ad
2139 5575 2779 5665 corruptionem.
