4252 6393
1779 372 2139 449 QUAEsrlo
2187 374 2320 435 xiv

474 532 1047 627 requiruntur;
1090 535 1426 617 scilicet,
1469 536 1847 611 sensibile
1887 559 2014 610 ex-

468 654 623 733 tra,
680 652 1055 735 medium,
1123 671 1550 744 organum,
1598 652 1718 725 vis
1763 653 2017 725 sensi-

468 768 659 842 tiva.
708 769 854 842 His
888 769 1003 842 sic
1044 770 1490 862 dispositiS,
1537 771 1633 842 ad
1673 770 1840 844 hece
1893 792 2015 844 se-

463 890 823 978 quuntur
850 886 1012 960 alia
1045 891 1440 979 quatuor:
1477 888 1839 961 Primum
1863 892 2010 973 est,

464 1004 668 1095 quod
715 1004 1119 1096 objectum
1154 1010 1492 1096 generat
1523 1027 1753 1078 suam
1791 1006 2013 1080 simi-

461 1119 883 1196 litudinem
932 1122 1009 1195 in
1055 1124 1314 1196 medio
1351 1145 1601 1216 usque
1634 1126 1727 1197 ad
1773 1145 2012 1216 orga-

463 1260 680 1313 num.
733 1240 1184 1315 Secundum
1225 1246 1375 1323 est,
1423 1242 1628 1333 quod
1663 1243 2011 1316 medium

464 1357 733 1449 tangit
794 1375 1197 1448 organum
1259 1357 1744 1440 immediate,
1838 1359 2010 1433 ideo

464 1495 607 1546 sua
653 1475 919 1566 specie
986 1496 1141 1567 qua
1193 1476 1715 1557 informatur,
1781 1496 2012 1567 gene-

465 1592 589 1662 rat
655 1590 1008 1682 speciem
1071 1592 1151 1663 in
1211 1611 1551 1684 organo.
1616 1595 2006 1673 Tertium,

461 1707 671 1800 quod
704 1706 1014 1798 species
1046 1708 1407 1781 existens
1444 1708 1521 1780 in
1566 1729 1902 1800 organo,
1942 1710 2010 1782 si

458 1826 578 1897 est
626 1822 1064 1906 sufficiens,
1113 1829 1193 1898 et
1234 1824 1501 1899 virtus
1535 1847 1695 1898 non
1732 1828 1837 1901 sit
1871 1828 2010 1900 im-

462 1939 756 2033 pedita,
804 1940 1261 2015 inclinando
1296 1964 1500 2021 eam,
1542 1942 1788 2016 faciat
1829 1964 2008 2016 eam

458 2076 641 2131 esse
711 2056 1110 2133 intentam
1196 2061 1291 2132 ad
1376 2060 2002 2153 percipiendum.

460 2179 860 2258 Quartum
922 2179 1069 2255 est,
1128 2177 1334 2268 quod
1389 2175 1563 2268 ipsa
1617 2176 2003 2257 sensatio‚

462 2314 597 2366 seu
668 2298 901 2366 actus
982 2292 1375 2365 sentiendi
1444 2292 1859 2366 formatur
1930 2292 2006 2367 in

457 2409 921 2501 composito
970 2430 1069 2480 ex
1120 2408 1197 2480 vi
1251 2409 1665 2491 sensitiva,
1735 2414 1813 2482 et
1886 2430 2008 2482 or-

459 2545 674 2616 gano
720 2526 987 2618 specie
1023 2526 1489 2608 informate,
1547 2548 1788 2619 quam
1833 2549 2008 2619 ope-

464 2643 873 2717 rationem
949 2643 1072 2715 vis
1144 2644 1535 2717 sensitiva
1614 2645 2009 2718 inclinata

462 2761 1300 2853 principaliterelicit‚
1335 2782 1734 2852 organum
1762 2762 2007 2835 infor-

462 2882 774 2952 matum
806 2879 1070 2971 specie
1096 2877 1867 2959 instrumentaliter,
1894 2880 2012 2952 to-

466 3000 633 3069 tum
666 2995 1217 3088 compositum
1258 3016 1398 3088 per
1451 3018 1558 3068 se.

546 3112 671 3183 Ex
722 3109 850 3180 his
909 3113 1158 3202 patet,
1236 3110 1437 3204 quod
1507 3110 1816 3203 species
1891 3111 2010 3184 rei

463 3226 875 3301 sensibilis
965 3231 1089 3301 est
1160 3227 1562 3320 impressa
1636 3231 2008 3320 respectu

462 3343 782 3437 organi.
822 3342 950 3418 Sic
984 3344 1414 3416 secundum
1449 3344 1804 3436 aliquem
1842 3367 2010 3419 mo-

461 3461 645 3535 ‹lum
704 3460 783 3534 in
843 3459 1248 3552 aliquibus
1310 3461 1659 3535 similem
1732 3482 2009 3535 causa-

458 3580 595 3650 tur
636 3582 829 3650 ante
862 3576 1498 3651 intellectionem
1531 3578 1613 3648 in
1657 3578 2012 3652 intellec-

459 3696 570 3777 tn,
619 3699 711 3768 ut
753 3694 1052 3766 dicunt.
1104 3693 1326 3768 Sicut
1373 3694 1588 3765 enim
1634 3695 2012 3768 sensibile

458 3817 700 3887 extra
736 3814 1006 3884 movet
1041 3832 1390 3892 sensum,
1430 3811 1545 3883 sic
1582 3811 2011 3904 phantasia

460 3928 968 4004 intellectum
1006 3955 1020 4012 ;
1056 3931 1138 4001 et
1182 3927 1387 4000 sicut
1437 3928 1578 4000 lux
1619 3949 2011 4021 corpora-

460 4042 557 4117 lis
608 4047 746 4119 dat
790 4045 955 4116 vim
997 4044 1283 4126 colori,
1332 4049 1418 4118 ut
1465 4049 1787 4118 moveat
1841 4066 2010 4118 sen·

461 4182 661 4244 sum,
736 4162 850 4234 sic
894 4162 1351 4234 intellectus
1421 4182 1669 4252 agens
1731 4163 2014 4255 incipit

465 4278 795 4371 operari
830 4299 1015 4350 eum
1060 4278 1792 4371 phantasmatibus,
1831 4280 2010 4351 dan-

460 4397 553 4469 do
589 4396 711 4469 eis
748 4394 940 4477 vim,
981 4398 1064 4467 ut
1093 4399 1466 4468 moveant
1504 4396 2007 4469 intellectum

462 4510 976 4603 possibilem;
1045 4532 1201 4582 non
1274 4511 1388 4583 sic
1456 4511 2003 4603 intelligendo,

464 4631 667 4721 quod
708 4629 840 4702 det
888 4629 1054 4701 vim
1126 4628 1449 4720 speciei,
1499 4650 1673 4721 quse
1732 4634 1857 4703 est
1927 4629 2007 4701 in

466 4747 1057 4837 phantasmate,
1108 4750 1196 4817 ut
1253 4767 1481 4818 suam
1553 4747 2006 4821 similitudi-

464 4882 641 4933 nem
716 4862 1137 4955 imprimat
1210 4861 1288 4934 in
1350 4863 1743 4955 possibili,
1822 4884 2006 4936 eum

463 4979 684 5052 nulla
746 4979 1053 5073 species
1116 4978 1193 5049 in
1275 5000 1369 5051 eo
1451 4978 2002 5071 imprimatur,

468 5097 597 5169 sed
703 5097 891 5190 quia
992 5096 1393 5189 objectum
1466 5096 2004 5187 imaginatum

463 5217 1109 5307 cognoscebatur
1150 5216 1247 5287 ab
1292 5216 1826 5306 imaginativa
1862 5215 2006 5286 sub

466 5332 1054 5405 conditionibus
1111 5330 1773 5423 particularibus,
1831 5353 2005 5422 quae

470 5450 649 5518 sunt
676 5451 806 5526 laic,
842 5450 921 5520 et
962 5470 1161 5527 πιιηε,
1203 5443 1349 5515 sub
1381 5445 1527 5515 tali
1576 5449 1839 5533 ligura
1925 5448 2003 5517 et

470 5561 611 5635 tali
672 5563 1154 5655 quantitate.
1227 5564 1321 5632 Et
1364 5560 1826 5654 hujusmodi
1895 5561 2005 5633 in-

3545 371 3666 434 525

2134 535 2509 608 tellectus
2586 556 2835 627 agens
2925 536 3388 611 considerat
3480 534 3675 608 illud

2130 651 2333 724 idem
2380 673 2466 725 re
2524 654 2822 746 absque
2884 652 3344 747 hujusmodi
3403 653 3675 727 condi-

2129 767 2510 841 tionibus.
2571 770 2784 843 Idem
2826 770 3042 842 enim
3089 791 3175 843 re
3232 770 3437 863 quod
3480 769 3673 844 ima-

2131 885 2466 976 ginatur
2534 886 2678 959 sub
2754 886 2990 960 dictis
3051 886 3670 969 conditionibus,

2128 1004 2251 1074 est
2289 1002 2705 1093 singulare
2773 1006 2851 1075 et
2896 1002 3381 1086 universale,
3426 1005 3514 1076 ut
3559 1003 3675 1076 in-

2130 1119 2537 1212 telligitur
2588 1119 2886 1212 absque
2931 1118 3054 1191 his
3093 1147 3108 1191 :
3147 1122 3225 1193 et
3280 1125 3468 1196 tunc
3508 1119 3675 1192 tale

2131 1235 2532 1328 obJectum
2585 1237 3171 1329 praesentatum
3226 1236 3674 1310 intellectui

2131 1353 2497 1445 possibili
2542 1375 2687 1447 per
2750 1354 3255 1430 intellectum
3298 1358 3672 1446 agentem

2126 1468 2366 1544 habet
2435 1470 2600 1542 vim
2645 1471 3063 1554 motivam,
3133 1475 3216 1546 et
3274 1470 3675 1546 inclinati-

2125 1608 2310 1660 vam
2347 1588 2811 1662 intellectus
2849 1588 3264 1682 possibilis
3308 1590 3402 1662 ad
3446 1589 3675 1663 intel-

2125 1704 2533 1796 ligendum
2605 1726 2713 1788 se,
2805 1712 2884 1781 et
2952 1705 3192 1780 habet
3269 1707 3675 1782 rationem

2128 1823 2424 1916 speciei
2453 1845 2861 1917 expressae
2904 1846 3002 1897 ex
3037 1826 3182 1899 tali
3229 1826 3675 1901 mutatione

2129 1939 2344 2014 facta
2405 1941 2504 2012 ab
2563 1942 2979 2016 intellectu
3026 1948 3316 2034 agente
3381 1963 3674 2037 reprae-

2129 2062 2448 2131 sentata
2494 2057 2885 2151 possibili.
2925 2061 3042 2130 Ex
3088 2059 3289 2151 ipsa,
3334 2060 3544 2142 dico,
3593 2064 3674 2133 et

2125 2173 2541 2248 intellectu
2607 2175 2694 2247 fit
2739 2195 3012 2258 unum,
3061 2195 3221 2248 non
3292 2175 3501 2250 sicut
3573 2197 3670 2248 ex

2126 2292 2490 2385 subjecto
2551 2313 2732 2365 cum
2774 2293 3209 2375 accidente,
3272 2292 3402 2365 vel
3462 2291 3677 2366 sicu:

2124 2431 2222 2480 ex
2294 2408 2557 2501 specie
2624 2409 3026 2501 impressa
3079 2430 3264 2483 cum
3331 2428 3670 2500 organ0,

2125 2524 2257 2596 sed
2292 2525 2502 2598 sicut
2535 2546 2634 2597 ex
2666 2526 2997 2617 cognito
3033 2531 3113 2601 et
3179 2545 3677 2618 cognoscen-

2124 2647 2227 2722 te,
2281 2641 2395 2716 ita
2429 2643 2633 2734 quod
2658 2643 3205 2736 compositum
3230 2664 3329 2716 ex
3361 2643 3477 2716 eis
3510 2664 3673 2717 non

2123 2761 2247 2830 est
2272 2779 2520 2831 unum
2568 2761 2935 2841 tertium,
2966 2759 3178 2834 sicut
3199 2781 3297 2832 ex
3325 2761 3675 2835 materia

2123 2877 2204 2948 et
2245 2872 2539 2956 forma,
2604 2876 2735 2948 sed
2788 2876 2998 2949 sicut
3061 2896 3160 2948 ex
3220 2875 3547 2967 cognito
3597 2881 3677 2951 et

2125 2994 2692 3081 cognoscente.

2214 3109 2414 3179 Cum
2457 3105 2671 3177 enim
2704 3109 2818 3196 (ut
2851 3107 3154 3200 dicunt)
3185 3107 3351 3182 tria
3393 3109 3558 3184 sint
3593 3111 3671 3183 in

2123 3221 2433 3296 virtute
2511 3224 3043 3316 imaginativa
3123 3224 3435 3301 scilicet
3501 3249 3678 3322 spe-

2124 3340 2286 3412 cies
2331 3341 2733 3435 impressa
2777 3364 2821 3413 a
2873 3343 3162 3436 specie,
3201 3366 3376 3437 quae
3426 3348 3553 3421 est
3596 3346 3676 3419 in

2125 3458 2547 3541 memoria,
2642 3460 2812 3532 sine
2892 3481 3048 3552 qua
3123 3461 3325 3534 nihil
3396 3468 3674 3557 posset

2130 3571 2565 3665 imaginari
2616 3579 2958 3668 propter
3025 3597 3260 3648 suum
3320 3602 3452 3648 esse
3512 3599 3673 3652 ma-

2126 3689 2417 3763 teriale
2511 3696 2592 3766 et
2713 3692 3195 3785 organicum
3284 3719 3298 3763 :
3397 3717 3671 3771 secun-

2124 3804 2336 3890 dum,
2385 3810 2615 3881 actus
2668 3799 3161 3901 imaginandi
3218 3837 3233 3881 ε
3300 3811 3664 3897 tertium,

2126 3924 2393 4016 ipsum
2431 3924 2832 4018 objectum
2877 3925 3454 4018 imaginatum;
3504 3951 3672 4023 spe-

2126 4040 2292 4113 cies
2345 4046 2469 4115 est
2519 4042 2595 4113 in
2639 4042 3198 4134 imaginativa‚
3260 4049 3347 4119 ut
3400 4045 3670 4120 forma

2124 4156 2647 4230 accidentalis
2734 4157 2814 4229 in
2913 4159 3328 4253 subjecto;
3439 4166 3671 4236 actus

2132 4273 2623 4364 imaginandi
2695 4280 2816 4348 est
2891 4276 2969 4348 in
3037 4298 3156 4360 ea,
3233 4278 3443 4353 sicut
3505 4300 3668 4353 mo·

2125 4396 2252 4464 tus
2282 4392 2359 4463 in
2397 4397 2618 4464 moto
2657 4419 2671 4474 ;
2702 4392 3242 4485 imaginatum
3274 4400 3396 4468 est
3432 4396 3513 4469 in
3544 4418 3663 4480 ea,

2124 4508 2335 4579 sicut
2419 4507 2820 4599 objectum
2903 4510 2984 4581 in
3061 4518 3605 4604 cognoscente
3649 4540 3664 4585 ε

2121 4646 2303 4696 eum
2346 4623 2513 4697 haec
2549 4624 2734 4706 tria,
2780 4626 2985 4711 dico,
3034 4631 3220 4701 sunt
3266 4630 3348 4701 in
3383 4630 3671 4722 imagi-

2121 4743 2425 4824 nativa,
2482 4744 2932 4818 abstractio
2975 4767 3138 4819 non
3188 4748 3279 4823 fit
3317 4769 3365 4821 a
3398 4749 3662 4843 specie

2124 4858 2550 4951 impressa,
2620 4860 2807 4951 quia
2860 4861 3319 4936 intellectus
3372 4864 3670 4957 speciei

2120 4975 2575 5050 materialis
2611 4978 3238 5073 impressionem
3271 5003 3431 5055 non
3467 4984 3666 5057 reei-

2122 5092 2264 5184 pit,
2326 5094 2510 5185 quia
2587 5100 2804 5169 esset
2846 5101 3163 5172 naturae
3216 5098 3669 5173 alterabilis

2119 5211 2199 5280 et
2285 5210 2966 5292 transmutabilis,
3070 5210 3281 5286 sicut
3353 5233 3662 5297 sensuS‚

2119 5322 2351 5414 eujus
2442 5326 2963 5399 contrarium
3055 5328 3230 5401 vult
3303 5328 3666 5405 Philoso-

2122 5439 2325 5533 phus
2356 5445 2422 5513 7.
2472 5442 2999 5532 Physieorum
3031 5450 3077 5514 *.
3127 5446 3291 5520 Nec
3335 5450 3433 5521 ab
3477 5456 3664 5525 actu

2121 5558 2640 5649 imaginandi,
2686 5563 2960 5635 eadem
3003 5563 3347 5665 ratione,
3386 5569 3517 5640 sed
3552 5590 3668 5643 so-

3830 3135 3879 3187 5.

3694 5477 3717 5501 ⁶
3735 5480 3868 5529 text.
3890 5477 3974 5532 20.
