<?xml version="1.0" encoding="UTF-8"?>
<!DOCTYPE html PUBLIC "-//W3C//DTD XHTML 1.0 Transitional//EN"
    "http://www.w3.org/TR/xhtml1/DTD/xhtml1-transitional.dtd">
<html xmlns="http://www.w3.org/1999/xhtml" xml:lang="en" lang="en">
 <head>
  <title>
</title>
<meta http-equiv="Content-Type" content="text/html;charset=utf-8" />
  <meta name='ocr-system' content='tesseract 3.04.00' />
  <meta name='ocr-capabilities' content='ocr_page ocr_carea ocr_par ocr_line ocrx_word'/>
</head>
<body>
  <div class='ocr_page' id='page_1' title='image "./joannisdunsscot03waddgoog_0258.png"; bbox 0 0 4252 6393; ppageno 0'>
   <div class='ocr_carea' id='block_1_1' title="bbox 358 833 594 987">
    <p class='ocr_par' dir='ltr' id='par_1_1' title="bbox 358 833 594 987">
     <span class='ocr_line' id='line_1_1' title="bbox 358 833 594 925; baseline -0.008 -14"><span class='ocrx_word' id='word_1_1' title='bbox 358 833 594 925; x_wconf 46' lang='lat' dir='ltr'>Diaeatt&#39;o</span> 
     </span>
     <span class='ocr_line' id='line_1_2' title="bbox 406 923 559 987; baseline 0.013 -13"><span class='ocrx_word' id='word_1_2' title='bbox 406 923 559 987; x_wconf 71' lang='lat' dir='ltr'>quid.</span> 
     </span>
    </p>
   </div>
   <div class='ocr_carea' id='block_1_2' title="bbox 680 382 800 450">
    <p class='ocr_par' dir='ltr' id='par_1_2' title="bbox 680 382 800 450">
     <span class='ocr_line' id='line_1_3' title="bbox 680 382 800 450; baseline -0.008 0"><span class='ocrx_word' id='word_1_3' title='bbox 680 382 800 450; x_wconf 76' lang='lat'>238</span> 
     </span>
    </p>
   </div>
   <div class='ocr_carea' id='block_1_3' title="bbox 615 546 2221 5658">
    <p class='ocr_par' dir='ltr' id='par_1_3' title="bbox 674 546 2219 737">
     <span class='ocr_line' id='line_1_4' title="bbox 675 546 2219 645; baseline 0.003 -26"><span class='ocrx_word' id='word_1_4' title='bbox 675 546 774 621; x_wconf 92' lang='lat' dir='ltr'>do</span> <span class='ocrx_word' id='word_1_5' title='bbox 817 554 1223 640; x_wconf 86' lang='lat' dir='ltr'>ponentur</span> <span class='ocrx_word' id='word_1_6' title='bbox 1268 546 1836 624; x_wconf 74' lang='lat' dir='ltr'>conclusiones</span> <span class='ocrx_word' id='word_1_7' title='bbox 1878 553 1972 624; x_wconf 90' lang='lat' dir='ltr'>ad</span> <span class='ocrx_word' id='word_1_8' title='bbox 2015 574 2219 645; x_wconf 79' lang='lat' dir='ltr'>quae-</span> 
     </span>
     <span class='ocr_line' id='line_1_5' title="bbox 674 661 949 737; baseline 0 -2"><span class='ocrx_word' id='word_1_9' title='bbox 674 661 949 737; x_wconf 89' lang='lat' dir='ltr'>situm.</span> 
     </span>
    </p>

    <p class='ocr_par' dir='ltr' id='par_1_4' title="bbox 667 784 2221 1807">
     <span class='ocr_line' id='line_1_6' title="bbox 765 784 2219 877; baseline 0.002 -23"><span class='ocrx_word' id='word_1_10' title='bbox 765 786 1170 869; x_wconf 86' lang='lat' dir='ltr'>Quantum</span> <span class='ocrx_word' id='word_1_11' title='bbox 1213 784 1307 857; x_wconf 89' lang='lat' dir='ltr'>ad</span> <span class='ocrx_word' id='word_1_12' title='bbox 1348 784 1732 877; x_wconf 88' lang='lat' dir='ltr'>primum,</span> <span class='ocrx_word' id='word_1_13' title='bbox 1776 785 2219 858; x_wconf 89' lang='lat' dir='ltr'>notandum</span> 
     </span>
     <span class='ocr_line' id='line_1_7' title="bbox 681 900 2221 992; baseline 0.003 -23"><span class='ocrx_word' id='word_1_14' title='bbox 681 900 972 991; x_wconf 87' lang='lat' dir='ltr'>primo,</span> <span class='ocrx_word' id='word_1_15' title='bbox 1025 902 1231 992; x_wconf 89' lang='lat' dir='ltr'>quod</span> <span class='ocrx_word' id='word_1_16' title='bbox 1281 902 1771 976; x_wconf 88' lang='lat' dir='ltr'>Aristoteles</span> <span class='ocrx_word' id='word_1_17' title='bbox 1816 902 1895 973; x_wconf 91' lang='lat' dir='ltr'>in</span> <span class='ocrx_word' id='word_1_18' title='bbox 1938 901 2221 975; x_wconf 89' lang='lat' dir='ltr'>littera</span> 
     </span>
     <span class='ocr_line' id='line_1_8' title="bbox 677 1016 2218 1107; baseline 0.001 -19"><span class='ocrx_word' id='word_1_19' title='bbox 677 1016 1017 1103; x_wconf 77' lang='lat' dir='ltr'>intendit</span> <span class='ocrx_word' id='word_1_20' title='bbox 1098 1017 1632 1107; x_wconf 78' lang='lat' dir='ltr'>digestionem</span> <span class='ocrx_word' id='word_1_21' title='bbox 1701 1040 1880 1090; x_wconf 90' lang='lat' dir='ltr'>esse</span> <span class='ocrx_word' id='word_1_22' title='bbox 1943 1038 2218 1091; x_wconf 90' lang='lat' dir='ltr'>secun-</span> 
     </span>
     <span class='ocr_line' id='line_1_9' title="bbox 670 1136 2219 1231; baseline 0.004 -25"><span class='ocrx_word' id='word_1_23' title='bbox 670 1136 855 1207; x_wconf 90' lang='lat' dir='ltr'>dum</span> <span class='ocrx_word' id='word_1_24' title='bbox 908 1157 1108 1229; x_wconf 88' lang='lat' dir='ltr'>opus</span> <span class='ocrx_word' id='word_1_25' title='bbox 1150 1141 1337 1230; x_wconf 90' lang='lat' dir='ltr'>post</span> <span class='ocrx_word' id='word_1_26' title='bbox 1387 1138 2099 1231; x_wconf 76' lang='lat' dir='ltr'>putrefactionem,</span> <span class='ocrx_word' id='word_1_27' title='bbox 2139 1143 2219 1212; x_wconf 89' lang='lat' dir='ltr'>et</span> 
     </span>
     <span class='ocr_line' id='line_1_10' title="bbox 671 1252 2213 1351; baseline 0.001 -27"><span class='ocrx_word' id='word_1_28' title='bbox 671 1252 888 1326; x_wconf 90' lang='lat' dir='ltr'>aliud</span> <span class='ocrx_word' id='word_1_29' title='bbox 931 1274 1130 1346; x_wconf 88' lang='lat' dir='ltr'>opus</span> <span class='ocrx_word' id='word_1_30' title='bbox 1182 1255 1644 1351; x_wconf 84' lang='lat' dir='ltr'>primarum</span> <span class='ocrx_word' id='word_1_31' title='bbox 1698 1254 2213 1349; x_wconf 81' lang='lat' dir='ltr'>qualitatum,</span> 
     </span>
     <span class='ocr_line' id='line_1_11' title="bbox 671 1369 2213 1465; baseline 0.003 -26"><span class='ocrx_word' id='word_1_32' title='bbox 671 1369 1045 1446; x_wconf 87' lang='lat' dir='ltr'>videlicet</span> <span class='ocrx_word' id='word_1_33' title='bbox 1080 1373 1524 1448; x_wconf 82' lang='lat' dir='ltr'>caliditatis</span> <span class='ocrx_word' id='word_1_34' title='bbox 1582 1378 1663 1447; x_wconf 89' lang='lat' dir='ltr'>et</span> <span class='ocrx_word' id='word_1_35' title='bbox 1707 1372 2213 1465; x_wconf 72' lang='lat' dir='ltr'>frigiditatis,</span> 
     </span>
     <span class='ocr_line' id='line_1_12' title="bbox 671 1486 2218 1573; baseline 0.002 -16"><span class='ocrx_word' id='word_1_36' title='bbox 671 1486 1076 1562; x_wconf 85' lang='lat' dir='ltr'>siccitatis</span> <span class='ocrx_word' id='word_1_37' title='bbox 1145 1494 1225 1564; x_wconf 91' lang='lat' dir='ltr'>et</span> <span class='ocrx_word' id='word_1_38' title='bbox 1323 1490 1859 1573; x_wconf 80' lang='lat' dir='ltr'>humiditatis,</span> <span class='ocrx_word' id='word_1_39' title='bbox 1942 1495 2218 1564; x_wconf 89' lang='lat' dir='ltr'>tamen</span> 
     </span>
     <span class='ocr_line' id='line_1_13' title="bbox 670 1606 2216 1681; baseline 0.001 -6"><span class='ocrx_word' id='word_1_40' title='bbox 670 1606 1103 1678; x_wconf 91' lang='lat' dir='ltr'>secundum</span> <span class='ocrx_word' id='word_1_41' title='bbox 1148 1606 1696 1681; x_wconf 86' lang='lat' dir='ltr'>habitudinem</span> <span class='ocrx_word' id='word_1_42' title='bbox 1740 1610 2052 1680; x_wconf 88' lang='lat' dir='ltr'>certam</span> <span class='ocrx_word' id='word_1_43' title='bbox 2095 1608 2216 1677; x_wconf 90' lang='lat' dir='ltr'>de-</span> 
     </span>
     <span class='ocr_line' id='line_1_14' title="bbox 667 1723 2211 1807; baseline -0.001 -12"><span class='ocrx_word' id='word_1_44' title='bbox 667 1723 1161 1807; x_wconf 82' lang='lat' dir='ltr'>terminatis,</span> <span class='ocrx_word' id='word_1_45' title='bbox 1219 1730 1299 1799; x_wconf 88' lang='lat' dir='ltr'>et</span> <span class='ocrx_word' id='word_1_46' title='bbox 1351 1725 1888 1800; x_wconf 84' lang='lat' dir='ltr'>existentibus</span> <span class='ocrx_word' id='word_1_47' title='bbox 1942 1723 2211 1796; x_wconf 88' lang='lat' dir='ltr'>simul.</span> 
     </span>
    </p>

    <p class='ocr_par' dir='ltr' id='par_1_5' title="bbox 665 1840 2217 2637">
     <span class='ocr_line' id='line_1_15' title="bbox 755 1840 2217 1933; baseline 0.001 -23"><span class='ocrx_word' id='word_1_48' title='bbox 755 1840 1007 1913; x_wconf 83' lang='lat' dir='ltr'>Juxta</span> <span class='ocrx_word' id='word_1_49' title='bbox 1040 1842 1246 1933; x_wconf 90' lang='lat' dir='ltr'>quod</span> <span class='ocrx_word' id='word_1_50' title='bbox 1275 1843 1745 1924; x_wconf 88' lang='lat' dir='ltr'>notandum,</span> <span class='ocrx_word' id='word_1_51' title='bbox 1786 1841 1991 1933; x_wconf 90' lang='lat' dir='ltr'>quod</span> <span class='ocrx_word' id='word_1_52' title='bbox 2025 1846 2217 1914; x_wconf 89' lang='lat' dir='ltr'>utor</span> 
     </span>
     <span class='ocr_line' id='line_1_16' title="bbox 667 1956 2214 2050; baseline 0.001 -23"><span class='ocrx_word' id='word_1_53' title='bbox 667 1957 1144 2050; x_wconf 85' lang='lat' dir='ltr'>quandoque</span> <span class='ocrx_word' id='word_1_54' title='bbox 1187 1959 1421 2031; x_wconf 93' lang='lat' dir='ltr'>modo</span> <span class='ocrx_word' id='word_1_55' title='bbox 1465 1957 1840 2050; x_wconf 90' lang='lat' dir='ltr'>loquendi</span> <span class='ocrx_word' id='word_1_56' title='bbox 1901 1956 2214 2030; x_wconf 87' lang='lat' dir='ltr'>Aristo-</span> 
     </span>
     <span class='ocr_line' id='line_1_17' title="bbox 665 2071 2215 2156; baseline 0 -10"><span class='ocrx_word' id='word_1_57' title='bbox 665 2071 852 2146; x_wconf 93' lang='lat' dir='ltr'>telis</span> <span class='ocrx_word' id='word_1_58' title='bbox 922 2072 1002 2145; x_wconf 91' lang='lat' dir='ltr'>in</span> <span class='ocrx_word' id='word_1_59' title='bbox 1070 2073 1378 2156; x_wconf 89' lang='lat' dir='ltr'>littera,</span> <span class='ocrx_word' id='word_1_60' title='bbox 1449 2075 1832 2148; x_wconf 92' lang='lat' dir='ltr'>sumendo</span> <span class='ocrx_word' id='word_1_61' title='bbox 1884 2093 2215 2147; x_wconf 86' lang='lat' dir='ltr'>concre-</span> 
     </span>
     <span class='ocr_line' id='line_1_18' title="bbox 666 2191 2214 2283; baseline -0.003 -20"><span class='ocrx_word' id='word_1_62' title='bbox 666 2192 838 2263; x_wconf 93' lang='lat' dir='ltr'>tum</span> <span class='ocrx_word' id='word_1_63' title='bbox 904 2210 1052 2283; x_wconf 87' lang='lat' dir='ltr'>pro</span> <span class='ocrx_word' id='word_1_64' title='bbox 1112 2192 1558 2275; x_wconf 89' lang='lat' dir='ltr'>abstracte,</span> <span class='ocrx_word' id='word_1_65' title='bbox 1613 2191 1987 2264; x_wconf 86' lang='lat' dir='ltr'>videlicet</span> <span class='ocrx_word' id='word_1_66' title='bbox 2044 2194 2214 2259; x_wconf 78' lang='lat' dir='ltr'>cali-</span> 
     </span>
     <span class='ocr_line' id='line_1_19' title="bbox 665 2306 2213 2399; baseline 0.004 -26"><span class='ocrx_word' id='word_1_67' title='bbox 665 2306 826 2374; x_wconf 77' lang='lat' dir='ltr'>dum</span> <span class='ocrx_word' id='word_1_68' title='bbox 885 2328 1032 2399; x_wconf 88' lang='lat' dir='ltr'>pro</span> <span class='ocrx_word' id='word_1_69' title='bbox 1079 2310 1447 2390; x_wconf 77' lang='lat' dir='ltr'>caliditate,</span> <span class='ocrx_word' id='word_1_70' title='bbox 1495 2309 1723 2381; x_wconf 88' lang='lat' dir='ltr'>etsie</span> <span class='ocrx_word' id='word_1_71' title='bbox 1777 2310 2213 2381; x_wconf 90' lang='lat' dir='ltr'>secundum</span> 
     </span>
     <span class='ocr_line' id='line_1_20' title="bbox 666 2422 2214 2514; baseline 0 -19"><span class='ocrx_word' id='word_1_72' title='bbox 666 2422 920 2495; x_wconf 90' lang='lat' dir='ltr'>etiam</span> <span class='ocrx_word' id='word_1_73' title='bbox 952 2423 1154 2514; x_wconf 90' lang='lat' dir='ltr'>quod</span> <span class='ocrx_word' id='word_1_74' title='bbox 1195 2424 1480 2499; x_wconf 90' lang='lat' dir='ltr'>littera</span> <span class='ocrx_word' id='word_1_75' title='bbox 1522 2429 1766 2507; x_wconf 88' lang='lat' dir='ltr'>tenet,</span> <span class='ocrx_word' id='word_1_76' title='bbox 1812 2429 1892 2500; x_wconf 89' lang='lat' dir='ltr'>et</span> <span class='ocrx_word' id='word_1_77' title='bbox 1934 2425 2214 2498; x_wconf 90' lang='lat' dir='ltr'>simili-</span> 
     </span>
     <span class='ocr_line' id='line_1_21' title="bbox 669 2540 2211 2637; baseline -0.002 -23"><span class='ocrx_word' id='word_1_78' title='bbox 669 2545 798 2614; x_wconf 92' lang='lat' dir='ltr'>ter</span> <span class='ocrx_word' id='word_1_79' title='bbox 852 2540 1004 2615; x_wconf 89' lang='lat' dir='ltr'>feci</span> <span class='ocrx_word' id='word_1_80' title='bbox 1063 2541 1142 2613; x_wconf 89' lang='lat' dir='ltr'>in</span> <span class='ocrx_word' id='word_1_81' title='bbox 1194 2544 1638 2635; x_wconf 78' lang='lat' dir='ltr'>quaestione</span> <span class='ocrx_word' id='word_1_82' title='bbox 1698 2542 2211 2637; x_wconf 81' lang='lat' dir='ltr'>praecedenti.</span> 
     </span>
    </p>

    <p class='ocr_par' dir='ltr' id='par_1_6' title="bbox 615 2660 2218 5658">
     <span class='ocr_line' id='line_1_22' title="bbox 778 2660 2215 2753; baseline -0.003 -19"><span class='ocrx_word' id='word_1_83' title='bbox 778 2663 924 2734; x_wconf 89' lang='lat' dir='ltr'>Sed</span> <span class='ocrx_word' id='word_1_84' title='bbox 1013 2660 1359 2736; x_wconf 90' lang='lat' dir='ltr'>ulterius</span> <span class='ocrx_word' id='word_1_85' title='bbox 1450 2662 1929 2744; x_wconf 88' lang='lat' dir='ltr'>notandum,</span> <span class='ocrx_word' id='word_1_86' title='bbox 2007 2660 2215 2753; x_wconf 89' lang='lat' dir='ltr'>quod</span> 
     </span>
     <span class='ocr_line' id='line_1_23' title="bbox 666 2777 2216 2871; baseline 0 -24"><span class='ocrx_word' id='word_1_87' title='bbox 666 2796 1168 2871; x_wconf 79' lang='lat' dir='ltr'>unaquaeque</span> <span class='ocrx_word' id='word_1_88' title='bbox 1241 2799 1372 2851; x_wconf 83' lang='lat' dir='ltr'>res</span> <span class='ocrx_word' id='word_1_89' title='bbox 1442 2777 1848 2850; x_wconf 90' lang='lat' dir='ltr'>naturalis</span> <span class='ocrx_word' id='word_1_90' title='bbox 1913 2777 2216 2850; x_wconf 90' lang='lat' dir='ltr'>dicitur</span> 
     </span>
     <span class='ocr_line' id='line_1_24' title="bbox 667 2892 2214 2988; baseline -0.001 -21"><span class='ocrx_word' id='word_1_91' title='bbox 667 2892 1055 2988; x_wconf 88' lang='lat' dir='ltr'>perfecta,</span> <span class='ocrx_word' id='word_1_92' title='bbox 1122 2894 1624 2968; x_wconf 87' lang='lat' dir='ltr'>sufficienter</span> <span class='ocrx_word' id='word_1_93' title='bbox 1679 2894 2017 2986; x_wconf 86' lang='lat' dir='ltr'>digesta,</span> <span class='ocrx_word' id='word_1_94' title='bbox 2086 2894 2214 2966; x_wconf 86' lang='lat' dir='ltr'>vel</span> 
     </span>
     <span class='ocr_line' id='line_1_25' title="bbox 664 3011 2217 3105; baseline 0.003 -22"><span class='ocrx_word' id='word_1_95' title='bbox 664 3011 867 3084; x_wconf 85' lang='lat' dir='ltr'>bene</span> <span class='ocrx_word' id='word_1_96' title='bbox 899 3011 1322 3105; x_wconf 88' lang='lat' dir='ltr'>disposita,</span> <span class='ocrx_word' id='word_1_97' title='bbox 1370 3013 1682 3104; x_wconf 89' lang='lat' dir='ltr'>quando</span> <span class='ocrx_word' id='word_1_98' title='bbox 1716 3011 2097 3105; x_wconf 89' lang='lat' dir='ltr'>perfecte,</span> <span class='ocrx_word' id='word_1_99' title='bbox 2136 3018 2217 3088; x_wconf 89' lang='lat' dir='ltr'>et</span> 
     </span>
     <span class='ocr_line' id='line_1_26' title="bbox 665 3129 2211 3226; baseline 0.002 -24"><span class='ocrx_word' id='word_1_100' title='bbox 665 3129 932 3205; x_wconf 88' lang='lat' dir='ltr'>debite</span> <span class='ocrx_word' id='word_1_101' title='bbox 999 3134 1267 3225; x_wconf 87' lang='lat' dir='ltr'>potest</span> <span class='ocrx_word' id='word_1_102' title='bbox 1335 3130 1414 3203; x_wconf 92' lang='lat' dir='ltr'>in</span> <span class='ocrx_word' id='word_1_103' title='bbox 1485 3151 1715 3203; x_wconf 91' lang='lat' dir='ltr'>suam</span> <span class='ocrx_word' id='word_1_104' title='bbox 1787 3130 2211 3226; x_wconf 86' lang='lat' dir='ltr'>propriam</span> 
     </span>
     <span class='ocr_line' id='line_1_27' title="bbox 670 3246 2214 3341; baseline -0.001 -21"><span class='ocrx_word' id='word_1_105' title='bbox 670 3247 1257 3341; x_wconf 81' lang='lat' dir='ltr'>operationem,</span> <span class='ocrx_word' id='word_1_106' title='bbox 1303 3268 1542 3341; x_wconf 88' lang='lat' dir='ltr'>quam</span> <span class='ocrx_word' id='word_1_107' title='bbox 1596 3246 1938 3321; x_wconf 88' lang='lat' dir='ltr'>intendit</span> <span class='ocrx_word' id='word_1_108' title='bbox 1985 3253 2214 3322; x_wconf 90' lang='lat' dir='ltr'>natu-</span> 
     </span>
     <span class='ocr_line' id='line_1_28' title="bbox 668 3363 2215 3455; baseline 0.001 -20"><span class='ocrx_word' id='word_1_109' title='bbox 668 3363 985 3444; x_wconf 84' lang='lat' dir='ltr'>raliter,</span> <span class='ocrx_word' id='word_1_110' title='bbox 1043 3367 1124 3450; x_wconf 82' lang='lat' dir='ltr'>et</span> <span class='ocrx_word' id='word_1_111' title='bbox 1172 3363 1530 3438; x_wconf 89' lang='lat' dir='ltr'>finaliter</span> <span class='ocrx_word' id='word_1_112' title='bbox 1598 3368 2215 3455; x_wconf 87' lang='lat' dir='ltr'>quantumcum-</span> 
     </span>
     <span class='ocr_line' id='line_1_29' title="bbox 667 3479 2210 3574; baseline 0.002 -24"><span class='ocrx_word' id='word_1_113' title='bbox 667 3500 844 3572; x_wconf 89' lang='lat' dir='ltr'>que.</span> <span class='ocrx_word' id='word_1_114' title='bbox 911 3483 1014 3554; x_wconf 89' lang='lat' dir='ltr'>Et</span> <span class='ocrx_word' id='word_1_115' title='bbox 1080 3479 1230 3558; x_wconf 90' lang='lat' dir='ltr'>hoc</span> <span class='ocrx_word' id='word_1_116' title='bbox 1291 3481 1700 3572; x_wconf 87' lang='lat' dir='ltr'>contingit</span> <span class='ocrx_word' id='word_1_117' title='bbox 1747 3480 2210 3574; x_wconf 72' lang='lat' dir='ltr'>dupliciter,</span> 
     </span>
     <span class='ocr_line' id='line_1_30' title="bbox 667 3595 2212 3689; baseline 0.001 -22"><span class='ocrx_word' id='word_1_118' title='bbox 667 3595 857 3688; x_wconf 88' lang='lat' dir='ltr'>quia</span> <span class='ocrx_word' id='word_1_119' title='bbox 923 3600 1064 3669; x_wconf 89' lang='lat' dir='ltr'>aut</span> <span class='ocrx_word' id='word_1_120' title='bbox 1134 3595 1659 3689; x_wconf 90' lang='lat' dir='ltr'>simpliciter,</span> <span class='ocrx_word' id='word_1_121' title='bbox 1724 3602 1865 3671; x_wconf 92' lang='lat' dir='ltr'>aut</span> <span class='ocrx_word' id='word_1_122' title='bbox 1936 3619 2212 3670; x_wconf 90' lang='lat' dir='ltr'>secun-</span> 
     </span>
     <span class='ocr_line' id='line_1_31' title="bbox 665 3712 2213 3805; baseline 0.002 -22"><span class='ocrx_word' id='word_1_123' title='bbox 665 3713 853 3785; x_wconf 89' lang='lat' dir='ltr'>dum</span> <span class='ocrx_word' id='word_1_124' title='bbox 894 3713 1392 3804; x_wconf 83' lang='lat' dir='ltr'>exigentiam</span> <span class='ocrx_word' id='word_1_125' title='bbox 1425 3712 1634 3796; x_wconf 78' lang='lat' dir='ltr'>finiS,</span> <span class='ocrx_word' id='word_1_126' title='bbox 1686 3715 1780 3786; x_wconf 91' lang='lat' dir='ltr'>ad</span> <span class='ocrx_word' id='word_1_127' title='bbox 1829 3736 2063 3805; x_wconf 90' lang='lat' dir='ltr'>quem</span> <span class='ocrx_word' id='word_1_128' title='bbox 2100 3715 2213 3788; x_wconf 90' lang='lat' dir='ltr'>in-</span> 
     </span>
     <span class='ocr_line' id='line_1_32' title="bbox 667 3829 2213 3913; baseline 0 -9"><span class='ocrx_word' id='word_1_129' title='bbox 667 3829 961 3913; x_wconf 90' lang='lat' dir='ltr'>tendit,</span> <span class='ocrx_word' id='word_1_130' title='bbox 1036 3834 1180 3908; x_wconf 87' lang='lat' dir='ltr'>aut</span> <span class='ocrx_word' id='word_1_131' title='bbox 1238 3831 1488 3903; x_wconf 91' lang='lat' dir='ltr'>etiam</span> <span class='ocrx_word' id='word_1_132' title='bbox 1534 3832 1969 3903; x_wconf 88' lang='lat' dir='ltr'>secundum</span> <span class='ocrx_word' id='word_1_133' title='bbox 2018 3836 2213 3907; x_wconf 91' lang='lat' dir='ltr'>tem-</span> 
     </span>
     <span class='ocr_line' id='line_1_33' title="bbox 667 3944 2216 4038; baseline 0.001 -22"><span class='ocrx_word' id='word_1_134' title='bbox 667 3965 815 4038; x_wconf 87' lang='lat' dir='ltr'>pus</span> <span class='ocrx_word' id='word_1_135' title='bbox 849 3944 1170 4038; x_wconf 91' lang='lat' dir='ltr'>aliquod</span> <span class='ocrx_word' id='word_1_136' title='bbox 1200 3945 1836 4019; x_wconf 89' lang='lat' dir='ltr'>determinatum</span> <span class='ocrx_word' id='word_1_137' title='bbox 1877 3967 1976 4018; x_wconf 85' lang='lat' dir='ltr'>ex</span> <span class='ocrx_word' id='word_1_138' title='bbox 2026 3969 2216 4020; x_wconf 86' lang='lat' dir='ltr'>cau-</span> 
     </span>
     <span class='ocr_line' id='line_1_34' title="bbox 667 4060 2214 4155; baseline 0.002 -23"><span class='ocrx_word' id='word_1_139' title='bbox 667 4081 781 4132; x_wconf 90' lang='lat' dir='ltr'>sa.</span> <span class='ocrx_word' id='word_1_140' title='bbox 829 4063 928 4133; x_wconf 88' lang='lat' dir='ltr'>Et</span> <span class='ocrx_word' id='word_1_141' title='bbox 973 4061 1124 4133; x_wconf 92' lang='lat' dir='ltr'>hoc</span> <span class='ocrx_word' id='word_1_142' title='bbox 1162 4060 1467 4133; x_wconf 88' lang='lat' dir='ltr'>dicitur</span> <span class='ocrx_word' id='word_1_143' title='bbox 1511 4060 2001 4154; x_wconf 87' lang='lat' dir='ltr'>simpliciter</span> <span class='ocrx_word' id='word_1_144' title='bbox 2032 4084 2214 4155; x_wconf 88' lang='lat' dir='ltr'>per-</span> 
     </span>
     <span class='ocr_line' id='line_1_35' title="bbox 666 4185 2216 4281; baseline 0.002 -24"><span class='ocrx_word' id='word_1_145' title='bbox 666 4185 995 4267; x_wconf 89' lang='lat' dir='ltr'>fectum,</span> <span class='ocrx_word' id='word_1_146' title='bbox 1050 4186 1362 4277; x_wconf 84' lang='lat' dir='ltr'>quando</span> <span class='ocrx_word' id='word_1_147' title='bbox 1418 4189 1687 4279; x_wconf 90' lang='lat' dir='ltr'>potest</span> <span class='ocrx_word' id='word_1_148' title='bbox 1744 4208 1904 4259; x_wconf 93' lang='lat' dir='ltr'>non</span> <span class='ocrx_word' id='word_1_149' title='bbox 1966 4188 2216 4281; x_wconf 87' lang='lat' dir='ltr'>respi-</span> 
     </span>
     <span class='ocr_line' id='line_1_36' title="bbox 666 4311 2217 4405; baseline 0.001 -22"><span class='ocrx_word' id='word_1_150' title='bbox 666 4311 944 4383; x_wconf 90' lang='lat' dir='ltr'>ciendo</span> <span class='ocrx_word' id='word_1_151' title='bbox 978 4311 1152 4403; x_wconf 88' lang='lat' dir='ltr'>ejus</span> <span class='ocrx_word' id='word_1_152' title='bbox 1189 4311 1710 4403; x_wconf 72' lang='lat' dir='ltr'>operationes</span> <span class='ocrx_word' id='word_1_153' title='bbox 1738 4333 2015 4385; x_wconf 88' lang='lat' dir='ltr'>omnes</span> <span class='ocrx_word' id='word_1_154' title='bbox 2047 4334 2217 4405; x_wconf 86' lang='lat' dir='ltr'>per-</span> 
     </span>
     <span class='ocr_line' id='line_1_37' title="bbox 667 4436 2214 4518; baseline 0.001 -10"><span class='ocrx_word' id='word_1_155' title='bbox 667 4437 877 4510; x_wconf 88' lang='lat' dir='ltr'>fecte</span> <span class='ocrx_word' id='word_1_156' title='bbox 937 4436 1231 4518; x_wconf 89' lang='lat' dir='ltr'>facere,</span> <span class='ocrx_word' id='word_1_157' title='bbox 1298 4440 1379 4510; x_wconf 90' lang='lat' dir='ltr'>et</span> <span class='ocrx_word' id='word_1_158' title='bbox 1437 4438 1532 4510; x_wconf 90' lang='lat' dir='ltr'>ad</span> <span class='ocrx_word' id='word_1_159' title='bbox 1566 4436 1808 4509; x_wconf 89' lang='lat' dir='ltr'>finem</span> <span class='ocrx_word' id='word_1_160' title='bbox 1859 4438 2214 4512; x_wconf 85' lang='lat' dir='ltr'>debitum</span> 
     </span>
     <span class='ocr_line' id='line_1_38' title="bbox 668 4540 2217 4657; baseline 0 -21"><span class='ocrx_word' id='word_1_161' title='bbox 668 4540 1201 4657; x_wconf 43' lang='lat' dir='ltr'>o’perationiS,</span> <span class='ocrx_word' id='word_1_162' title='bbox 1240 4567 1321 4638; x_wconf 92' lang='lat' dir='ltr'>et</span> <span class='ocrx_word' id='word_1_163' title='bbox 1352 4564 1814 4637; x_wconf 82' lang='lat' dir='ltr'>naturalem</span> <span class='ocrx_word' id='word_1_164' title='bbox 1842 4566 2217 4656; x_wconf 90' lang='lat' dir='ltr'>produce·</span> 
     </span>
     <span class='ocr_line' id='line_1_39' title="bbox 669 4690 2216 4784; baseline 0.001 -23"><span class='ocrx_word' id='word_1_165' title='bbox 669 4711 781 4762; x_wconf 89' lang='lat' dir='ltr'>re.</span> <span class='ocrx_word' id='word_1_166' title='bbox 829 4690 974 4764; x_wconf 90' lang='lat' dir='ltr'>Sed</span> <span class='ocrx_word' id='word_1_167' title='bbox 1020 4690 1435 4765; x_wconf 88' lang='lat' dir='ltr'>diceretur</span> <span class='ocrx_word' id='word_1_168' title='bbox 1483 4690 1894 4784; x_wconf 87' lang='lat' dir='ltr'>perfectus</span> <span class='ocrx_word' id='word_1_169' title='bbox 1940 4711 2216 4765; x_wconf 90' lang='lat' dir='ltr'>secun-</span> 
     </span>
     <span class='ocr_line' id='line_1_40' title="bbox 663 4815 2213 4906; baseline 0.002 -21"><span class='ocrx_word' id='word_1_170' title='bbox 663 4821 849 4894; x_wconf 85' lang='lat' dir='ltr'>dum</span> <span class='ocrx_word' id='word_1_171' title='bbox 907 4815 1407 4906; x_wconf 89' lang='lat' dir='ltr'>exigentiam</span> <span class='ocrx_word' id='word_1_172' title='bbox 1468 4816 1675 4897; x_wconf 87' lang='lat' dir='ltr'>finis,</span> <span class='ocrx_word' id='word_1_173' title='bbox 1742 4815 1810 4889; x_wconf 89' lang='lat' dir='ltr'>si</span> <span class='ocrx_word' id='word_1_174' title='bbox 1850 4815 2213 4889; x_wconf 83' lang='lat' dir='ltr'>finaliter</span> 
     </span>
     <span class='ocr_line' id='line_1_41' title="bbox 666 4942 2213 5024; baseline -0.001 -9"><span class='ocrx_word' id='word_1_175' title='bbox 666 4943 1118 5016; x_wconf 88' lang='lat' dir='ltr'>intenderet</span> <span class='ocrx_word' id='word_1_176' title='bbox 1171 4942 1472 5024; x_wconf 91' lang='lat' dir='ltr'>ludere,</span> <span class='ocrx_word' id='word_1_177' title='bbox 1509 4946 1589 5016; x_wconf 89' lang='lat' dir='ltr'>ct</span> <span class='ocrx_word' id='word_1_178' title='bbox 1617 4963 2016 5015; x_wconf 89' lang='lat' dir='ltr'>crescere.</span> <span class='ocrx_word' id='word_1_179' title='bbox 2066 4943 2213 5015; x_wconf 85' lang='lat' dir='ltr'>Sed</span> 
     </span>
     <span class='ocr_line' id='line_1_42' title="bbox 665 5064 2217 5158; baseline 0 -20"><span class='ocrx_word' id='word_1_180' title='bbox 665 5066 1097 5139; x_wconf 88' lang='lat' dir='ltr'>secundum</span> <span class='ocrx_word' id='word_1_181' title='bbox 1131 5065 1635 5156; x_wconf 88' lang='lat' dir='ltr'>exigentiam</span> <span class='ocrx_word' id='word_1_182' title='bbox 1682 5065 2081 5158; x_wconf 89' lang='lat' dir='ltr'>temporis</span> <span class='ocrx_word' id='word_1_183' title='bbox 2109 5064 2217 5138; x_wconf 90' lang='lat' dir='ltr'>di-</span> 
     </span>
     <span class='ocr_line' id='line_1_43' title="bbox 662 5192 2217 5286; baseline -0.002 -21"><span class='ocrx_word' id='word_1_184' title='bbox 662 5197 991 5266; x_wconf 90' lang='lat' dir='ltr'>ceretur</span> <span class='ocrx_word' id='word_1_185' title='bbox 1023 5193 1464 5286; x_wconf 89' lang='lat' dir='ltr'>perfectus,</span> <span class='ocrx_word' id='word_1_186' title='bbox 1516 5197 1602 5266; x_wconf 92' lang='lat' dir='ltr'>ut</span> <span class='ocrx_word' id='word_1_187' title='bbox 1646 5193 2059 5284; x_wconf 87' lang='lat' dir='ltr'>perfectus</span> <span class='ocrx_word' id='word_1_188' title='bbox 2096 5192 2217 5284; x_wconf 88' lang='lat' dir='ltr'>ju-</span> 
     </span>
     <span class='ocr_line' id='line_1_44' title="bbox 615 5316 2218 5423; baseline 0.001 -37"><span class='ocrx_word' id='word_1_189' title='bbox 615 5406 636 5423; x_wconf 48' lang='lat'><strong>·</strong></span> <span class='ocrx_word' id='word_1_190' title='bbox 660 5316 916 5398; x_wconf 82' lang='lat' dir='ltr'>veniS,</span> <span class='ocrx_word' id='word_1_191' title='bbox 957 5316 1089 5408; x_wconf 92' lang='lat' dir='ltr'>qui</span> <span class='ocrx_word' id='word_1_192' title='bbox 1124 5316 1559 5389; x_wconf 91' lang='lat' dir='ltr'>secundum</span> <span class='ocrx_word' id='word_1_193' title='bbox 1592 5319 1914 5409; x_wconf 86' lang='lat' dir='ltr'>tempus</span> <span class='ocrx_word' id='word_1_194' title='bbox 1939 5317 2218 5410; x_wconf 85' lang='lat' dir='ltr'>juven·</span> 
     </span>
     <span class='ocr_line' id='line_1_45' title="bbox 665 5441 2217 5533; baseline 0 -19"><span class='ocrx_word' id='word_1_195' title='bbox 665 5441 870 5515; x_wconf 91' lang='lat' dir='ltr'>tutis</span> <span class='ocrx_word' id='word_1_196' title='bbox 921 5442 1117 5514; x_wconf 89' lang='lat' dir='ltr'>bene</span> <span class='ocrx_word' id='word_1_197' title='bbox 1158 5463 1242 5514; x_wconf 90' lang='lat' dir='ltr'>se</span> <span class='ocrx_word' id='word_1_198' title='bbox 1294 5441 1567 5522; x_wconf 87' lang='lat' dir='ltr'>habet;</span> <span class='ocrx_word' id='word_1_199' title='bbox 1628 5441 2039 5533; x_wconf 87' lang='lat' dir='ltr'>perfectus</span> <span class='ocrx_word' id='word_1_200' title='bbox 2104 5463 2217 5514; x_wconf 84' lang='lat' dir='ltr'>se-</span> 
     </span>
     <span class='ocr_line' id='line_1_46' title="bbox 669 5567 2216 5658; baseline -0.001 -17"><span class='ocrx_word' id='word_1_201' title='bbox 669 5569 1013 5641; x_wconf 90' lang='lat' dir='ltr'>cundum</span> <span class='ocrx_word' id='word_1_202' title='bbox 1102 5571 1462 5658; x_wconf 80' lang='lat' dir='ltr'>tempuS,</span> <span class='ocrx_word' id='word_1_203' title='bbox 1558 5567 1693 5658; x_wconf 87' lang='lat' dir='ltr'>qui</span> <span class='ocrx_word' id='word_1_204' title='bbox 1781 5568 2216 5641; x_wconf 88' lang='lat' dir='ltr'>secundum</span> 
     </span>
    </p>
   </div>
   <div class='ocr_carea' id='block_1_4' title="bbox 1854 375 2739 458">
    <p class='ocr_par' dir='ltr' id='par_1_7' title="bbox 1854 375 2739 458">
     <span class='ocr_line' id='line_1_47' title="bbox 1854 375 2739 458; baseline 0.001 -5"><span class='ocrx_word' id='word_1_205' title='bbox 1854 375 1997 455; x_wconf 67' lang='grc' dir='ltr'>ΜΒ.</span> <span class='ocrx_word' id='word_1_206' title='bbox 2050 394 2146 455; x_wconf 75' lang='grc' dir='ltr'>ιν.</span> <span class='ocrx_word' id='word_1_207' title='bbox 2197 375 2739 458; x_wconf 75' lang='lat' dir='ltr'><strong>METEORORUM</strong></span> 
     </span>
    </p>
   </div>
   <div class='ocr_carea' id='block_1_5' title="bbox 2326 542 3879 2400">
    <p class='ocr_par' dir='ltr' id='par_1_8' title="bbox 2334 542 3872 753">
     <span class='ocr_line' id='line_1_48' title="bbox 2335 542 3872 647; baseline 0.002 -21"><span class='ocrx_word' id='word_1_208' title='bbox 2335 558 2656 647; x_wconf 88' lang='lat' dir='ltr'>tempus</span> <span class='ocrx_word' id='word_1_209' title='bbox 2718 565 3058 647; x_wconf 86' lang='lat' dir='ltr'>operum</span> <span class='ocrx_word' id='word_1_210' title='bbox 3115 542 3484 629; x_wconf 83' lang='lat' dir='ltr'>virilium</span> <span class='ocrx_word' id='word_1_211' title='bbox 3541 556 3739 629; x_wconf 90' lang='lat' dir='ltr'>bene</span> <span class='ocrx_word' id='word_1_212' title='bbox 3788 564 3872 629; x_wconf 82' lang='lat' dir='ltr'>se</span> 
     </span>
     <span class='ocr_line' id='line_1_49' title="bbox 2334 669 3268 753; baseline 0.005 -14"><span class='ocrx_word' id='word_1_213' title='bbox 2334 669 2599 753; x_wconf 88' lang='lat' dir='ltr'>habet,</span> <span class='ocrx_word' id='word_1_214' title='bbox 2646 677 2725 746; x_wconf 92' lang='lat' dir='ltr'>et</span> <span class='ocrx_word' id='word_1_215' title='bbox 2770 672 2884 746; x_wconf 91' lang='lat' dir='ltr'>sic</span> <span class='ocrx_word' id='word_1_216' title='bbox 2925 674 3015 745; x_wconf 91' lang='lat' dir='ltr'>de</span> <span class='ocrx_word' id='word_1_217' title='bbox 3059 673 3268 745; x_wconf 88' lang='lat' dir='ltr'>aliis.</span> 
     </span>
    </p>

    <p class='ocr_par' dir='ltr' id='par_1_9' title="bbox 2326 787 3879 2283">
     <span class='ocr_line' id='line_1_50' title="bbox 2423 787 3872 871; baseline 0.001 -11"><span class='ocrx_word' id='word_1_218' title='bbox 2423 787 2821 862; x_wconf 87' lang='lat' dir='ltr'>Similiter</span> <span class='ocrx_word' id='word_1_219' title='bbox 2859 788 3489 862; x_wconf 89' lang='lat' dir='ltr'>existimandum</span> <span class='ocrx_word' id='word_1_220' title='bbox 3537 789 3616 861; x_wconf 94' lang='lat' dir='ltr'>in</span> <span class='ocrx_word' id='word_1_221' title='bbox 3659 789 3872 871; x_wconf 91' lang='lat' dir='ltr'>aliis,</span> 
     </span>
     <span class='ocr_line' id='line_1_51' title="bbox 2331 904 3877 998; baseline 0.003 -23"><span class='ocrx_word' id='word_1_222' title='bbox 2331 924 2520 975; x_wconf 91' lang='lat' dir='ltr'>nam</span> <span class='ocrx_word' id='word_1_223' title='bbox 2564 904 2888 996; x_wconf 90' lang='lat' dir='ltr'>aliquod</span> <span class='ocrx_word' id='word_1_224' title='bbox 2925 904 3227 978; x_wconf 91' lang='lat' dir='ltr'>dicitur</span> <span class='ocrx_word' id='word_1_225' title='bbox 3260 907 3740 998; x_wconf 86' lang='lat' dir='ltr'>perfeetum,</span> <span class='ocrx_word' id='word_1_226' title='bbox 3788 910 3877 979; x_wconf 92' lang='lat' dir='ltr'>ut</span> 
     </span>
     <span class='ocr_line' id='line_1_52' title="bbox 2334 1019 3877 1112; baseline 0.003 -22"><span class='ocrx_word' id='word_1_227' title='bbox 2334 1019 2691 1112; x_wconf 86' lang='lat' dir='ltr'>perfecte</span> <span class='ocrx_word' id='word_1_228' title='bbox 2748 1020 3063 1112; x_wconf 90' lang='lat' dir='ltr'>digesta</span> <span class='ocrx_word' id='word_1_229' title='bbox 3107 1042 3264 1105; x_wconf 80' lang='lat' dir='ltr'>reS,</span> <span class='ocrx_word' id='word_1_230' title='bbox 3309 1044 3495 1096; x_wconf 91' lang='lat' dir='ltr'>cum</span> <span class='ocrx_word' id='word_1_231' title='bbox 3546 1022 3635 1096; x_wconf 88' lang='lat' dir='ltr'>fit</span> <span class='ocrx_word' id='word_1_232' title='bbox 3684 1022 3877 1095; x_wconf 88' lang='lat' dir='ltr'>viri-</span> 
     </span>
     <span class='ocr_line' id='line_1_53' title="bbox 2330 1137 3877 1232; baseline 0.002 -24"><span class='ocrx_word' id='word_1_233' title='bbox 2330 1137 2474 1218; x_wconf 90' lang='lat' dir='ltr'>dis,</span> <span class='ocrx_word' id='word_1_234' title='bbox 2514 1138 2726 1210; x_wconf 89' lang='lat' dir='ltr'>sicut</span> <span class='ocrx_word' id='word_1_235' title='bbox 2760 1159 3050 1210; x_wconf 90' lang='lat' dir='ltr'>succus</span> <span class='ocrx_word' id='word_1_236' title='bbox 3073 1139 3359 1211; x_wconf 87' lang='lat' dir='ltr'>viridis</span> <span class='ocrx_word' id='word_1_237' title='bbox 3390 1138 3610 1219; x_wconf 83' lang='lat' dir='ltr'>vitis,</span> <span class='ocrx_word' id='word_1_238' title='bbox 3635 1159 3877 1232; x_wconf 87' lang='lat' dir='ltr'>quan·</span> 
     </span>
     <span class='ocr_line' id='line_1_54' title="bbox 2329 1255 3874 1349; baseline 0 -22"><span class='ocrx_word' id='word_1_239' title='bbox 2329 1256 2425 1327; x_wconf 92' lang='lat' dir='ltr'>do</span> <span class='ocrx_word' id='word_1_240' title='bbox 2468 1255 2839 1347; x_wconf 89' lang='lat' dir='ltr'>cupimus</span> <span class='ocrx_word' id='word_1_241' title='bbox 2901 1255 3198 1329; x_wconf 87' lang='lat' dir='ltr'>habere</span> <span class='ocrx_word' id='word_1_242' title='bbox 3257 1262 3702 1349; x_wconf 87' lang='lat' dir='ltr'>agrestam,</span> <span class='ocrx_word' id='word_1_243' title='bbox 3759 1255 3874 1328; x_wconf 90' lang='lat' dir='ltr'>sie</span> 
     </span>
     <span class='ocr_line' id='line_1_55' title="bbox 2332 1373 3872 1465; baseline 0.002 -23"><span class='ocrx_word' id='word_1_244' title='bbox 2332 1373 2535 1462; x_wconf 90' lang='lat' dir='ltr'>quod</span> <span class='ocrx_word' id='word_1_245' title='bbox 2580 1394 2870 1447; x_wconf 88' lang='lat' dir='ltr'>succus</span> <span class='ocrx_word' id='word_1_246' title='bbox 2929 1374 3121 1447; x_wconf 84' lang='lat' dir='ltr'>talis</span> <span class='ocrx_word' id='word_1_247' title='bbox 3181 1378 3305 1449; x_wconf 86' lang='lat' dir='ltr'>est</span> <span class='ocrx_word' id='word_1_248' title='bbox 3364 1375 3562 1447; x_wconf 90' lang='lat' dir='ltr'>bene</span> <span class='ocrx_word' id='word_1_249' title='bbox 3619 1374 3872 1465; x_wconf 88' lang='lat' dir='ltr'>diges-</span> 
     </span>
     <span class='ocr_line' id='line_1_56' title="bbox 2330 1490 3874 1583; baseline 0.001 -22"><span class='ocrx_word' id='word_1_250' title='bbox 2330 1492 2486 1569; x_wconf 91' lang='lat' dir='ltr'>tus,</span> <span class='ocrx_word' id='word_1_251' title='bbox 2548 1491 2640 1562; x_wconf 86' lang='lat' dir='ltr'>ad</span> <span class='ocrx_word' id='word_1_252' title='bbox 2693 1490 2843 1563; x_wconf 89' lang='lat' dir='ltr'>hoc</span> <span class='ocrx_word' id='word_1_253' title='bbox 2897 1493 3100 1583; x_wconf 88' lang='lat' dir='ltr'>quod</span> <span class='ocrx_word' id='word_1_254' title='bbox 3155 1492 3262 1565; x_wconf 87' lang='lat' dir='ltr'>sit</span> <span class='ocrx_word' id='word_1_255' title='bbox 3320 1495 3679 1583; x_wconf 87' lang='lat' dir='ltr'>agresta.</span> <span class='ocrx_word' id='word_1_256' title='bbox 3729 1490 3874 1565; x_wconf 90' lang='lat' dir='ltr'>Sed</span> 
     </span>
     <span class='ocr_line' id='line_1_57' title="bbox 2327 1607 3879 1700; baseline 0.001 -25"><span class='ocrx_word' id='word_1_257' title='bbox 2327 1607 2768 1678; x_wconf 90' lang='lat' dir='ltr'>notandum</span> <span class='ocrx_word' id='word_1_258' title='bbox 2820 1608 3024 1699; x_wconf 95' lang='lat' dir='ltr'>quod</span> <span class='ocrx_word' id='word_1_259' title='bbox 3068 1608 3424 1700; x_wconf 88' lang='lat' dir='ltr'>perfecte</span> <span class='ocrx_word' id='word_1_260' title='bbox 3464 1609 3879 1682; x_wconf 88' lang='lat' dir='ltr'>diceretur</span> 
     </span>
     <span class='ocr_line' id='line_1_58' title="bbox 2327 1721 3875 1809; baseline 0.003 -18"><span class='ocrx_word' id='word_1_261' title='bbox 2327 1721 2714 1809; x_wconf 86' lang='lat' dir='ltr'>digestus,</span> <span class='ocrx_word' id='word_1_262' title='bbox 2764 1728 2850 1797; x_wconf 88' lang='lat' dir='ltr'>ut</span> <span class='ocrx_word' id='word_1_263' title='bbox 2894 1725 3034 1798; x_wconf 87' lang='lat' dir='ltr'>fiat</span> <span class='ocrx_word' id='word_1_264' title='bbox 3074 1725 3353 1797; x_wconf 82' lang='lat' dir='ltr'>vinum</span> <span class='ocrx_word' id='word_1_265' title='bbox 3399 1746 3497 1797; x_wconf 89' lang='lat' dir='ltr'>ex</span> <span class='ocrx_word' id='word_1_266' title='bbox 3546 1747 3667 1807; x_wconf 89' lang='lat' dir='ltr'>ec,</span> <span class='ocrx_word' id='word_1_267' title='bbox 3713 1745 3875 1796; x_wconf 90' lang='lat' dir='ltr'>non</span> 
     </span>
     <span class='ocr_line' id='line_1_59' title="bbox 2326 1837 3871 1933; baseline 0.003 -24"><span class='ocrx_word' id='word_1_268' title='bbox 2326 1837 2627 1911; x_wconf 87' lang='lat' dir='ltr'>dicitur</span> <span class='ocrx_word' id='word_1_269' title='bbox 2681 1841 2874 1913; x_wconf 89' lang='lat' dir='ltr'>talis</span> <span class='ocrx_word' id='word_1_270' title='bbox 2934 1842 3247 1933; x_wconf 86' lang='lat' dir='ltr'>quando</span> <span class='ocrx_word' id='word_1_271' title='bbox 3308 1846 3432 1916; x_wconf 87' lang='lat' dir='ltr'>est</span> <span class='ocrx_word' id='word_1_272' title='bbox 3485 1846 3871 1925; x_wconf 89' lang='lat' dir='ltr'>mustum,</span> 
     </span>
     <span class='ocr_line' id='line_1_60' title="bbox 2329 1955 3874 2049; baseline 0.005 -27"><span class='ocrx_word' id='word_1_273' title='bbox 2329 1955 2461 2025; x_wconf 88' lang='lat' dir='ltr'>sed</span> <span class='ocrx_word' id='word_1_274' title='bbox 2498 1960 2779 2047; x_wconf 87' lang='lat' dir='ltr'>postea</span> <span class='ocrx_word' id='word_1_275' title='bbox 2812 1957 2892 2029; x_wconf 91' lang='lat' dir='ltr'>in</span> <span class='ocrx_word' id='word_1_276' title='bbox 2927 1957 3444 2029; x_wconf 89' lang='lat' dir='ltr'>successione</span> <span class='ocrx_word' id='word_1_277' title='bbox 3487 1957 3874 2049; x_wconf 86' lang='lat' dir='ltr'>ampliori</span> 
     </span>
     <span class='ocr_line' id='line_1_61' title="bbox 2328 2072 3875 2165; baseline 0.003 -24"><span class='ocrx_word' id='word_1_278' title='bbox 2328 2072 2728 2162; x_wconf 85' lang='lat' dir='ltr'>temporis</span> <span class='ocrx_word' id='word_1_279' title='bbox 2780 2077 2964 2165; x_wconf 89' lang='lat' dir='ltr'>post</span> <span class='ocrx_word' id='word_1_280' title='bbox 3016 2097 3150 2142; x_wconf 80' lang='lat' dir='ltr'>esse</span> <span class='ocrx_word' id='word_1_281' title='bbox 3197 2072 3448 2146; x_wconf 88' lang='lat' dir='ltr'>musti</span> <span class='ocrx_word' id='word_1_282' title='bbox 3493 2072 3719 2147; x_wconf 88' lang='lat' dir='ltr'>ultra</span> <span class='ocrx_word' id='word_1_283' title='bbox 3765 2073 3875 2146; x_wconf 91' lang='lat' dir='ltr'>di-</span> 
     </span>
     <span class='ocr_line' id='line_1_62' title="bbox 2328 2189 3351 2283; baseline 0 -24"><span class='ocrx_word' id='word_1_284' title='bbox 2328 2189 2673 2280; x_wconf 88' lang='lat' dir='ltr'>geritur,</span> <span class='ocrx_word' id='word_1_285' title='bbox 2709 2192 2835 2263; x_wconf 82' lang='lat' dir='ltr'>vel</span> <span class='ocrx_word' id='word_1_286' title='bbox 2878 2192 3351 2283; x_wconf 88' lang='lat' dir='ltr'>depuratur.</span> 
     </span>
    </p>

    <p class='ocr_par' dir='ltr' id='par_1_10' title="bbox 2416 2307 3873 2400">
     <span class='ocr_line' id='line_1_63' title="bbox 2416 2307 3873 2400; baseline 0 -21"><span class='ocrx_word' id='word_1_287' title='bbox 2416 2307 2837 2380; x_wconf 85' lang='lat' dir='ltr'>Sciendum</span> <span class='ocrx_word' id='word_1_288' title='bbox 2890 2309 3093 2400; x_wconf 88' lang='lat' dir='ltr'>quod</span> <span class='ocrx_word' id='word_1_289' title='bbox 3152 2307 3496 2399; x_wconf 83' lang='lat' dir='ltr'>digestio</span> <span class='ocrx_word' id='word_1_290' title='bbox 3549 2308 3677 2381; x_wconf 86' lang='lat' dir='ltr'>vel</span> <span class='ocrx_word' id='word_1_291' title='bbox 3738 2327 3873 2400; x_wconf 91' lang='lat' dir='ltr'>po-</span> 
     </span>
    </p>
   </div>
   <div class='ocr_carea' id='block_1_6' title="bbox 2325 2539 3884 5650">
    <p class='ocr_par' dir='ltr' id='par_1_11' title="bbox 2325 2539 3884 5650">
     <span class='ocr_line' id='line_1_64' title="bbox 2330 2539 3875 2633; baseline 0.002 -24"><span class='ocrx_word' id='word_1_292' title='bbox 2330 2539 2704 2632; x_wconf 80' lang='lat' dir='ltr'>provenit</span> <span class='ocrx_word' id='word_1_293' title='bbox 2775 2541 3147 2633; x_wconf 86' lang='lat' dir='ltr'>operatio</span> <span class='ocrx_word' id='word_1_294' title='bbox 3203 2540 3470 2612; x_wconf 90' lang='lat' dir='ltr'>debita</span> <span class='ocrx_word' id='word_1_295' title='bbox 3531 2540 3675 2621; x_wconf 93' lang='lat' dir='ltr'>rei,</span> <span class='ocrx_word' id='word_1_296' title='bbox 3738 2542 3875 2613; x_wconf 82' lang='lat' dir='ltr'>vel</span> 
     </span>
     <span class='ocr_line' id='line_1_65' title="bbox 2328 2655 3871 2751; baseline 0.003 -26"><span class='ocrx_word' id='word_1_297' title='bbox 2328 2655 2837 2747; x_wconf 87' lang='lat' dir='ltr'>simpliciter,</span> <span class='ocrx_word' id='word_1_298' title='bbox 2885 2655 3009 2727; x_wconf 84' lang='lat' dir='ltr'>vel</span> <span class='ocrx_word' id='word_1_299' title='bbox 3053 2656 3487 2728; x_wconf 88' lang='lat' dir='ltr'>secundum</span> <span class='ocrx_word' id='word_1_300' title='bbox 3521 2660 3871 2751; x_wconf 87' lang='lat' dir='ltr'>tempus,</span> 
     </span>
     <span class='ocr_line' id='line_1_66' title="bbox 2326 2772 3873 2855; baseline 0.003 -14"><span class='ocrx_word' id='word_1_301' title='bbox 2326 2772 2450 2843; x_wconf 73' lang='lat' dir='ltr'>vel</span> <span class='ocrx_word' id='word_1_302' title='bbox 2513 2772 2676 2844; x_wconf 90' lang='lat' dir='ltr'>alio</span> <span class='ocrx_word' id='word_1_303' title='bbox 2722 2774 2980 2855; x_wconf 90' lang='lat' dir='ltr'>mod0,</span> <span class='ocrx_word' id='word_1_304' title='bbox 3040 2778 3126 2846; x_wconf 90' lang='lat' dir='ltr'>ut</span> <span class='ocrx_word' id='word_1_305' title='bbox 3176 2773 3481 2846; x_wconf 93' lang='lat' dir='ltr'>dictum</span> <span class='ocrx_word' id='word_1_306' title='bbox 3531 2778 3687 2855; x_wconf 87' lang='lat' dir='ltr'>est;</span> <span class='ocrx_word' id='word_1_307' title='bbox 3740 2775 3873 2845; x_wconf 83' lang='lat' dir='ltr'>vel</span> 
     </span>
     <span class='ocr_line' id='line_1_67' title="bbox 2330 2889 3877 2983; baseline 0.001 -23"><span class='ocrx_word' id='word_1_308' title='bbox 2330 2909 2477 2983; x_wconf 88' lang='lat' dir='ltr'>pro</span> <span class='ocrx_word' id='word_1_309' title='bbox 2538 2890 2694 2970; x_wconf 82' lang='lat' dir='ltr'>via,</span> <span class='ocrx_word' id='word_1_310' title='bbox 2740 2889 2867 2961; x_wconf 81' lang='lat' dir='ltr'>vel</span> <span class='ocrx_word' id='word_1_311' title='bbox 2911 2909 3058 2981; x_wconf 88' lang='lat' dir='ltr'>pro</span> <span class='ocrx_word' id='word_1_312' title='bbox 3119 2890 3572 2964; x_wconf 89' lang='lat' dir='ltr'>mutatione</span> <span class='ocrx_word' id='word_1_313' title='bbox 3620 2891 3715 2963; x_wconf 92' lang='lat' dir='ltr'>ad</span> <span class='ocrx_word' id='word_1_314' title='bbox 3758 2895 3877 2964; x_wconf 86' lang='lat' dir='ltr'>ta-</span> 
     </span>
     <span class='ocr_line' id='line_1_68' title="bbox 2328 3005 3879 3099; baseline 0.001 -23"><span class='ocrx_word' id='word_1_315' title='bbox 2328 3005 2485 3077; x_wconf 87' lang='lat' dir='ltr'>lem</span> <span class='ocrx_word' id='word_1_316' title='bbox 2547 3007 3105 3098; x_wconf 87' lang='lat' dir='ltr'>operationem</span> <span class='ocrx_word' id='word_1_317' title='bbox 3148 3006 3618 3087; x_wconf 88' lang='lat' dir='ltr'>habendam,</span> <span class='ocrx_word' id='word_1_318' title='bbox 3680 3010 3879 3099; x_wconf 87' lang='lat' dir='ltr'>puta</span> 
     </span>
     <span class='ocr_line' id='line_1_69' title="bbox 2329 3122 3879 3217; baseline 0.001 -23"><span class='ocrx_word' id='word_1_319' title='bbox 2329 3122 2816 3216; x_wconf 88' lang='lat' dir='ltr'>simpliciter</span> <span class='ocrx_word' id='word_1_320' title='bbox 2875 3123 3350 3217; x_wconf 85' lang='lat' dir='ltr'>perfectam,</span> <span class='ocrx_word' id='word_1_321' title='bbox 3413 3124 3541 3195; x_wconf 88' lang='lat' dir='ltr'>vel</span> <span class='ocrx_word' id='word_1_322' title='bbox 3597 3144 3879 3195; x_wconf 90' lang='lat' dir='ltr'>secun-</span> 
     </span>
     <span class='ocr_line' id='line_1_70' title="bbox 2325 3241 3879 3335; baseline -0.001 -20"><span class='ocrx_word' id='word_1_323' title='bbox 2325 3244 2512 3315; x_wconf 92' lang='lat' dir='ltr'>dum</span> <span class='ocrx_word' id='word_1_324' title='bbox 2538 3241 2881 3335; x_wconf 83' lang='lat' dir='ltr'>tempus.</span> <span class='ocrx_word' id='word_1_325' title='bbox 2912 3242 2993 3316; x_wconf 91' lang='lat' dir='ltr'>Si</span> <span class='ocrx_word' id='word_1_326' title='bbox 3025 3242 3404 3335; x_wconf 89' lang='lat' dir='ltr'>capiatur</span> <span class='ocrx_word' id='word_1_327' title='bbox 3437 3263 3585 3335; x_wconf 88' lang='lat' dir='ltr'>pro</span> <span class='ocrx_word' id='word_1_328' title='bbox 3615 3242 3879 3334; x_wconf 87' lang='lat' dir='ltr'>dispo·</span> 
     </span>
     <span class='ocr_line' id='line_1_71' title="bbox 2329 3358 3880 3452; baseline 0.001 -21"><span class='ocrx_word' id='word_1_329' title='bbox 2329 3358 2623 3433; x_wconf 88' lang='lat' dir='ltr'>sitione</span> <span class='ocrx_word' id='word_1_330' title='bbox 2665 3359 2837 3440; x_wconf 89' lang='lat' dir='ltr'>tali,</span> <span class='ocrx_word' id='word_1_331' title='bbox 2882 3365 2961 3433; x_wconf 89' lang='lat' dir='ltr'>et</span> <span class='ocrx_word' id='word_1_332' title='bbox 3006 3379 3165 3432; x_wconf 91' lang='lat' dir='ltr'>non</span> <span class='ocrx_word' id='word_1_333' title='bbox 3210 3380 3358 3451; x_wconf 88' lang='lat' dir='ltr'>pro</span> <span class='ocrx_word' id='word_1_334' title='bbox 3399 3358 3556 3441; x_wconf 81' lang='lat' dir='ltr'>via,</span> <span class='ocrx_word' id='word_1_335' title='bbox 3602 3362 3880 3452; x_wconf 91' lang='lat' dir='ltr'>potest</span> 
     </span>
     <span class='ocr_line' id='line_1_72' title="bbox 2327 3458 3879 3568; baseline -0.003 -21"><span class='ocrx_word' id='word_1_336' title='bbox 2327 3475 2698 3557; x_wconf 87' lang='lat' dir='ltr'>describi,</span> <span class='ocrx_word' id='word_1_337' title='bbox 2738 3478 2877 3559; x_wconf 91' lang='lat' dir='ltr'>sic,</span> <span class='ocrx_word' id='word_1_338' title='bbox 2917 3476 3120 3568; x_wconf 92' lang='lat' dir='ltr'>quod</span> <span class='ocrx_word' id='word_1_339' title='bbox 3154 3478 3436 3565; x_wconf 71' lang='lat' dir='ltr'>diqestio</span> <span class='ocrx_word' id='word_1_340' title='bbox 3466 3490 3559 3544; x_wconf 74' lang='lat' dir='ltr'>esc</span> <span class='ocrx_word' id='word_1_341' title='bbox 3588 3458 3879 3564; x_wconf 63' lang='lat' dir='ltr'>disposi-</span> 
     </span>
     <span class='ocr_line' id='line_1_73' title="bbox 2328 3595 3878 3682; baseline 0 -23"><span class='ocrx_word' id='word_1_342' title='bbox 2328 3597 2421 3660; x_wconf 76' lang='lat' dir='ltr'>cio</span> <span class='ocrx_word' id='word_1_343' title='bbox 2451 3597 2850 3682; x_wconf 74' lang='lat' dir='ltr'>qualitativa</span> <span class='ocrx_word' id='word_1_344' title='bbox 2884 3596 3191 3682; x_wconf 78' lang='lat' dir='ltr'>propria,</span> <span class='ocrx_word' id='word_1_345' title='bbox 3239 3606 3298 3660; x_wconf 80' lang='lat' dir='ltr'>et</span> <span class='ocrx_word' id='word_1_346' title='bbox 3338 3595 3703 3660; x_wconf 71' lang='lat' dir='ltr'>intrinseca</span> <span class='ocrx_word' id='word_1_347' title='bbox 3743 3595 3878 3659; x_wconf 80' lang='lat' dir='ltr'>ali-</span> 
     </span>
     <span class='ocr_line' id='line_1_74' title="bbox 2326 3709 3872 3800; baseline -0.001 -23"><span class='ocrx_word' id='word_1_348' title='bbox 2326 3716 2515 3799; x_wconf 80' lang='lat' dir='ltr'>cujus</span> <span class='ocrx_word' id='word_1_349' title='bbox 2562 3714 2783 3792; x_wconf 74' lang='lat' dir='ltr'>mioeci,</span> <span class='ocrx_word' id='word_1_350' title='bbox 2839 3733 2968 3800; x_wconf 76' lang='lat' dir='ltr'>qua</span> <span class='ocrx_word' id='word_1_351' title='bbox 3016 3725 3247 3779; x_wconf 76' lang='lat' dir='ltr'>nalum</span> <span class='ocrx_word' id='word_1_352' title='bbox 3277 3721 3369 3776; x_wconf 80' lang='lat' dir='ltr'>est</span> <span class='ocrx_word' id='word_1_353' title='bbox 3399 3709 3615 3776; x_wconf 79' lang='lat' dir='ltr'>debile</span> <span class='ocrx_word' id='word_1_354' title='bbox 3643 3731 3872 3796; x_wconf 73' lang='lat' dir='ltr'>aqere,</span> 
     </span>
     <span class='ocr_line' id='line_1_75' title="bbox 2325 3827 3880 3918; baseline -0.003 -22"><span class='ocrx_word' id='word_1_355' title='bbox 2325 3831 2430 3896; x_wconf 84' lang='lat' dir='ltr'>vel</span> <span class='ocrx_word' id='word_1_356' title='bbox 2454 3832 2604 3918; x_wconf 81' lang='lat' dir='ltr'>pali</span> <span class='ocrx_word' id='word_1_357' title='bbox 2621 3829 2980 3897; x_wconf 77' lang='lat' dir='ltr'>secundum</span> <span class='ocrx_word' id='word_1_358' title='bbox 3017 3831 3222 3912; x_wconf 79' lang='lat' dir='ltr'>finem</span> <span class='ocrx_word' id='word_1_359' title='bbox 3261 3830 3587 3894; x_wconf 74' lang='lat' dir='ltr'>intentum</span> <span class='ocrx_word' id='word_1_360' title='bbox 3616 3827 3880 3914; x_wconf 78' lang='lat' dir='ltr'>simpli·</span> 
     </span>
     <span class='ocr_line' id='line_1_76' title="bbox 2326 3941 3878 4032; baseline 0.001 -21"><span class='ocrx_word' id='word_1_361' title='bbox 2326 3947 2514 4032; x_wconf 81' lang='lat' dir='ltr'>cicer,</span> <span class='ocrx_word' id='word_1_362' title='bbox 2538 3948 2642 4013; x_wconf 84' lang='lat' dir='ltr'>vel</span> <span class='ocrx_word' id='word_1_363' title='bbox 2660 3946 3017 4012; x_wconf 77' lang='lat' dir='ltr'>secundum</span> <span class='ocrx_word' id='word_1_364' title='bbox 3036 3958 3309 4032; x_wconf 75' lang='lat' dir='ltr'>tempus.</span> <span class='ocrx_word' id='word_1_365' title='bbox 3339 3944 3545 4014; x_wconf 81' lang='lat' dir='ltr'>Nam</span> <span class='ocrx_word' id='word_1_366' title='bbox 3571 3941 3818 4016; x_wconf 81' lang='lat' dir='ltr'>dicitu</span> <span class='ocrx_word' id='word_1_367' title='bbox 3835 3962 3878 4012; x_wconf 81' lang='lat' dir='ltr'>r</span> 
     </span>
     <span class='ocr_line' id='line_1_77' title="bbox 2326 4057 3878 4150; baseline 0 -23"><span class='ocrx_word' id='word_1_368' title='bbox 2326 4063 2725 4150; x_wconf 77' lang='lat' dir='ltr'>qualitativa</span> <span class='ocrx_word' id='word_1_369' title='bbox 2766 4061 3140 4147; x_wconf 78' lang='lat' dir='ltr'>disposiliO,</span> <span class='ocrx_word' id='word_1_370' title='bbox 3189 4057 3374 4149; x_wconf 81' lang='lat' dir='ltr'>quia</span> <span class='ocrx_word' id='word_1_371' title='bbox 3405 4057 3596 4130; x_wconf 79' lang='lat' dir='ltr'>licet</span> <span class='ocrx_word' id='word_1_372' title='bbox 3629 4077 3878 4148; x_wconf 74' lang='lat' dir='ltr'>quan-</span> 
     </span>
     <span class='ocr_line' id='line_1_78' title="bbox 2327 4173 3877 4267; baseline 0 -22"><span class='ocrx_word' id='word_1_373' title='bbox 2327 4176 2583 4266; x_wconf 90' lang='lat' dir='ltr'>doque</span> <span class='ocrx_word' id='word_1_374' title='bbox 2632 4174 3062 4267; x_wconf 88' lang='lat' dir='ltr'>dispositio</span> <span class='ocrx_word' id='word_1_375' title='bbox 3117 4174 3196 4246; x_wconf 91' lang='lat' dir='ltr'>in</span> <span class='ocrx_word' id='word_1_376' title='bbox 3242 4174 3511 4265; x_wconf 89' lang='lat' dir='ltr'>figura</span> <span class='ocrx_word' id='word_1_377' title='bbox 3555 4173 3697 4256; x_wconf 92' lang='lat' dir='ltr'>rei,</span> <span class='ocrx_word' id='word_1_378' title='bbox 3743 4174 3877 4245; x_wconf 87' lang='lat' dir='ltr'>vel</span> 
     </span>
     <span class='ocr_line' id='line_1_79' title="bbox 2330 4289 3877 4382; baseline 0 -21"><span class='ocrx_word' id='word_1_379' title='bbox 2330 4290 2517 4371; x_wconf 90' lang='lat' dir='ltr'>situ,</span> <span class='ocrx_word' id='word_1_380' title='bbox 2571 4290 2699 4361; x_wconf 85' lang='lat' dir='ltr'>vel</span> <span class='ocrx_word' id='word_1_381' title='bbox 2751 4289 3143 4382; x_wconf 87' lang='lat' dir='ltr'>qualitate</span> <span class='ocrx_word' id='word_1_382' title='bbox 3177 4290 3516 4382; x_wconf 85' lang='lat' dir='ltr'>juvante</span> <span class='ocrx_word' id='word_1_383' title='bbox 3558 4292 3653 4362; x_wconf 90' lang='lat' dir='ltr'>ad</span> <span class='ocrx_word' id='word_1_384' title='bbox 3702 4310 3877 4382; x_wconf 81' lang='lat' dir='ltr'>per-</span> 
     </span>
     <span class='ocr_line' id='line_1_80' title="bbox 2328 4404 3879 4499; baseline 0.002 -24"><span class='ocrx_word' id='word_1_385' title='bbox 2328 4404 2762 4478; x_wconf 86' lang='lat' dir='ltr'>fectionem</span> <span class='ocrx_word' id='word_1_386' title='bbox 2798 4407 3094 4498; x_wconf 88' lang='lat' dir='ltr'>operis,</span> <span class='ocrx_word' id='word_1_387' title='bbox 3130 4406 3255 4478; x_wconf 84' lang='lat' dir='ltr'>vel</span> <span class='ocrx_word' id='word_1_388' title='bbox 3292 4406 3721 4499; x_wconf 88' lang='lat' dir='ltr'>passionis,</span> <span class='ocrx_word' id='word_1_389' title='bbox 3759 4410 3879 4478; x_wconf 90' lang='lat' dir='ltr'>ta-</span> 
     </span>
     <span class='ocr_line' id='line_1_81' title="bbox 2331 4523 3878 4615; baseline 0.002 -25"><span class='ocrx_word' id='word_1_390' title='bbox 2331 4541 2511 4592; x_wconf 91' lang='lat' dir='ltr'>men</span> <span class='ocrx_word' id='word_1_391' title='bbox 2543 4523 2730 4614; x_wconf 90' lang='lat' dir='ltr'>quia</span> <span class='ocrx_word' id='word_1_392' title='bbox 2762 4523 2859 4594; x_wconf 90' lang='lat' dir='ltr'>ab</span> <span class='ocrx_word' id='word_1_393' title='bbox 2894 4523 3056 4595; x_wconf 89' lang='lat' dir='ltr'>illis</span> <span class='ocrx_word' id='word_1_394' title='bbox 3089 4543 3249 4594; x_wconf 92' lang='lat' dir='ltr'>non</span> <span class='ocrx_word' id='word_1_395' title='bbox 3285 4523 3660 4614; x_wconf 87' lang='lat' dir='ltr'>provenit</span> <span class='ocrx_word' id='word_1_396' title='bbox 3697 4544 3878 4615; x_wconf 86' lang='lat' dir='ltr'>ope·</span> 
     </span>
     <span class='ocr_line' id='line_1_82' title="bbox 2330 4638 3877 4732; baseline 0.002 -24"><span class='ocrx_word' id='word_1_397' title='bbox 2330 4638 2545 4711; x_wconf 91' lang='lat' dir='ltr'>ratio</span> <span class='ocrx_word' id='word_1_398' title='bbox 2617 4639 3094 4732; x_wconf 87' lang='lat' dir='ltr'>principalis</span> <span class='ocrx_word' id='word_1_399' title='bbox 3139 4641 3573 4712; x_wconf 90' lang='lat' dir='ltr'>secundum</span> <span class='ocrx_word' id='word_1_400' title='bbox 3632 4639 3877 4711; x_wconf 87' lang='lat' dir='ltr'>finem</span> 
     </span>
     <span class='ocr_line' id='line_1_83' title="bbox 2330 4754 3882 4838; baseline 0 -12"><span class='ocrx_word' id='word_1_401' title='bbox 2330 4754 2755 4838; x_wconf 87' lang='lat' dir='ltr'>intentum,</span> <span class='ocrx_word' id='word_1_402' title='bbox 2828 4756 3000 4828; x_wconf 90' lang='lat' dir='ltr'>ideo</span> <span class='ocrx_word' id='word_1_403' title='bbox 3070 4755 3270 4830; x_wconf 88' lang='lat' dir='ltr'>talia</span> <span class='ocrx_word' id='word_1_404' title='bbox 3337 4756 3882 4829; x_wconf 86' lang='lat' dir='ltr'>exeluduntur</span> 
     </span>
     <span class='ocr_line' id='line_1_84' title="bbox 2334 4870 3881 4964; baseline 0.003 -23"><span class='ocrx_word' id='word_1_405' title='bbox 2334 4891 2475 4962; x_wconf 88' lang='lat' dir='ltr'>per</span> <span class='ocrx_word' id='word_1_406' title='bbox 2514 4870 2691 4954; x_wconf 92' lang='lat' dir='ltr'>hoc,</span> <span class='ocrx_word' id='word_1_407' title='bbox 2740 4874 2944 4964; x_wconf 88' lang='lat' dir='ltr'>quod</span> <span class='ocrx_word' id='word_1_408' title='bbox 2984 4872 3285 4946; x_wconf 90' lang='lat' dir='ltr'>dicitur</span> <span class='ocrx_word' id='word_1_409' title='bbox 3323 4875 3750 4961; x_wconf 77' lang='lat' dir='ltr'>qualitativa,</span> <span class='ocrx_word' id='word_1_410' title='bbox 3796 4877 3881 4947; x_wconf 88' lang='lat' dir='ltr'>et</span> 
     </span>
     <span class='ocr_line' id='line_1_85' title="bbox 2329 4985 3883 5077; baseline 0.002 -22"><span class='ocrx_word' id='word_1_411' title='bbox 2329 5005 2487 5056; x_wconf 93' lang='lat' dir='ltr'>non</span> <span class='ocrx_word' id='word_1_412' title='bbox 2505 4985 3075 5077; x_wconf 78' lang='lat' dir='ltr'>quantitativa,</span> <span class='ocrx_word' id='word_1_413' title='bbox 3096 5007 3239 5059; x_wconf 92' lang='lat' dir='ltr'>nec</span> <span class='ocrx_word' id='word_1_414' title='bbox 3270 4986 3564 5059; x_wconf 87' lang='lat' dir='ltr'>finalis.</span> <span class='ocrx_word' id='word_1_415' title='bbox 3586 4987 3732 5060; x_wconf 90' lang='lat' dir='ltr'>Sed</span> <span class='ocrx_word' id='word_1_416' title='bbox 3772 4987 3883 5059; x_wconf 91' lang='lat' dir='ltr'>di-</span> 
     </span>
     <span class='ocr_line' id='line_1_86' title="bbox 2330 5101 3884 5196; baseline 0.001 -24"><span class='ocrx_word' id='word_1_417' title='bbox 2330 5101 2550 5174; x_wconf 78' lang='lat' dir='ltr'>citur</span> <span class='ocrx_word' id='word_1_418' title='bbox 2574 5107 2857 5193; x_wconf 83' lang='lat' dir='ltr'>propria</span> <span class='ocrx_word' id='word_1_419' title='bbox 2887 5116 2948 5172; x_wconf 79' lang='lat' dir='ltr'>ec</span> <span class='ocrx_word' id='word_1_420' title='bbox 2978 5108 3378 5189; x_wconf 74' lang='lat' dir='ltr'>eaelrinscca,</span> <span class='ocrx_word' id='word_1_421' title='bbox 3417 5104 3604 5196; x_wconf 79' lang='lat' dir='ltr'>quia</span> <span class='ocrx_word' id='word_1_422' title='bbox 3638 5102 3705 5175; x_wconf 89' lang='lat' dir='ltr'>Si</span> <span class='ocrx_word' id='word_1_423' title='bbox 3741 5103 3884 5175; x_wconf 78' lang='lat' dir='ltr'>ali-</span> 
     </span>
     <span class='ocr_line' id='line_1_87' title="bbox 2332 5220 3882 5314; baseline 0.001 -24"><span class='ocrx_word' id='word_1_424' title='bbox 2332 5220 2535 5310; x_wconf 89' lang='lat' dir='ltr'>quod</span> <span class='ocrx_word' id='word_1_425' title='bbox 2585 5225 2801 5294; x_wconf 88' lang='lat' dir='ltr'>esset</span> <span class='ocrx_word' id='word_1_426' title='bbox 2851 5220 3337 5314; x_wconf 88' lang='lat' dir='ltr'>dispositum</span> <span class='ocrx_word' id='word_1_427' title='bbox 3388 5222 3654 5296; x_wconf 87' lang='lat' dir='ltr'>aliena</span> <span class='ocrx_word' id='word_1_428' title='bbox 3690 5241 3882 5313; x_wconf 87' lang='lat' dir='ltr'>qua-</span> 
     </span>
     <span class='ocr_line' id='line_1_88' title="bbox 2330 5336 3877 5431; baseline 0.001 -25"><span class='ocrx_word' id='word_1_429' title='bbox 2330 5336 2564 5410; x_wconf 90' lang='lat' dir='ltr'>litate</span> <span class='ocrx_word' id='word_1_430' title='bbox 2626 5336 2704 5408; x_wconf 90' lang='lat' dir='ltr'>in</span> <span class='ocrx_word' id='word_1_431' title='bbox 2777 5338 3088 5410; x_wconf 90' lang='lat' dir='ltr'>modico</span> <span class='ocrx_word' id='word_1_432' title='bbox 3158 5343 3528 5431; x_wconf 86' lang='lat' dir='ltr'>tempore</span> <span class='ocrx_word' id='word_1_433' title='bbox 3597 5357 3877 5410; x_wconf 89' lang='lat' dir='ltr'>secun-</span> 
     </span>
     <span class='ocr_line' id='line_1_89' title="bbox 2328 5452 3876 5548; baseline 0 -24"><span class='ocrx_word' id='word_1_434' title='bbox 2328 5454 2513 5525; x_wconf 90' lang='lat' dir='ltr'>dum</span> <span class='ocrx_word' id='word_1_435' title='bbox 2593 5454 3091 5544; x_wconf 87' lang='lat' dir='ltr'>exigentiam</span> <span class='ocrx_word' id='word_1_436' title='bbox 3163 5456 3472 5548; x_wconf 89' lang='lat' dir='ltr'>operis,</span> <span class='ocrx_word' id='word_1_437' title='bbox 3543 5457 3624 5527; x_wconf 87' lang='lat' dir='ltr'>et</span> <span class='ocrx_word' id='word_1_438' title='bbox 3692 5452 3876 5525; x_wconf 87' lang='lat' dir='ltr'>finis</span> 
     </span>
     <span class='ocr_line' id='line_1_90' title="bbox 2331 5568 3875 5650; baseline 0.001 -11"><span class='ocrx_word' id='word_1_439' title='bbox 2331 5568 2645 5650; x_wconf 87' lang='lat' dir='ltr'>intenti,</span> <span class='ocrx_word' id='word_1_440' title='bbox 2693 5568 2949 5644; x_wconf 86' lang='lat' dir='ltr'>adhuc</span> <span class='ocrx_word' id='word_1_441' title='bbox 3011 5570 3206 5642; x_wconf 90' lang='lat' dir='ltr'>illud</span> <span class='ocrx_word' id='word_1_442' title='bbox 3246 5591 3407 5643; x_wconf 91' lang='lat' dir='ltr'>non</span> <span class='ocrx_word' id='word_1_443' title='bbox 3461 5568 3875 5642; x_wconf 88' lang='lat' dir='ltr'>diceretur</span> 
     </span>
    </p>
   </div>
   <div class='ocr_carea' id='block_1_7' title="bbox 2328 2371 4114 2516">
    <p class='ocr_par' dir='ltr' id='par_1_12' title="bbox 2328 2371 4114 2516">
     <span class='ocr_line' id='line_1_91' title="bbox 2328 2371 4114 2516; baseline 0.001 -20"><span class='ocrx_word' id='word_1_444' title='bbox 2328 2426 2489 2497; x_wconf 91' lang='lat' dir='ltr'>test</span> <span class='ocrx_word' id='word_1_445' title='bbox 2545 2424 2725 2516; x_wconf 85' lang='lat' dir='ltr'>capi</span> <span class='ocrx_word' id='word_1_446' title='bbox 2787 2444 2935 2516; x_wconf 88' lang='lat' dir='ltr'>pro</span> <span class='ocrx_word' id='word_1_447' title='bbox 2994 2424 3550 2516; x_wconf 86' lang='lat' dir='ltr'>dispositione,</span> <span class='ocrx_word' id='word_1_448' title='bbox 3605 2444 3652 2495; x_wconf 90' lang='lat' dir='ltr'>a</span> <span class='ocrx_word' id='word_1_449' title='bbox 3712 2443 3875 2515; x_wconf 88' lang='lat' dir='ltr'>qua</span> <span class='ocrx_word' id='word_1_450' title='bbox 3900 2371 4114 2498; x_wconf 51' lang='grc' dir='ltr'>«1033ἷὲ</span> 
     </span>
    </p>
   </div>
  </div>
 </body>
</html>
