4252 6393
162 1110 222 1158 ¹5.

145 1172 295 1220 taliter

144 1235 304 1294 mosei·

145 1314 164 1344 ε
181 1296 311 1344 habi-

144 1375 193 1417 ιε,
216 1360 299 1421 qui

145 1423 207 1469 bis
230 1422 308 1470 im

144 1491 242 1534 uni.

1744 439 2118 515 QUAESTio
2169 439 2277 502 XV

357 609 545 682 liter
599 627 741 701 per
809 603 1250 678 essentiam
1290 621 1558 683 suam;
1628 621 1909 673 secun-

356 727 447 798 do
516 724 958 798 actualiter
1028 741 1173 814 per
1278 722 1556 801 actus;
1657 717 1909 791 tertio

353 839 878 935 apprehendit
919 835 1707 929 se,apprehendendo
1743 855 1910 926 spe-

355 962 515 1034 cies
556 978 861 1039 rerum,
907 962 987 1031 et
1022 955 1332 1048 judicat
1385 953 1615 1025 modo
1660 951 1902 1024 dicto.

441 1077 846 1153 Similiter
900 1077 1022 1146 est
1057 1094 1155 1147 ex
1200 1075 1433 1165 parte
1457 1069 1902 1150 habituum,

358 1194 545 1287 quia
606 1195 1219 1284 cognoscuntur
1290 1190 1369 1261 in
1428 1186 1657 1260 nobis
1727 1207 1905 1258 csse

356 1309 888 1383 habitualiter
951 1328 1093 1400 per
1155 1306 1502 1398 seipsos;
1568 1303 1904 1377 actuali-

356 1432 480 1501 ter
550 1432 825 1501 autem
897 1444 1044 1518 per
1135 1429 1371 1498 actus
1466 1443 1683 1494 suos.
1756 1421 1902 1494 Sed

354 1544 536 1637 quid
569 1543 736 1616 sint
778 1544 1167 1634 quantum
1208 1540 1301 1612 ad
1335 1536 1904 1631 apprehensio-

351 1682 558 1743 nem,
605 1663 1217 1753 cognoscuntur
1257 1677 1354 1728 ex
1406 1654 1773 1746 objectis
1822 1659 1902 1727 et

349 1780 668 1853 actibus
706 1776 1089 1871 propriis.
1128 1778 1536 1857 Quantum
1579 1772 1672 1843 ad
1698 1771 1903 1863 judi-

348 1898 592 1977 cium,
642 1895 1100 1987 judicamus
1145 1891 1330 1984 quid
1374 1889 1537 1963 sint
1577 1910 1674 1960 ex
1719 1889 1896 1970 fine,

347 2021 426 2090 et
486 2035 590 2087 ex
651 2012 955 2084 lumine
1030 2008 1411 2083 veritatis
1485 2008 1894 2088 increatae,

351 2131 496 2202 sub
558 2150 715 2222 quo
783 2127 873 2202 fit
940 2131 1256 2201 certum
1327 2123 1722 2216 judicium
1808 2123 1899 2195 de

349 2247 737 2340 quolibet,
807 2250 886 2319 ct
998 2242 1362 2316 rationes
1467 2239 1899 2333 cujuslibet

353 2365 710 2439 istarum
777 2359 1338 2452 cognitionum
1405 2357 1638 2429 dictae
1712 2360 1898 2429 sunt

343 2504 576 2569 snpra.
643 2479 743 2549 Et
783 2474 1007 2547 nullo
1053 2473 1284 2543 modo
1330 2470 1898 2564 cognoscimus

344 2597 434 2668 de
470 2594 698 2688 ipsis,
734 2614 877 2665 nec
911 2590 1100 2684 quia
1136 2593 1346 2670 sunt,
1383 2610 1528 2662 nec
1563 2589 1767 2680 quod
1820 2587 1899 2659 in

347 2713 580 2785 nobis
610 2714 824 2792 sunt,
864 2730 1007 2782 nec
1031 2707 1236 2800 quod
1271 2710 1458 2779 sunt
1495 2705 1891 2779 intuitive.

347 2809 530 2904 Non
616 2833 742 2902 est
826 2831 1096 2901 autem
1169 2824 1364 2896 ordo
1453 2824 1666 2896 inter
1751 2822 1895 2894 has

344 2946 857 3040 cognitiones
899 2943 1347 3027 habituum,
1412 2941 1622 3015 sicut
1684 2941 1898 3014 inter

346 3062 862 3156 cognitiones
950 3059 1279 3141 animae;
1372 3057 1558 3151 quia
1667 3058 1895 3151 prius

345 3178 957 3272 cognoscimus,
1057 3177 1241 3269 quid
1353 3180 1477 3250 est
1571 3174 1894 3249 habitus

346 3318 594 3391 quam
657 3295 1036 3375 sciamus,
1084 3295 1289 3386 quod
1344 3295 1423 3365 in
1473 3293 1700 3365 nobis
1742 3297 1889 3373 est,

351 3415 589 3487 modo
638 3412 1012 3505 superius
1062 3411 1306 3484 dicto.

909 3610 1312 3666 SCHOLIUM.

411 3791 808 3864 Opinionem,
864 3804 1004 3861 quae
1062 3792 1246 3859 negat
1305 3789 1716 3854 intellectum,
1792 3792 1898 3845 aut

340 3892 625 3948 animam
658 3904 723 3945 se
754 3902 1021 3960 suosque
1053 3887 1323 3955 habitu8‚
1356 3892 1416 3946 et
1444 3892 1616 3943 actus
1639 3885 1895 3953 directe,

337 3994 398 4046 et
430 3987 732 4044 intuitive
762 3998 1154 4054 cognoscere,
1189 3985 1254 4038 in
1286 3983 1604 4055 aliquibus
1655 3986 1900 4053 reputat

341 4085 756 4159 probabilem,
789 4084 853 4139 in
876 4082 1022 4139 aliis
1040 4082 1294 4149 refellit,
1323 4082 1661 4152 multisque
1685 4079 1901 4152 probat

340 4201 452 4258 per
484 4190 666 4242 actus
710 4183 994 4253 cognosci
1057 4181 1328 4248 habituS,
1389 4186 1450 4239 et
1507 4180 1894 4237 intellectum

342 4286 668 4350 intuitive,
703 4278 1078 4339 reflectendo
1109 4284 1317 4336 tamen
1350 4293 1544 4350 super
1575 4294 1661 4344 se,
1695 4281 1756 4333 et
1787 4292 1898 4346 per

341 4384 619 4456 speciem
652 4394 1038 4453 expressam3
1074 4382 1247 4436 actus
1276 4381 1487 4433 autem
1511 4376 1744 4448 absque
1769 4375 1897 4431 ulla

341 4482 574 4553 specie,
608 4492 723 4550 per
755 4480 1032 4549 ipsorum
1086 4475 1515 4533 immediatam
1564 4475 1899 4544 experien-

341 4581 494 4634 tiam
515 4577 829 4647 cognosci,
862 4575 1050 4647 idque
1074 4574 1308 4630 clarius
1333 4573 1605 4644 explicat
1625 4572 1815 4627 inferi
1831 4587 1897 4625 us

343 4691 519 4731 num.
554 4675 646 4731 25.
680 4680 740 4731 et
762 4671 1186 4745 sequentibus
1224 4671 1427 4727 Aliter
1457 4676 1668 4726 tamen
1718 4669 1899 4725 vide-

340 4782 444 4833 tur
476 4776 716 4831 sentire
746 4775 812 4829 in
842 4775 896 4828 2.
930 4770 1071 4828 dist.
1104 4772 1158 4826 3.
1193 4775 1379 4841 quaet.
1410 4771 1464 4824 8.
1498 4774 1552 4835 §-
1589 4770 1669 4824 Ad
1719 4784 1897 4836 arqu-

342 4880 530 4929 menta
589 4873 959 4943 principalia,
1048 4883 1160 4942 per
1245 4873 1440 4926 totum
1516 4867 1894 4934 discursum,

342 4987 542 5045 usque
575 4968 654 5028 ad
682 4976 736 5037 5.
770 4972 854 5025 Aa
882 4970 1185 5023 secundum
1235 4988 1250 5022 .·
1316 4966 1415 5023 ubi
1480 4967 1567 5023 ait
1624 4965 1895 5022 animam

342 5085 459 5128 non
495 5083 679 5143 posse
710 5081 1083 5137 cognoscere
1112 5080 1179 5123 se
1211 5064 1467 5133 directe,
1500 5069 1561 5121 et
1618 5079 1694 5119 ex
1752 5064 1897 5119 aliis

338 5169 601 5240 objectis
631 5167 898 5237 cognitis
929 5164 1157 5221 deduci
1194 5167 1259 5221 in
1319 5164 1738 5234 cognitionem
1798 5163 1896 5218 sui

339 5270 650 5327 reflexive
683 5286 697 5322 ε
733 5269 754 5340 [
786 5267 907 5322 Nun
935 5270 1142 5333 aulem,
1197 5265 1421 5335 inquit,
1477 5269 1646 5333 potest
1704 5266 1896 5317 statim

339 5371 661 5437 intelligere
686 5383 740 5421 se
774 5368 931 5421 nullo
962 5367 1076 5419 alio
1109 5366 1398 5430 intellecto,
1457 5365 1593 5432 quia
1627 5378 1738 5416 non
1792 5378 1896 5431 po-

340 5473 437 5525 test
457 5468 656 5524 statim
684 5467 903 5521 moveri
932 5479 966 5516 a
993 5480 1048 5520 sc
1071 5469 1301 5534 propter
1329 5464 1588 5517 ordinem
1616 5464 1897 5529 potentia-

339 5582 471 5621 rum
500 5568 622 5634 ejus
653 5564 1022 5618 necessarium
1049 5578 1154 5630 pro
1186 5565 1333 5614 statu
1365 5564 1465 5614 isto
1515 5562 1587 5613 ad
1609 5562 1895 5626 tmayina-

342 5667 500 5721 bilia.
533 5662 556 5734 ]
591 5664 661 5719 Et
687 5660 874 5734 paulo
903 5660 1192 5732 superius
1226 5677 1238 5713 :
1273 5658 1296 5730 [
1327 5658 1892 5728 lies)›011deo,inquit,

3440 441 3558 504 555

2025 602 2335 658 intellectus
2366 607 2547 657 noster
2572 618 2674 671 pro
2725 607 2876 659 statu
2932 606 3038 659 isto
3087 617 3199 659 non
3265 608 3339 658 est
3396 609 3564 660 natus

2025 701 2232 753 moturi
2262 701 2601 766 immediate,
2636 703 2749 756 nisi
2778 702 3058 771 abaliquo
3078 703 3460 770 imayinabili,
3485 705 3568 759 vel

2020 801 2273 853 sensibili
2302 804 2459 854 extra
2483 802 2649 869 prius
2678 805 2983 857 moveatur.
3015 799 3037 870 ]
3070 802 3141 856 Et
3169 797 3451 868 Quodlib.
3478 801 3565 856 14.

2019 905 2073 965 ἓ.
2109 903 2191 954 Ad
2219 902 2328 954 duo
2358 903 2476 956 alia
2509 907 2843 971 arqumenta
2874 901 3429 973 :problematicum
3463 919 3569 959 re-

2021 1002 2216 1068 putat,
2249 999 2521 1055 animam
2555 1014 2731 1070 posse
2779 1000 3152 1058 naturaliter
3196 1016 3567 1073 cognoscere

2019 1098 2311 1167 seipsam.
2347 1097 2497 1153 Vide
2529 1112 2684 1169 opus
2741 1099 3141 1170 posthumum
3204 1101 3431 1156 Suarez
3490 1099 3565 1156 de

2017 1196 2261 1262 Anima,
2303 1199 2362 1252 et
2393 1197 2899 1268 supplementum
2934 1199 3111 1254 illius
3133 1197 3239 1254 lib.
3274 1200 3326 1255 4.
3350 1213 3482 1270 cap.
3506 1199 3561 1254 5.

2021 1294 2124 1348 ubi
2204 1295 2340 1364 ejus
2417 1295 2713 1353 resolutio
2796 1295 2977 1353 valde
3054 1297 3391 1364 conformis
3474 1301 3564 1354 est

2016 1390 2313 1448 doctrinae
2345 1394 2408 1450 in
2444 1394 2557 1450 hac
2587 1395 2928 1467 quaestione
2960 1394 3226 1454 traditae.

2108 1553 2297 1626 Haec
2369 1554 2642 1646 opinio
2707 1555 3030 1628 videtur
3090 1556 3558 1648 probabilis,
3710 1591 3785 1641 1⁶,

2014 1677 2094 1745 et
2145 1673 2341 1745 bene
2400 1673 2762 1749 declarat
2816 1695 2960 1746 sua
3010 1673 3556 1758 fundamenta,
3585 1654 3886 1779 p32'22„‘¹{5,‘

2021 1795 2323 1883 praeter
2352 1790 2503 1865 hoc
2540 1792 2746 1884 quod
2775 1791 2994 1873 dicit,
3042 1793 3246 1884 quod
3288 1794 3561 1865 anima
3613 1780 3884 1903 gggfff'o'g'e'f

2016 1929 2161 1981 nec
2224 1930 2332 1990 se,
2407 1930 2551 1981 nec
2623 1930 2814 1982 suos
2857 1913 3088 1983 actus
3140 1911 3561 2002 cognoscit

2016 2024 2416 2098 intuitive.
2458 2027 2816 2100 Secundo
2853 2027 3109 2119 quoad
3144 2026 3320 2110 hoc,
3357 2029 3562 2119 quod

2012 2140 2231 2221 dicit,
2279 2142 2485 2232 quod
2542 2141 3005 2215 intellectus
3058 2162 3201 2212 nec
3254 2162 3363 2220 se,
3418 2162 3561 2214 nec

2015 2278 2205 2329 suos
2265 2257 2590 2331 habitus
2644 2279 2789 2350 per
2839 2257 3149 2351 species
3210 2257 3562 2348 origina-

2013 2379 2139 2447 tas
2209 2376 2308 2449 ab
2376 2375 2494 2447 eis
2566 2373 3123 2468 apprehendit,
3186 2379 3266 2449 ct
3334 2375 3429 2447 ad
3490 2375 3564 2447 id

2013 2492 2385 2582 sequitur
2436 2492 2818 2585 primum,
2865 2497 2945 2566 et
2986 2515 3027 2564 e
3068 2492 3493 2565 contrario
3540 2519 3555 2561 :

2010 2627 2198 2678 nam
2260 2608 2328 2680 si
2388 2630 2472 2681 se
2535 2607 2921 2692 intuetur,
2974 2607 3295 2681 videtur
3354 2609 3561 2699 quod

2013 2745 2158 2817 per
2202 2726 2625 2818 propriam
2670 2725 3023 2818 speciem
3082 2747 3166 2796 se
3226 2745 3561 2816 cognos-

2009 2847 2169 2923 cat,
2214 2846 2293 2915 et
2335 2863 2376 2914 e
2435 2842 2886 2916 contrario.
2965 2843 3179 2915 Idem
3238 2840 3410 2914 dico
3470 2843 3561 2913 de

2010 2957 2442 3032 habitibus.
2518 2959 2793 3033 Tertio
2867 2960 3124 3051 quoad
3198 2957 3560 3031 differen-

2010 3073 2213 3148 tiam
2303 3075 2634 3158 ordinis,
2718 3095 2959 3167 quam
3047 3074 3278 3168 ponit
3350 3074 3563 3147 inter

2009 3188 2561 3282 cognitionem
2619 3194 2681 3259 si
2739 3204 2852 3273 esc,
2901 3194 2981 3265 et
3034 3193 3195 3280 qaid
3255 3205 3346 3259 cst
3397 3190 3561 3262 ani·

2011 3330 2160 3380 mae
2193 3312 2274 3382 et
2306 3307 2751 3381 habituum.

2098 3431 2504 3509 Quantum
2546 3444 2742 3515 ergo
2795 3424 2892 3497 ad
2951 3425 3111 3499 ista
3153 3426 3341 3508 tria,
3397 3446 3554 3497 non
3585 3459 3864 3509 Probata»-

2006 3545 2326 3616 videtur
2421 3540 2857 3633 aliquibus,
2958 3542 3164 3634 quod
3255 3523 3907 3635 positio,12²¹,·²,{²,²},‘}}’,·²„e

2007 3658 2426 3731 contineat
2478 3657 2940 3730 veritatem.
3001 3657 3219 3740 Quod
3280 3662 3553 3730 autem
3636 3647 3843 3700 ''⁶⁶¹⁶“-

2007 3776 2282 3848 anima
2326 3795 2571 3868 super
2631 3796 2714 3846 se
2758 3774 3267 3855 reflectendo,
3318 3796 3400 3845 se
3444 3773 3555 3845 in-

2010 3891 2298 3965 tuitive
2332 3893 2799 3980 cognoscat,
2839 3896 2917 3964 et
2952 3888 3020 3962 si
3054 3893 3202 3970 est,
3251 3895 3330 3963 et
3374 3891 3558 3981 quid

2008 4013 2132 4081 est
2195 4036 2208 4078 :
2274 4012 2352 4081 ct
2396 4006 2782 4080 similiter
2843 4006 3322 4080 reflectendo
3368 4027 3557 4079 suos

2007 4124 2358 4206 habitus,
2415 4127 2862 4215 cognoscat
2921 4126 3000 4196 et
3060 4123 3139 4195 in
3207 4145 3290 4194 se
3351 4144 3553 4204 esse,

2007 4246 2086 4315 et
2122 4241 2328 4333 quod
2372 4245 2584 4322 sunt,
2623 4239 2941 4314 videtur
2972 4260 3356 4333 expresse
3390 4259 3560 4310 sen-

2009 4358 2169 4431 tire
2204 4357 2703 4449 Augustinus
2738 4357 2819 4429 in
2851 4356 3200 4450 epistola
3233 4356 3327 4428 ad
3363 4357 3557 4428 Pau-

2010 4474 2288 4557 linum,
2335 4496 2511 4568 cap.
2557 4479 2621 4547 2.
2667 4475 2757 4547 de
2798 4474 3131 4547 videndo
3166 4476 3331 4547 Deo
3367 4479 3385 4499 ⁶
3424 4501 3437 4543 :
3477 4478 3557 4547 et
3587 4513 3766 4567 -Alm
3793 4516 3898 4566 ηρ,

2007 4597 2133 4665 est
2179 4592 2256 4663 in
2299 4612 2639 4663 numero
2682 4592 3223 4685 epistolarum
3264 4593 3374 4664 62.
3409 4592 3558 4663 dis-

2010 4709 2387 4801 tinguens
2429 4708 2826 4800 duplicem
2871 4728 3223 4789 sensum,
3280 4728 3560 4799 corpo-

2011 4824 2152 4905 riS‚
2230 4823 2542 4897 scilicet
2610 4827 2689 4895 et
2760 4822 3077 4905 mentiS,
3162 4821 3293 4894 ubi
3361 4822 3477 4895 ait
3541 4850 3553 4892 ;

2012 4943 2228 5007 Plane
2266 4942 2562 5025 forsitan
2598 4941 2761 5005 sacis
2807 4950 2899 5005 est
2928 4941 2990 5005 si
3032 4941 3396 5027 praesencia
3440 4941 3560 5005 illa

2010 5060 2131 5123 hoc
2156 5060 2225 5123 in
2248 5057 2388 5122 loco
2420 5057 2877 5143 inlelliqamus
2907 5056 3111 5136 dicta,
3148 5078 3291 5144 quce
3316 5067 3560 5143 proeslo

2005 5185 2159 5240 siml
2199 5174 2520 5252 sciisibzc8‚
2566 5175 2705 5238 sive
2744 5174 2982 5252 animi,
3030 5173 3168 5239 sivc
3206 5175 3504 5259 corporis
3537 5196 3557 5234 .·

2007 5291 2184 5356 unde
2232 5293 2430 5355 ecia-m
2462 5290 2657 5356 dacio
2698 5289 3008 5355 vocabulo
3050 5292 3411 5377 proescncia
3442 5312 3559 5355 no-

2007 5410 2357 5473 minantur
2398 5433 2417 5491 ,·
2488 5428 2792 5472 sensnum
2833 5407 3072 5472 mentis
3139 5407 3551 5493 spiritualia,

2008 5546 2152 5611 qua»
2212 5525 2396 5589 intra
2438 5544 2554 5588 nos
2600 5533 2773 5604 siml,
2831 5521 3126 5587 sensibus
3182 5522 3419 5587 mentis
3460 5524 3554 5588 vi-

2006 5643 2279 5712 deamus
2305 5644 2507 5711 vitam
2531 5653 2845 5719 nostram,
2880 5639 3306 5718 voluntatem,
3336 5640 3553 5730 inqui-
