4252 6393
452 1987 525 2038 10.

687 417 807 480 620
1843 421 1947 483 DE
1991 421 2258 487 RERUM
2305 421 2695 488 PRINCIPIO

675 580 909 661 ditas,
953 582 1032 653 et
1077 582 1372 652 natura
1425 581 1496 653 id
1558 582 1762 673 quod
1802 585 1925 656 est
1995 582 2218 654 abso-

675 701 865 780 lute,
926 720 1085 772 non
1142 701 1442 774 dicitur
1510 701 1605 773 ad
1664 700 1988 792 aliquid.
2074 703 2221 775 Sed

679 818 850 890 ideo
890 818 1274 891 dicuntur
1337 818 1706 898 relativa,
1754 819 1943 909 quia
1998 820 2222 892 intel—

679 935 932 1008 lectus
984 935 1339 1029 concipit
1398 935 1754 1027 aliquam
1819 936 2221 1010 rationem

677 1054 766 1123 de
798 1052 1094 1126 talibus
1139 1074 1283 1145 per
1321 1053 1496 1135 hoc,
1548 1056 1750 1145 quod
1794 1058 2222 1146 comparat

683 1190 928 1243 unum
999 1171 1091 1242 ad
1152 1171 1504 1246 alterum
1569 1199 1581 1241 :
1660 1177 1745 1244 ut
1816 1173 2222 1246 rationem

680 1289 1032 1360 dexterae
1075 1289 1443 1380 concepit
1484 1290 1574 1359 ‹le
1633 1289 2033 1370 columna,
2095 1290 2223 1361 vel

682 1406 761 1477 in
807 1405 1211 1486 columna,
1259 1427 1413 1478 non
1458 1407 1664 1498 quod
1703 1408 2054 1481 essentia
2098 1430 2223 1480 co-

681 1522 1002 1602 lumnae,
1047 1523 1171 1594 vel
1236 1523 1634 1614 quidditas
1682 1523 2000 1596 dicatur
2048 1526 2225 1596 dex-

684 1646 887 1722 tera„
962 1641 1093 1712 sed
1134 1638 1339 1711 hanc
1401 1641 1808 1713 rationem
1867 1642 2227 1733 concipit

680 1757 902 1830 circa
947 1757 1231 1849 ipsam,
1279 1759 1364 1828 ut
1414 1777 1592 1829 eam
1654 1762 2076 1850 comparet
2134 1758 2227 1829 ad

679 1877 1096 1948 dexteram
1137 1877 1451 1967 partem
1489 1873 1864 1946 hominis.

772 1991 990 2073 Quod
1039 1996 1309 2065 autem
1354 1992 1543 2063 talis
1611 1993 1900 2065 relatio
1962 1993 2226 2064 solum

684 2109 789 2182 sit
825 2108 905 2179 in
938 2109 1381 2191 intellectu,
1420 2110 1682 2181 nonin
1717 2130 1828 2191 re,
1864 2110 2228 2181 declarat

683 2225 1121 2306 Avieenna,
1206 2246 1507 2319 ponens
1592 2226 2051 2318 exemplum
2138 2229 2229 2300 de

686 2343 1110 2422 relatione,
1150 2365 1322 2435 quw,
1384 2347 1508 2416 est
1571 2343 1787 2417 inter
1849 2345 2100 2434 prius,
2148 2354 2229 2421 et

688 2458 1126 2550 posterius,
1206 2459 1474 2536 dicens
1548 2459 1712 2531 sic:
1796 2464 1985 2528 Scias
2055 2466 2232 2550 qnod

685 2599 788 2642 res
831 2579 902 2642 in
940 2599 1007 2643 se
1048 2598 1181 2642 non
1222 2587 1313 2642 esc
1350 2577 1543 2663 prius
1587 2598 1688 2642 res
1731 2579 1865 2642 nisi
1912 2601 2007 2657 ee,
2057 2580 2231 2665 quod

684 2706 776 2760 est
831 2696 1034 2762 simul
1091 2697 1164 2762 in
1221 2698 1553 2768 intellectu
1594 2717 1739 2761 enm
1781 2719 1881 2775 ca,
1933 2719 2080 2783 quae
2139 2711 2231 2764 esc

680 2817 1013 2900 posterius
1029 2840 1052 2894 ,·
1094 2826 1154 2879 et
1195 2817 1332 2880 hwc
1370 2817 1617 2900 species
1660 2814 1937 2899 prioris,
1976 2827 2035 2880 el
2080 2837 2230 2902 pos-

688 2932 956 2997 terioris
1002 2942 1140 3010 esc,
1180 2954 1326 2997 cum
1367 2943 1656 3018 ueraeque
1707 2933 1910 2997 simul
1965 2934 2100 2998 sint
2162 2934 2229 2998 in

689 3048 1045 3114 intellectu.
1129 3051 1326 3118 Cum
1394 3045 1606 3115 enim
1684 3048 2232 3137 prwsentatuv

688 3161 1134 3235 intellectui
1178 3162 1444 3234 forma
1481 3161 1811 3254 prioris,
1848 3167 1927 3238 et
1961 3162 2231 3235 forma

693 3279 1206 3371 posterioris,
1276 3279 1662 3369 intelligit
1694 3280 1962 3351 anima
2027 3279 2230 3350 hanc

684 3396 1383 3488 comparationem
1420 3396 1767 3469 incidere
1802 3397 2020 3470 inter
2048 3396 2227 3477 (luo,

688 3534 862 3604 quae
928 3516 1111 3584 sunt
1178 3513 1255 3585 in
1318 3513 1759 3585 intellectu.
1837 3514 1979 3583 Sed
2044 3519 2232 3585 ante

687 3631 855 3702 haec
903 3650 1031 3700 res
1077 3630 1150 3701 in
1197 3651 1279 3701 se
1323 3650 1478 3701 non
1520 3633 1644 3703 est
1699 3631 1927 3722 prior
1970 3658 1981 3700 :
2047 3650 2234 3722 quo-

693 3748 922 3818 modo
985 3746 1195 3817 enim
1256 3746 1415 3819 erit
1477 3747 1708 3838 prior
1773 3747 1847 3818 in
1894 3770 2001 3828 se,
2059 3768 2232 3838 qua}

690 3863 1129 3935 nonhabet
1186 3887 1341 3931 esse.
1390 3864 1813 3937 Concludit
1872 3885 2071 3954 ergo
2126 3864 2232 3937 ibi

689 3981 1121 4060 Avicenna‚
1158 3980 1429 4052 dicens
1466 4008 1478 4051 ε
1524 3985 1681 4059 Qum
1718 3986 1979 4069 fuerint
2009 3985 2089 4048 de
2142 4008 2235 4050 re-

690 4102 918 4167 latiuis
954 4100 1312 4166 secundum
1373 4102 1544 4166 Ιιιιη(ι
1587 4102 1848 4167 modum
1907 4124 2035 4167 non
2107 4106 2234 4168 eri!

691 4240 917 4284 eorum
958 4219 1221 4293 relaeiO,
1262 4218 1397 4282 nisi
1432 4219 1498 4283 in
1530 4218 1668 4282 solo
1718 4218 2073 4293 intellectu,
2121 4241 2238 4284 nce

693 4336 1154 4420 incelliqenlur
1218 4336 1499 4399 eoeiseere
1559 4338 1625 4400 ιή
1693 4356 1826 4398 esse
1880 4336 2237 4399 secundum

694 4454 866 4517 lianc
910 4453 1358 4537 prioritatem,
1397 4463 1455 4516 σι
1485 4452 2073 4536 posterioritatem,
2118 4453 2239 4516 laec

694 4570 871 4633 enim
907 4569 1122 4654 prim,
1178 4580 1237 4631 el
1274 4568 1600 4653 posterius
1641 4577 1731 4630 esc
1770 4578 1962 4645 certe,
2009 4567 2090 4631 dc
2134 4570 2239 4633 in-

699 4686 946 4749 lculion
961 4684 1099 4749 ibus
1121 4685 1285 4750 intel
1293 4686 1314 4749 Ι
1321 4685 1483 4770 issibi
1488 4686 1510 4748 l
1517 4684 1656 4749 ibus
1685 4705 1767 4748 er
1798 4687 2238 4770 comparatio-

697 4800 909 4879 nibus,
948 4822 1109 4886 quas
1152 4802 1346 4886 poni!
1401 4799 1766 4865 e'nlclleclus
1806 4821 1888 4863 eJ·
1935 4803 2241 4886 respecti·

695 4917 829 4994 buS,
877 4918 992 5002 qui
1041 4918 1481 5002 acquiruntur
1532 4916 1743 4991 rebem,
1790 4939 1931 4981 cum
1975 4938 2241 5002 eompa-

696 5043 801 5097 rae
841 5053 916 5096 ea
959 5032 1133 5097 inter
1159 5054 1226 5097 se
1253 5033 1641 5105 intell-erma,
1681 5045 1739 5097 el
1771 5032 2076 5118 dexique!
2101 5054 2236 5097 cas.

790 5146 1009 5215 llanc
1051 5145 1642 5235 digressionem
1688 5146 1857 5223 feci.
1900 5166 1993 5214 ne
2028 5144 2242 5217 forte

695 5264 1066 5334 videatur
1133 5262 1401 5342 alicui,
1476 5263 1680 5354 quod
1755 5282 1909 5331 non
1986 5261 2245 5352 possit

697 5382 1174 5463 contradici,
1241 5382 1443 5473 quod
1499 5386 1818 5471 tempus
1884 5380 2240 5457 omnino,

697 5506 776 5574 et
845 5502 1278 5573 secundum
1353 5520 1669 5571 omnem
1753 5498 2069 5571 modum
2139 5496 2246 5570 sit

701 5619 931 5688 extra
1021 5617 1374 5689 animam
1414 5640 1427 5695 ;
1513 5615 1693 5708 quia
1795 5617 2247 5707 sequuntur

2338 583 2592 677 prius,
2655 588 2735 659 et
2778 587 3189 678 posterius
3235 588 3315 660 in
3388 593 3639 671 motu,
3704 610 3862 682 quae

2332 703 2709 776 videntur
2739 726 2917 776 esse
2953 706 3032 777 in
3077 708 3299 777 motu
3337 706 3637 798 absque
3660 708 3863 780 omni

2336 820 2657 892 actione
2717 821 3034 903 anirnae,
3101 823 3306 913 quod
3374 843 3660 895 verum
3722 845 3866 896 non

2335 942 2458 1009 est
2494 963 2507 1006 :
2549 937 2733 1018 imo,
2782 942 2865 1009 ut
2894 938 3063 1029 jam
3102 943 3518 1011 ostensum
3552 942 3704 1022 est,
3740 961 3866 1013 nec

2338 1052 2532 1146 ipsae
2579 1059 2854 1146 partes
2891 1059 3160 1126 motus
3192 1055 3484 1129 hahent
3520 1058 3868 1130 rationes

2338 1171 2670 1262 prioris,
2717 1177 2797 1245 et
2834 1173 3350 1265 posterioriS‚
3396 1173 3554 1245 nisi
3605 1195 3705 1246 ex
3765 1195 3870 1248 ac-

2335 1287 2557 1361 tione
2626 1290 2917 1361 animae
2995 1290 3555 1383 comparantis
3640 1312 3871 1364 unam

2341 1411 2657 1499 partem
2717 1406 2808 1477 ad
2843 1407 3118 1488 aliani,
3164 1412 3243 1481 et
3296 1406 3735 1481 formantis
3801 1409 3872 1481 in

2341 1522 2566 1614 ipsiS‚
2608 1525 2685 1593 et
2735 1524 2827 1594 de
2870 1523 3069 1616 ipsis
3116 1523 3317 1595 istas
3362 1523 3868 1597 intentiones.

2432 1641 2649 1728 Ergo
2674 1640 3154 1711 resumendo
3181 1639 3427 1711 istum
3449 1641 3874 1713 secundum
3993 1662 4051 1712 u.

2341 1756 2808 1838 articulum,
2884 1760 3105 1849 patet
3175 1757 3382 1848 quod
3451 1759 3875 1830 secundum

2343 1874 2807 1965 opinionem
2863 1874 3363 1955 Aristotelis,
3418 1878 3498 1948 et
3558 1875 3879 1948 Avicen-

2341 2011 2486 2069 uae,
2533 1994 2850 2082 tempus
2883 1991 3124 2064 habet
3151 1991 3549 2063 rationem
3594 1990 3882 2063 forma-

2344 2108 2499 2178 lem
2541 2107 2640 2176 ab
2678 2106 2953 2178 anima
2998 2134 3010 2175 :
3051 2110 3129 2178 et
3172 2107 3378 2198 quod
3425 2106 3583 2181 ista
3640 2108 3880 2181 inten-

2342 2225 2486 2305 tio,
2536 2243 2710 2316 quae
2755 2226 2876 2295 est
2929 2227 3275 2315 tempus,
3331 2223 3721 2296 fundatur
3770 2245 3882 2295 su-

2348 2365 2489 2437 per
2533 2348 2869 2423 motum,
2936 2348 3023 2417 ut
3068 2344 3145 2414 in
3195 2343 3562 2435 partibus
3626 2346 3885 2416 motus

2348 2459 2758 2532 invenitur
2819 2459 3034 2533 ratio
3094 2460 3430 2551 prioriS,
3491 2465 3571 2534 et
3634 2465 3884 2552 poste-

2346 2575 2623 2657 rioris,
2660 2597 2834 2667 quoe
2881 2596 3040 2646 non
3093 2575 3618 2648 inveniuntur
3678 2576 3759 2647 in
3795 2597 3885 2647 eo

2345 2693 2498 2765 nisi
2535 2693 2632 2764 ab
2656 2693 2950 2764 anima.

2438 2811 2699 2904 Hujus
2736 2810 3143 2902 opinionis
3187 2808 3339 2884 fuit
3382 2811 3681 2884 Beatus
3744 2812 3888 2884 Au-

2347 2928 2751 3017 gustinus,
2802 2929 2884 2999 ut
2932 2929 3151 3018 patet
3198 2926 3275 2998 in
3332 2925 3461 2996 lib.
3526 2930 3632 2998 11.
3697 2930 3889 2999 Con·

2346 3044 2817 3124 sessionum,
2854 3063 3025 3135 cap.
3064 3047 3171 3115 13.
3209 3047 3290 3115 et
3341 3064 3557 3135 seqq.
3606 3042 3737 3114 ubi
3789 3041 3889 3114 di-

2343 3162 2608 3233 versis
2687 3160 2889 3233 locis
2957 3180 3342 3253 expresse
3408 3158 3610 3240 vult,
3687 3160 3890 3252 quod

2349 3286 2667 3374 tempus
2755 3281 2862 3353 sit
2952 3283 3028 3353 in
3143 3280 3440 3361 anima,
3546 3281 3625 3350 et
3689 3278 3893 3371 quod

2347 3403 2665 3489 tempus
2711 3398 3081 3488 sequitur
3127 3401 3465 3477 motum,
3503 3400 3892 3487 tanquam

2351 3534 2731 3586 mensura
2772 3513 2972 3605 ejus.
3038 3516 3218 3585 Non
3279 3512 3595 3605 quidem
3639 3513 3893 3604 sequi-

2346 3635 2483 3703 tur
2528 3637 2835 3706 motum
2888 3632 3426 3712 extrinsecus,
3476 3635 3561 3703 ut
3621 3630 3896 3702 imme-

2348 3748 2653 3820 diatum
2701 3752 3292 3828 mensuratum,
3359 3746 3490 3817 sed
3555 3750 3892 3825 motum,

2352 3864 2520 3935 sive
2544 3867 3025 3955 conceptum
3050 3862 3382 3934 animae:
3417 3866 3506 3935 ut
3530 3865 3746 3953 patet
3788 3864 3893 3932 11.

2350 3980 2996 4060 Confessionuni,
3043 3998 3216 4071 cap.
3258 3980 3368 4049 28.
3409 3978 3539 4050 ubi
3579 3978 3903 4049 videtur

2349 4099 2579 4179 velle,
2629 4098 2831 4189 quod
2877 4102 3192 4188 tempus
3233 4094 3435 4167 nihil
3488 4095 3703 4168 aliud
3752 4094 3895 4173 sit,

2351 4235 2588 4305 quam
2670 4215 3108 4304 conceptus
3200 4210 3685 4293 intellectuS,
3774 4209 3903 4281 vel

2350 4330 2756 4402 transitus
2804 4346 3078 4399 rerum
3146 4326 3901 4419 pertranseuntium

2355 4447 2593 4518 simul
2634 4466 2963 4518 manens
2989 4445 3067 4517 in
3094 4444 3389 4516 anima.
3427 4444 3623 4518 Vult
3654 4443 3904 4517 etiam

2356 4563 2559 4656 quod
2595 4568 2914 4655 tempus
2946 4567 3250 4649 futurum
3283 4560 3485 4634 nihil
3522 4560 3729 4632 aliud
3759 4560 3900 4639 sit,

2356 4701 2594 4773 quam
2639 4679 3012 4759 actualis,
3058 4682 3139 4752 et
3178 4698 3537 4771 praesens
3572 4696 3905 4768 concep-

2356 4803 2486 4870 tus
2550 4798 2625 4869 in
2704 4797 2975 4868 anima¹
3046 4795 3479 4867 secundum
3539 4796 3907 4886 expecta-

2357 4915 2658 4988 tionem
2704 4911 3051 5003 alieujus
3097 4911 3637 5002 praetcreundi
3692 4910 3764 4981 in
3815 4929 3903 4979 re

2358 5037 2619 5104 extra.
2686 5032 3108 5097 [Ji-(eternum
3189 5025 3389 5098 nihil
3450 5025 3662 5097 aliud
3745 5027 3898 5103 est,

2360 5168 2597 5240 quam
2652 5166 3030 5238 persons,
3070 5147 3146 5215 et
3188 5143 3542 5216 actualis
3577 5160 3903 5231 concep-

2360 5270 2490 5335 tus
2553 5261 2981 5334 secundum
3060 5259 3710 5332 recordationem
3760 5254 3904 5327 ali-

2360 5380 2588 5468 cujus
2625 5379 2797 5469 jam
2848 5375 3326 5469 pertransiti
3374 5376 3454 5446 in
3515 5396 3601 5447 re
3643 5376 3897 5448 extra.

2360 5500 2664 5564 Proesens
2724 5494 2923 5566 nihil
2958 5494 3171 5566 aliud
3214 5496 3364 5571 est,
3416 5511 3660 5584 quam
3712 5508 3905 5581 prae-

2364 5635 2572 5694 sens,
2610 5617 2687 5683 et
2732 5610 3081 5685 actualis
3124 5614 3567 5703 conceptus
3620 5609 3699 5681 in
3741 5604 3905 5677 ani-
