4252 6393
1864 412 2225 490 QuAEsno
2270 412 2344 478 ιιι
2807 386 2814 391 ’
3601 416 3720 479 295
4057 411 4074 497 2

523 560 705 641 tens
746 590 931 651 una,
976 573 1243 661 potest
1291 572 1552 643 multa
1628 574 1707 643 et
1751 574 2075 666 opposi-

521 689 633 767 ta,
678 685 832 759 hoc
863 707 1024 759 non
1058 692 1324 780 potest
1361 708 1508 780 per
1545 710 1791 761 unum
1824 690 2072 762 etiam

518 803 728 875 velle
766 828 780 871 τ
818 825 979 875 non
1011 803 1224 875 enim
1264 826 1408 898 per
1444 804 1767 878 unicum
1802 810 2073 878 actum

517 920 969 992 voluntatis
1017 942 1295 1014 posses
1338 926 1417 994 tc
1459 922 1666 993 velle
1727 944 1903 993 esse
1957 923 2071 994 al-

518 1036 709 1109 bum
771 1039 849 1109 et
883 1058 1043 1109 non
1075 1060 1255 1110 esse
1281 1038 1577 1119 album,
1620 1058 1764 1110 nec
1799 1037 2065 1119 simul,

518 1153 647 1225 vel
705 1153 1059 1235 divisim,
1118 1156 1251 1227 scd
1315 1176 1462 1247 per
1515 1155 1789 1247 plures
1837 1158 2068 1227 actus

519 1269 1009 1351 voluntatis;
1067 1271 1216 1343 hoc
1258 1275 1534 1344 tamen
1588 1293 1870 1363 posses
1926 1292 2069 1363 per

524 1406 768 1458 unam
813 1387 1293 1479 potentiam.

613 1506 1048 1577 Credentes
1085 1504 1341 1595 igitur
1365 1504 1641 1596 aliqui,
1671 1504 2067 1595 imagina-

520 1621 831 1692 tionem
890 1624 1345 1711 sequentes‚
1403 1622 1607 1713 quod
1663 1621 1776 1694 ita
1828 1621 1931 1692 sit
1986 1621 2066 1693 in

516 1739 710 1817 Deo,
756 1757 900 1810 nec
948 1741 1281 1829 possunt
1316 1738 1611 1820 videre,
1653 1737 1814 1809 imo
1865 1759 2065 1809 nun-

521 1872 760 1946 quam
836 1854 1238 1935 videbunt,
1312 1854 1469 1925 nisi
1550 1853 2064 1943 imaginatio-

517 1991 703 2042 nem
753 1971 1182 2063 deponant,
1241 1969 1641 2060 quomodo
1727 1970 1940 2041 Deus
1994 1967 2060 2039 si

519 2086 669 2159 hoc
727 2087 901 2159 vult
959 2086 1134 2168 tali,
1194 2085 1323 2158 vel
1381 2085 1529 2158 tali
1603 2086 1835 2157 modo
1885 2106 2062 2156 esse

520 2223 664 2295 per
743 2207 1015 2276 actum
1094 2202 1570 2281 voluntatis,
1663 2202 2062 2292 quomodo

520 2323 791 2412 potest
816 2320 1023 2393 velle
1053 2319 1246 2392 illud
1280 2339 1439 2390 non
1472 2340 1675 2399 esse,
1712 2316 1870 2390 nisi
1921 2338 2064 2409 per

517 2435 769 2508 alium
813 2441 1085 2510 actum
1129 2436 1636 2510 voluntatis?
1683 2435 1883 2517 Quia
1918 2455 2063 2527 per

517 2554 749 2626 illum
792 2557 1091 2636 actum,
1167 2575 1321 2646 quo
1364 2554 1536 2627 vult
1614 2572 1786 2625 rem
1853 2572 2056 2633 esse,

516 2692 677 2745 non
715 2672 1037 2744 videtur
1097 2671 1241 2753 eis,
1318 2672 1524 2763 quod
1585 2668 1843 2763 possit
1916 2691 2061 2763 per

514 2790 883 2862 eumdem
920 2787 1129 2862 velle
1170 2788 1365 2862 illud
1406 2808 1563 2860 non
1613 2809 1815 2868 esse,
1874 2788 2059 2878 quia

511 2910 704 2980 tunc
748 2905 953 2978 idem
995 2910 1212 2979 esset
1256 2907 1335 2979 in
1384 2908 1577 2987 Deo,
1622 2905 1830 2977 velle
1885 2926 2056 2977 rem

510 3044 690 3096 esse
748 3027 830 3096 et
927 3024 1132 3096 velle
1175 3044 1333 3095 non
1394 3043 1597 3103 esse,
1654 3022 1780 3093 vel
1844 3021 2057 3093 nolle

512 3162 725 3222 esse;
782 3144 863 3213 et
904 3140 1112 3212 velle
1184 3142 1264 3212 et
1309 3140 1549 3222 nolle,
1605 3142 1682 3212 et
1729 3137 1841 3210 sic
1877 3158 2056 3210 con-

509 3256 999 3329 tradictoria
1058 3258 1328 3328 essent
1386 3256 1614 3328 idem.
1682 3258 1745 3326 A
1808 3254 2056 3326 simili

511 3396 673 3448 non
735 3372 1092 3466 capiunt,
1162 3375 1557 3465 quomodo
1627 3374 1842 3445 Deus
1914 3392 2057 3464 per

509 3490 742 3561 illum
785 3491 1058 3560 actum
1092 3484 1437 3566 volendi,
1486 3507 1640 3577 quo
1682 3506 1841 3557 non
1882 3487 2054 3557 vult

507 3607 740 3680 hodie
781 3606 934 3677 hoc
973 3626 1177 3685 esse,
1224 3604 1356 3674 sed
1390 3623 1602 3684 cras,
1642 3623 1786 3696 per
1828 3603 2056 3675 illum

505 3723 875 3797 eumdem
923 3720 1098 3793 vult
1151 3740 1337 3792 cras
1392 3719 1584 3792 illud
1634 3741 1813 3791 esse
1868 3744 1882 3787 ε
1928 3720 2056 3790 vel

505 3839 910 3932 quomodo
948 3838 1165 3918 illud,
1197 3839 1405 3929 quod
1436 3837 1609 3910 vult
1632 3858 1815 3909 cras
1850 3858 2051 3918 esse,

502 3962 586 4030 et
624 3977 782 4028 non
826 3958 1038 4036 ante,
1087 3957 1356 4047 potest
1399 3954 1604 4026 velle
1649 3958 1835 4026 ante
1877 3976 2056 4025 esso

505 4075 683 4148 sine
745 4093 955 4144 novo
997 4072 1229 4144 velle.
1278 4074 1375 4143 Et
1420 4072 1618 4153 ideo,
1678 4072 1861 4163 quia
1906 4071 2057 4143 sci-

499 4194 801 4264 verunt
848 4190 1204 4282 primum
1246 4209 1422 4260 esse
1460 4187 1784 4259 omnino
1820 4189 2057 4259 aeter-

504 4329 703 4381 num
771 4310 850 4378 et
895 4304 1420 4385 immutabile,
1465 4325 1624 4376 non
1690 4306 2056 4396 potentes

504 4425 807 4504 videre,
884 4421 1278 4514 quomodo
1352 4421 1545 4493 illud
1616 4422 1822 4513 quod
1921 4420 2057 4492 ali-

507 4542 825 4636 quando
881 4537 1142 4612 noluit
1186 4559 1388 4620 esse,
1446 4560 1655 4611 nunc
1705 4539 1795 4610 de
1845 4561 2053 4612 novo

504 4656 705 4729 velit
747 4676 927 4727 esse
994 4653 1167 4725 sine
1236 4653 1710 4734 mutatione,
1770 4675 2055 4745 posue-

504 4776 699 4845 runt
737 4770 1009 4843 omnia
1051 4790 1097 4841 a
1157 4773 1321 4842 Deo
1368 4770 1831 4842 immediate
1875 4792 2057 4862 pro-

500 4889 768 4969 ducta,
797 4907 976 4958 esse
1004 4891 1336 4967 aeterna,
1388 4889 1474 4957 ut
1506 4889 1723 4977 patet
1744 4887 1835 4958 de
1870 4887 2057 4958 Avi-

500 5025 761 5080 cenna
792 5008 859 5077 9.
907 5006 1278 5093 Melaplzys.
1327 5027 1474 5091 cap.
1524 5005 1584 5074 4.
1622 5005 1698 5073 et
1744 5003 2058 5076 Aristo·

496 5121 650 5196 teli
685 5120 836 5193 hoc
876 5118 1354 5211 imponitur,
1409 5121 1486 5188 et
1526 5119 1694 5209 ipse
1742 5120 2056 5209 quidem

495 5239 824 5312 videtur
855 5236 1009 5307 hoc
1043 5233 1568 5305 intellexisse.
1606 5234 1838 5305 Tales
1873 5238 2058 5307 sunt

499 5355 782 5449 aliqui,
853 5352 988 5446 qui
1064 5350 1624 5441 imaginantur
1705 5350 2060 5421 animam

501 5472 1031 5550 rationalem,
1063 5465 1291 5559 quasi
1320 5468 1709 5559 quoddam
1735 5488 2058 5559 corpus,

496 5593 627 5667 vel
671 5591 1097 5688 punctum,
1144 5604 1306 5656 non
1349 5585 1577 5678 quasi
1624 5605 1793 5657 rem
1838 5583 2066 5658 intol-

2186 576 2618 650 lcctualem
2671 582 2749 651 et
2805 579 3362 671 spiritualem;
3419 582 3497 652 et
3544 579 3731 671 quia

2187 693 2268 765 in
2310 716 2659 788 corpore
2725 701 2802 770 ct
2839 702 3134 791 puncto
3176 699 3470 778 vident,
3528 698 3732 790 qnod

2188 811 2430 884 simul
2494 835 2654 885 non
2715 819 3052 907 possunt
3114 837 3292 888 esse
3334 816 3415 887 in
3476 813 3731 906 pluri-

2185 927 2355 1007 bus,
2413 951 2570 1002 non
2623 932 2952 1023 capiunt
3008 932 3404 1025 quomodo
3455 929 3728 1002 anima

2181 1047 2361 1117 tota
2405 1046 2646 1118 simul
2693 1052 2961 1140 potest
3001 1070 3180 1121 esse
3234 1049 3313 1120 in
3355 1046 3726 1141 pluribus

2185 1162 2555 1254 partibus
2587 1166 2989 1258 corporis.
3031 1166 3177 1240 Isti
3215 1169 3425 1247 sunt,
3466 1163 3728 1257 quidi-

2179 1277 2455 1351 vinum
2490 1281 2697 1353 velle
2733 1282 3290 1372 imaginantur
3317 1284 3407 1353 ut
3442 1301 3722 1353 suum:

2182 1394 2318 1469 isti
2365 1400 2576 1478 sunt,
2621 1398 2712 1470 de
2757 1399 3041 1490 quibus
3074 1397 3266 1471 dicit
3308 1402 3725 1471 Commen-

2180 1514 2406 1584 tator
2448 1535 2694 1606 Super·
2724 1517 2791 1587 Ξ.
2827 1517 3193 1603 Metapltys.
3231 1538 3376 1603 cap.
3421 1517 3486 1584 3.
3534 1517 3726 1581 Com-

2179 1643 2394 1696 mento
2436 1633 2542 1701 13.
2594 1631 2670 1702 in
2707 1630 2989 1723 quibus
3024 1630 3292 1701 virtus
3334 1628 3725 1719 imagina-

2177 1743 2347 1815 tiva
2387 1745 2856 1817 dominatur
2898 1767 3144 1838 super
3197 1766 3428 1818 suam
3471 1743 3724 1816 virtu-

2175 1862 2340 1932 tem
2376 1861 2987 1943 intellectivam,
3044 1867 3121 1934 et
3146 1864 3347 1945 ide0,
3384 1864 3470 1933 ut
3501 1858 3718 1942 dicit,

2173 1976 2534 2050 videmus
2564 1979 2765 2051 istos
2801 2001 2962 2053 non
2994 1980 3322 2052 credere
3354 1978 3722 2049 demons-

2176 2095 2696 2177 trationibus,
2741 2096 2899 2169 nisi
2943 2094 3426 2187 imaginatio
3470 2093 3719 2165 comi-

2174 2212 2398 2282 tetur
2465 2233 2604 2284 eos
2662 2238 2675 2281 :
2747 2234 2907 2284 non
2977 2214 3319 2306 possunt
3391 2210 3717 2283 credere

2178 2327 2500 2417 plenum
2545 2349 2702 2401 non
2734 2352 2911 2402 esse
2948 2332 3135 2401 ante
3166 2348 3538 2409 vacuum,
3576 2328 3716 2399 aut

2176 2449 2495 2536 tempus
2554 2450 2795 2519 extra
2849 2448 3256 2527 mundum,
3332 2465 3476 2515 nec
3539 2464 3718 2536 pos-

2177 2565 2365 2635 sunt
2432 2565 2760 2636 credere
2822 2562 3179 2655 aliquam
3246 2564 3718 2635 creaturam

2175 2675 2747 2772 incorpoream
2811 2705 2826 2750 ε
2909 2679 3111 2751 unde
3187 2679 3394 2750 tales
3479 2674 3715 2749 multi

2175 2799 2387 2876 sunt,
2433 2799 2511 2868 et
2557 2795 2845 2889 optimi
2887 2796 3090 2869 fiunt
3125 2793 3710 2876 Mathematici,

2175 2912 2306 2982 sed
2342 2911 2673 3002 pessimi
2718 2909 3282 3004 Metaphysici.

2263 3030 2408 3101 Est
2467 3029 2718 3102 etiam
2773 3029 2934 3100 alia
3000 3027 3470 3110 difficultas,
3526 3028 3715 3119 quia
3864 3041 3949 3094 ¹6.
3995 3105 4006 3117 ‚

2172 3161 2354 3213 cum
2431 3145 2644 3216 Deus
2703 3144 3237 3218 determinate
3296 3142 3493 3217 velit
3561 3142 3715 3218 hoc
3741 3106 4066 3242 {ffevssissssi

2170 3279 2372 3341 esse,
2417 3264 2495 3333 et
2533 3261 2646 3332 sic
2697 3262 2794 3332 ab
2835 3266 3143 3336 aeterno
3187 3261 3708 3354 disposuerit,
3741 3245 4064 3343 mZZZ-²522

2173 3379 2569 3466 quomodo
2631 3376 2801 3448 sine
2846 3378 3296 3453 mutatione
3346 3357 4064 3468 determi-·22‘,‘,''„·{',²²d',·',?,3

2170 3491 2552 3573 nationis,
2626 3498 2706 3566 ct
2782 3493 3367 3585 dispositionis,
3446 3496 3714 3587 potest
3851 3493 3945 3528 Μ·

2170 3607 2377 3678 velle
2429 3607 2622 3680 illud
2689 3629 2847 3680 non
2909 3631 3112 3690 esse,
3158 3610 3284 3681 vel
3353 3611 3444 3682 de
3503 3631 3713 3682 novo

2171 3728 2397 3795 esse?
2425 3726 2522 3795 Et
2550 3724 2721 3796 ideo
2747 3726 2841 3796 ad
2876 3723 3483 3816 intelligendam
3509 3725 3715 3799 hanc

2169 3838 2755 3922 difficultatem,
2785 3863 2958 3932 quae
2989 3841 3209 3915 tollit
3276 3846 3355 3916 et
3387 3841 3719 3934 impedit

2169 3956 2630 4038 veritatem,
2685 3958 2953 4049 primo
3007 3960 3193 4030 volo
3265 3959 3711 4040 ostendere,

2173 4074 2377 4164 quod
2409 4073 2793 4146 voluntas
2836 4074 2978 4147 Dei
3023 4077 3145 4146 est
3183 4095 3506 4176 semper
3537 4095 3718 4147 con-

2163 4190 2448 4283 juncta
2517 4211 2663 4262 suo
2736 4191 2977 4263 actui.
3053 4191 3436 4274 Secund0‚
3512 4191 3716 4283 quod

2172 4310 2401 4380 actus
2445 4327 2649 4379 unus
2689 4308 3004 4381 volendi
3047 4310 3171 4380 est
3215 4308 3422 4382 tanti
3465 4308 3718 4380 ambi-

2172 4428 2303 4497 tus
2350 4428 2719 4514 respectu
2793 4424 3222 4495 amborum
3303 4424 3718 4517 opposito-

2172 4559 2380 4621 rum,
2419 4542 2498 4611 et
2541 4544 2912 4631 respectu
2958 4540 3316 4612 omnium
3354 4541 3717 4634 partium

2172 4654 2593 4748 temporis,
2642 4656 2848 4728 sicut
2891 4656 3068 4749 ipsa
3112 4657 3477 4750 potentia
3514 4651 3720 4730 'voli-

2172 4772 2364 4853 tiva,
2407 4775 2492 4844 ut
2527 4792 2672 4864 por
2701 4773 3065 4843 eumdem
3098 4777 3370 4845 actum
3403 4774 3719 4846 volendi

2171 4886 2364 4959 velit
2407 4891 2485 4958 te
2527 4908 2730 4969 esse,
2781 4892 2860 4961 et
2907 4887 3166 4979 possit
3204 4891 3285 4960 te
3318 4888 3525 4961 velle
3557 4909 3719 4961 non

2171 5002 2555 5084 esse;,vel
2591 5003 2824 5075 hodie
2865 5025 3068 5086 esse,
3106 5009 3187 5078 et
3220 5004 3479 5096 possit
3513 5006 3720 5077 velle

2175 5123 2251 5190 te
2275 5123 2485 5199 ante,
2516 5118 2642 5190 vel
2689 5121 2871 5211 post
2921 5120 3456 5203 esse.Tertio,
3512 5121 3719 5212 quod

2173 5236 2411 5315 Deus,
2456 5257 2601 5308 nec
2643 5237 2741 5307 ab
2782 5240 3121 5319 aeternO,
3177 5259 3322 5310 nec
3364 5257 3718 5330 unquam

2173 5352 2661 5425 determinat
2698 5377 2781 5426 se
2815 5355 2910 5426 ad
2942 5353 3244 5446 aliquid
3287 5355 3693 5447 producen

2174 5468 2384 5550 dum,
2476 5491 2620 5542 nec
2689 5470 3048 5562 aliqua-m
3108 5470 3723 5543 determinatio-

2176 5605 2360 5659 nem
2419 5585 2655 5661 habet
2720 5591 3092 5683 respectu
3164 5587 3509 5682 alicujus
3572 5587 3716 5673 rci,
