4252 6393
753 418 871 479 210

748 599 834 649 re
894 583 1275 653 contento
1329 580 1409 651 in
1461 579 1662 671 ipso,
1718 579 1844 649 vel
1897 579 1977 650 in
2030 583 2285 658 terra,

743 714 1093 784 quorum
1129 695 1643 768 solumdocet
1666 694 2174 787 experientia
2210 693 2290 765 in

740 811 1088 884 cumulis
1156 817 1234 885 et
1281 813 1512 904 aquis
1565 812 1787 885 circa
1818 832 2066 884 crura
2107 831 2287 903 cap-

743 928 1127 999 tivorum.
1167 931 1364 1001 Cum
1406 928 1620 1000 enim
1663 950 1912 1001 crura
1972 946 2288 1019 compe-

740 1043 1096 1127 ditorum
1155 1044 1379 1125 circa
1429 1043 1612 1117 loca
1660 1044 2031 1117 arctiora
2072 1065 2287 1116 com-

744 1161 959 1253 pedis
993 1160 1289 1253 ‚pannis
1323 1160 1697 1241 humidis,
1737 1160 1865 1231 vel
1899 1159 2083 1231 aliis
2119 1159 2286 1232 stil-

742 1278 1036 1351 licidiis
1072 1277 1418 1367 frigidis,
1464 1282 1543 1351 et
1572 1277 1922 1349 humidis
1966 1277 2286 1347 humec-

740 1400 1048 1474 tantur,
1148 1394 1312 1468 cito
1409 1398 1885 1486 putrescunt
1944 1418 1959 1474 ;
2038 1392 2287 1465 etiam

740 1512 1185 1586 existentes
1245 1512 1536 1602 frigide
1597 1512 1677 1584 in
1736 1511 2048 1602 hyeme.
2121 1512 2286 1581 Nec

744 1628 1035 1720 loquor
1097 1630 1189 1700 de
1258 1628 1822 1720 congelatione
1892 1626 2286 1698 membro-

744 1769 950 1829 rum,
987 1752 1066 1821 et
1102 1747 1740 1821 mortificatione
1774 1750 2116 1838 propter
2149 1744 2285 1816 fri-

739 1884 935 1955 gus;
984 1865 1116 1936 sed
1158 1870 1593 1957 antequam
1637 1864 1744 1936 sit
1786 1866 2103 1936 tantum
2149 1861 2285 1933 fri-

737 2000 911 2071 guS,
951 1980 1155 2071 quod
1190 1979 1695 2054 mortificare
1730 1977 2106 2058 sufficiat,
2145 1982 2286 2051 aut

735 2096 1199 2185 congelare.
1261 2094 1876 2187 Consequentiae
1932 2094 2283 2166 istorum

736 2216 1016 2304 patent
1050 2211 1129 2283 in
1163 2211 1469 2293 littera,
1508 2211 1696 2303 quia
1729 2210 1796 2282 si
1831 2209 2094 2280 solum
2141 2229 2285 2300 per

733 2328 1129 2409 accidenS,
1179 2312 1408 2400 modo
1442 2328 1700 2409 dieto;
1752 2327 2007 2417 igit-ur·
2040 2345 2281 2417 quan-

731 2444 829 2514 do
888 2447 1015 2516 est
1075 2444 1266 2515 talis
1340 2441 1716 2517 caliditas
1785 2441 2276 2522 extrinseca,

731 2558 998 2630 facilis
1031 2558 1421 2631 exhalare
1451 2558 1891 2639 humidum,
1927 2578 2071 2629 nec
2106 2556 2281 2627 sub-

732 2674 1038 2756 tilians,
1114 2680 1304 2749 tunc
1381 2695 1541 2746 non
1609 2675 1845 2747 fieret
1912 2674 2274 2754 effectus,

733 2797 929 2883 puta
1010 2792 1534 2885 putrefactio,
1610 2791 1798 2882 quia
1864 2790 2280 2862 deficiente

730 2928 980 2979 causa
1037 2909 1353 2981 deficiet
1412 2913 1492 2981 et
1550 2907 1910 2980 effectus.
1976 2906 2279 2980 Confir-

732 3028 1007 3098 matur
1048 3025 1524 3099 antecedens
1570 3022 2043 3117 principale,
2092 3024 2279 3115 quia

730 3141 797 3213 si
865 3142 1095 3215 calor
1162 3147 1444 3233 ageret
1515 3141 1595 3213 in
1652 3142 2036 3220 calorem,
2102 3162 2276 3214 cor·

729 3260 1173 3358 rumpendo
1260 3260 1864 3340 humiditatem,
1954 3259 2082 3330 vel
2169 3260 2277 3330 sa-

731 3375 1012 3448 ciendo
1057 3376 1444 3449 exhalare
1487 3378 1876 3458 calorem,
1927 3381 2114 3449 tunc
2163 3398 2277 3448 re·

733 3513 1065 3564 manens
1102 3493 1451 3566 materia
1487 3498 1758 3566 manet
1794 3494 2036 3574 sicca,
2072 3498 2153 3566 et
2196 3493 2276 3564 in

729 3609 970 3681 siccis
1030 3610 1333 3701 optime
1396 3614 1939 3683 conservatur
2015 3610 2272 3692 calor,

727 3731 806 3797 et
874 3744 1035 3796 non
1104 3724 1706 3817 corrumpitur,
1780 3745 1922 3796 nec
2005 3730 2271 3816 putre-

705 3843 924 3914 fiunt
966 3840 1182 3912 sicca
1248 3846 1327 3913 et
1359 3840 1644 3922 calida,
1683 3839 1892 3913 sicut
1928 3845 2148 3934 patet
2180 3842 2273 3914 de

724 3957 931 4046 igne,
998 3958 1131 4047 qui
1193 3962 1316 4030 est
1378 3956 1952 4036 calidissimus,
1999 3961 2078 4031 et
2124 3959 2268 4031 sic·

719 4093 887 4153 cuS,
924 4076 1004 4145 et
1038 4072 1810 4164 imputrefactibilis‚
1852 4077 1937 4145 ut
1969 4073 2271 4147 dieitur

723 4187 799 4258 in
844 4188 1072 4260 litter
1078 4209 1148 4258 a.

810 4304 1194 4385 SecundO,
1230 4304 1568 4376 adaliud
1609 4305 2079 4398 principale.
2122 4310 2264 4378 Pu·

377 4375 683 4457 Secundum
718 4418 1105 4491 tPCfaCth
1150 4438 1294 4490 HOC
1348 4423 1496 4500 est,
1561 4440 1703 4492 nec
1758 4427 2026 4513 potest
2084 4445 2264 4494 eSSO

716 4539 947 4608 actus
985 4535 1305 4627 speciei,
1353 4536 1481 4606 vel
1518 4556 1768 4626 gener
1780 4538 1842 4608 is
1882 4541 2260 4612 mutatio-

713 4651 871 4731 nis;
908 4655 987 4724 et
1020 4671 1179 4723 non
1211 4657 1358 4733 est,
1396 4672 1540 4724 nec
1586 4657 1856 4744 potest
1887 4676 2064 4726 esse
2098 4677 2259 4727 non

710 4768 1094 4847 mutatio;
1174 4767 1429 4857 igitur
1496 4789 1658 4839 non
1725 4773 1849 4841 est
1923 4772 2255 4862 possibi-

705 4884 829 4955 lis.
887 4885 1482 4976 Consequentia
1526 4890 1767 4964 tenet,
1818 4888 2004 4978 quia
2049 4890 2255 4980 quod

703 5022 862 5073 non
905 5006 1027 5074 est
1077 5002 1425 5093 alicujus
1480 5003 1775 5095 speciei
1822 5009 2116 5084 motus,
2173 5011 2253 5081 et

1925 420 2066 481 ΜΒ.
2118 419 2215 480 lV.
2265 414 2805 483 METEORORUM

2404 579 2518 652 tio
2570 584 2840 652 motus
2883 581 3201 662 localis,
3261 581 3450 673 quia
3500 602 3645 673 per
3697 580 3927 652 istum

2405 693 2841 785 impeditur
2929 701 3288 787 putrere,
3352 698 3563 769 sicut
3636 695 3927 769 dicitur

2404 810 2483 882 in
2544 810 2849 884 littera.
2907 815 3007 887 Et
3068 816 3290 905 patet
3348 814 3439 884 de
3490 813 3722 905 aquis
3763 834 3929 885 cur-

2402 928 2769 1001 rentibus
2845 928 3280 1009 velociter,
3378 950 3554 1021 quae
3631 928 3934 1002 tardius

2402 1046 2847 1135 putrefiunt
2912 1044 3535 1136 quiescentibus,
3578 1045 3708 1117 vel
3756 1064 3935 1116 nun-

2401 1181 2640 1252 quam
2676 1162 3145 1255 putrefiunt.

2507 1277 2672 1348 Nec
2768 1282 2893 1352 est
2990 1282 3260 1350 motus
3357 1276 3932 1367 generationis,

2402 1392 2590 1483 quia
2630 1393 2932 1467 dicitur
2994 1394 3074 1465 in
3126 1393 3435 1473 littera,
3500 1397 3589 1466 ut
3650 1392 3935 1482 allega-

2401 1513 2575 1581 tum
2608 1492 2733 1584 est
2776 1509 3031 1603 prius,
3081 1509 3286 1601 quod
3327 1511 3454 1581 est
3488 1506 3936 1599 corruptio,

2398 1629 2478 1698 et
2542 1626 2971 1719 productio
3032 1625 3535 1707 substantiae,
3596 1624 3725 1697 vel
3787 1644 3942 1694 mu·

2398 1743 2607 1815 tatio
2654 1743 3332 1824 substantiarum,
3394 1761 3738 1833 quarum
3791 1760 3947 1811 non

2398 1863 2523 1932 est
2572 1858 3091 1952 putrefactio,
3143 1858 3349 1931 alias
3403 1857 3667 1929 omnis
3718 1877 3945 1946 gene-

2401 1976 2616 2049 ratio
2649 1982 2865 2050 esset
2898 1976 3419 2069 putrefactio,
3448 1980 3528 2049 et
3555 1995 3790 2047 omne
3823 1994 3945 2066 ge-

2398 2098 2778 2167 neratum
2850 2094 3437 2186 putrefactum,
3509 2092 3633 2163 vel
3696 2092 3948 2185 putri-

2396 2210 2607 2291 dum,
2637 2211 2843 2302 quod
2876 2210 3147 2282 nullus
3179 2212 3709 2281 demonstret.
3750 2212 3947 2282 Con-

2398 2327 2818 2418 sequentia
2887 2332 3132 2409 tenet,
3208 2326 3396 2418 quia
3462 2346 3621 2398 non
3685 2325 3951 2415 magis

2394 2464 2553 2515 una
2586 2444 3011 2535 generatio
3082 2462 3319 2535 quam
3355 2443 3543 2523 alia,
3579 2446 3659 2515 et
3696 2441 3775 2513 in
3819 2461 3953 2513 na·

2396 2559 2649 2633 turali
2684 2560 3033 2633 materia
3071 2560 3275 2632 idem
3305 2562 3431 2632 est
3475 2556 3957 2630 universali-

2394 2678 2524 2747 ter
2592 2680 2672 2748 et
2742 2673 3371 2767 particulariter
3442 2670 3787 2753 referre,
3866 2675 3954 2743 ut

2393 2789 2633 2864 habet
2678 2790 2933 2863 videri
2978 2790 3204 2862 circa
3251 2792 3316 2860 2.
3373 2791 3946 2857 Perihermenias.

2484 2910 2648 2980 Nec
2720 2908 3215 3001 putrefactio
3286 2911 3410 2981 est
3476 2905 3946 2999 corruptio,

2395 3024 2584 3116 quia
2645 3025 3033 3099 similiter
3083 3025 3493 3115 arguitur,
3546 3024 3761 3097 sieut
3825 3042 3955 3094 ar·

2393 3141 2676 3232 guitur
2724 3142 2930 3235 quod
2981 3161 3142 3213 non
3203 3140 3310 3215 sit
3358 3140 3817 3232 generatio,
3875 3144 3957 3213 et

2392 3280 2491 3330 ex
2561 3259 2725 3330 alio
2788 3260 3072 3340 latere,
3139 3259 3326 3350 quia
3387 3258 3456 3330 si
3512 3258 3961 3350 corruptio

2392 3373 2630 3445 unius
2674 3378 2799 3447 est
2850 3374 3276 3464 generatio
3323 3372 3697 3453 alterius,
3745 3398 3838 3442 ex
3888 3375 3956 3444 1.

2390 3495 2473 3560 de
2516 3494 2992 3572 Generacione,·
3048 3490 3303 3580 igitur
3342 3495 3558 3562 esset
3606 3509 3956 3580 genera-

2390 3608 2534 3688 tio,
2611 3607 2817 3699 quod
2861 3606 3414 3698 improbatum
3473 3610 3623 3679 est.
3689 3609 3802 3679 Et
3854 3627 3957 3677 ex

2389 3725 2578 3805 alio,
2620 3723 2807 3815 quia
2860 3723 2931 3794 si
2979 3726 3197 3794 esset
3240 3722 3699 3813 corruptio,
3754 3727 3957 3795 tune

2391 3841 2744 3914 maxime
2777 3842 2992 3911 esset
3028 3838 3458 3931 corruptio
3490 3837 3959 3912 caliditatis

2380 3959 2747 4051 *propriae
2794 3958 2872 4030 in
2905 3958 3232 4031 humido
3278 3956 3616 4049 proprio
3659 3975 3710 4026 a
3756 3953 3961 4027 eali-

2382 4077 2636 4149 ‹litate
2695 4076 2985 4148 aliena.
3053 4078 3284 4148 Patet
3352 4073 3961 4165 consequentia

2384 4215 2480 4264 ex
2513 4193 2978 4266 definitione
3013 4193 3214 4290 ejus.
3264 4192 3619 4266 Falsitas
3661 4211 3965 4264 conse—

2386 4310 2707 4399 quentis
2744 4314 2991 4402 patet,
3042 4309 3232 4400 quia
3275 4308 3708 4402 proprium
3753 4306 3959 4381 dici-

2384 4429 2521 4497 tur
2568 4426 3111 4518 inseparabile
3161 4447 3305 4518 per
3351 4424 3959 4518 Porphyrium,

2378 4562 2580 4631 ergo
2630 4542 2699 4613 si
2748 4542 3190 4615 caliditatis
3239 4542 3625 4635 propriae;
3676 4541 3963 4631 igitur

2377 4658 2752 4731 caliditas
2800 4658 3138 4751 propria
3169 4662 3295 4733 est
3331 4657 3959 4750 inseparabilis,

2375 4778 2458 4847 et
2494 4774 3170 4866 incorruptibilis.
3213 4777 3315 4847 Et
3345 4796 3443 4845 ex
3487 4772 3676 4854 alio,
3746 4774 3959 4865 quia

2376 4890 2444 4962 si
2486 4891 2863 4965 caliditas
2918 4891 3254 4984 propria
3308 4889 3749 4983 proprium
3807 4889 3958 4961 hu-

2374 5007 2674 5078 midum
2710 5007 3147 5090 consumit,
3184 5013 3265 5081 et
3301 5008 3378 5079 in
3414 5007 3675 5099 ipsum
3717 5008 3953 5098 agit;

2371 5123 2628 5212 igitur
2662 5123 2811 5195 sibi
2845 5124 3437 5205 contrariatur,
3485 5121 3672 5214 quia
3708 5123 3959 5196 aetio

2369 5240 2632 5310 omnis
2694 5244 2819 5312 est
2884 5240 3096 5313 inter
3152 5239 3587 5312 dissimilia
3645 5243 3737 5312 et
3786 5241 3956 5312 dis-

2366 5361 2684 5447 parata,
2728 5357 3104 5430 videlicet
3167 5358 3386 5431 inter
3427 5356 3806 5430 formam
3867 5364 3957 5432 et

2365 5473 2825 5553 materiam,
2863 5499 2945 5540 ea:
2978 5477 3038 5544 1.
3076 5477 3156 5542 cle
3197 5476 3653 5542 Gener-aziam».
3696 5474 3954 5565 Ergo

2360 5609 2520 5661 non
2567 5595 3109 5664 conservatur
3142 5591 3220 5662 in
3267 5591 3615 5689 proprio
3646 5589 3954 5664 humi—

702 5122 1030 5210 oportet
1106 5140 1284 5190 esse
1364 5124 1674 5192 motum
1754 5142 1801 5192 a
1871 5123 2245 5203 materia,

694 5255 855 5305 non
885 5238 1010 5306 est
1053 5235 1439 5326 possibile
1482 5257 1683 5315 esse,
1732 5238 1942 5311 sicut
1975 5238 2084 5309 nil
2120 5245 2249 5312 est

691 5351 1020 5430 animal,
1071 5353 1278 5441 quod
1325 5372 1484 5423 non
1519 5357 1642 5424 est
1677 5352 2024 5443 alicujus
2071 5376 2240 5446 spe-

688 5467 839 5537 ciei
910 5466 1379 5538 animantis.
1449 5468 1592 5539 Sed
1656 5471 2253 5559 consequentia-

689 5582 1110 5673 probatur,
1160 5603 1316 5653 non
1369 5582 1585 5654 enim
1646 5590 1769 5657 est
1834 5587 2237 5676 putrefac-
