4252 6393
259 906 533 959 Crescente

283 984 368 1016 ma
373 966 554 1031 quita·

279 1032 426 1088 cline,
448 1039 523 1076 an

307 1098 514 1142 crescat

298 1157 422 1231 ejus
441 1155 555 1218 effi-

285 1219 484 1268 menti-1
511 1217 536 1264 t

386 2270 466 2323 32.

295 2336 549 2401 Applicat

281 2402 552 2450 rationem

280 2464 355 2512 od
382 2475 570 2525 propo-

333 2527 517 2583 situm,

289 2589 413 2638 vide
439 2601 559 2637 eum

316 2652 362 2701 1.
393 2653 444 2700 d.
473 2650 522 2699 8.

294 2723 482 2776 quoest.
512 2713 555 2762 1.

310 5226 541 5280 additio.

610 373 728 436 784

604 536 814 614 toto;
862 550 1061 622 ergo
1121 531 1201 603 in
1250 534 1428 604 toto
1479 535 1604 604 est
1659 530 1915 612 finita,
1967 530 2155 621 quia

606 649 1153 741 compositum
1195 671 1294 720 cx
1325 648 1579 721 finitis
1617 649 1695 720 in
1739 671 1823 721 sc
1865 653 1941 721 et
1985 650 2155 721 fini-

607 765 760 837 ties
805 764 1179 857 sumptiS,
1226 768 1350 837 cst
1389 764 1733 837 finitum.

703 884 1060 955 Secundo
1111 882 1277 954 sic:
1327 882 1513 975 quia
1560 881 1627 953 si
1664 881 2157 970 intelligitur

614 999 1086 1090 magnitudo
1121 1020 1516 1080 crescere,
1546 1004 1862 1071 crescet
1889 1003 2156 1091 poten-

610 1116 754 1198 tia,
789 1117 903 1189 sic
941 1116 1253 1190 scilicet
1289 1116 1493 1207 quod
1528 1116 1960 1187 secundum
1993 1115 2157 1187 effi-

613 1231 1030 1315 cientiam;
1072 1231 1327 1323 igitur
1361 1230 1586 1324 prius
1623 1230 1773 1304 fuit
1805 1231 2034 1304 finita
2076 1235 2156 1306 et

615 1369 940 1442 semper
998 1351 1146 1431 est,
1199 1348 1575 1439 quamdiu
1659 1347 2157 1438 intelligitur

616 1487 853 1559 posse
911 1484 1282 1538 crescere
1344 1464 1551 1556 quod
1621 1484 1944 1556 semper
2001 1467 2150 1545 est,

611 1584 798 1654 dum
831 1586 955 1654 est
999 1582 1076 1652 in
1115 1580 1664 1671 magnitudine
1697 1580 1958 1661 finita;
2009 1581 2158 1669 igi-

615 1703 752 1773 tur
794 1718 1205 1789 nunquam
1242 1697 1736 1788 intelligitur
1784 1698 2157 1791 impossi-

611 1815 798 1888 bilis
843 1835 1238 1896 crescere,
1276 1814 1433 1886 nisi
1477 1814 1584 1887 sit
1628 1814 1706 1885 in
1751 1815 2156 1905 magnitu-

607 1933 788 2005 dine
822 1931 1160 2013 infinita,
1207 1936 1286 2005 et
1323 1931 1436 2003 ita
1468 1951 1612 2004 nec
1646 1930 1851 2003 alias
1887 1935 2012 2005 est
2047 1930 2158 2002 in-

610 2048 840 2122 finita
884 2048 1316 2120 secundum
1349 2045 1910 2127 efficientiam;
1955 2067 2157 2136 ergo

617 2188 758 2239 nec
795 2165 1232 2239 secundum
1278 2164 1843 2237 intensionem.

703 2284 848 2356 Sed
910 2281 1093 2374 quid
1173 2280 1268 2352 ad
1347 2280 1888 2373 propositum,
1955 2281 2160 2372 quod

627 2398 995 2491 potentia
1073 2394 1388 2468 infinita
1478 2396 1903 2477 intensive,
1999 2416 2160 2467 non

616 2515 1080 2589 extenditur
1133 2534 1274 2606 per
1332 2513 1723 2594 accidens,
1783 2513 1894 2585 ita
1955 2513 2161 2603 quod

623 2652 813 2726 pars
894 2632 999 2705 sit
1077 2631 1158 2702 in
1236 2632 1470 2721 parte
1549 2631 2157 2721 magnitudinis,

622 2747 1018 2838 quomodo
1112 2744 1298 2816 hinc
1387 2750 1869 2836 sequeretur
1956 2747 2161 2836 quod

620 2863 946 2934 omnino
1017 2881 1178 2933 non
1239 2862 1344 2936 sit
1407 2862 1486 2934 in
1556 2862 2159 2950 magnitudine?

621 2979 1048 3071 suppletur
1084 2977 1373 3051 ultima
1409 2978 1622 3052 ratio
1667 2978 1780 3051 sic
1819 3000 1833 3044 ε
1873 2980 2162 3051 Exten-

622 3095 742 3167 sio
786 3095 1144 3168 extendit
1195 3094 1525 3187 aliquid·
1558 3095 1762 3186 quod
1809 3098 1933 3166 est
1987 3095 2162 3167 sub·

611 3214 946 3303 jectum,
993 3217 1074 3287 ct
1104 3233 1263 3285 non
1309 3213 1534 3284 illam
1577 3212 2162 3305 perfectionem

620 3329 1048 3411 infinitam,
1085 3350 1228 3400 nec
1266 3328 1723 3408 materiam,
1754 3328 1986 3419 cujus
2021 3328 2161 3399 illa

619 3447 725 3519 sit
804 3445 1097 3528 forma,
1171 3446 1381 3518 sicut
1462 3445 1963 3519 intellectiva
2038 3448 2160 3516 est

619 3560 999 3655 corporis
1044 3587 1057 3630 :
1098 3561 1284 3652 quia
1349 3560 1486 3632 illa
1544 3559 1939 3652 perfectio
2002 3580 2162 3632 non

617 3682 742 3752 cst
804 3677 881 3750 in
946 3677 1319 3762 materia,
1382 3697 1479 3748 cx
1549 3677 1815 3769 prima
1883 3676 2158 3768 hujus;

618 3814 843 3885 crgo,
888 3799 1040 3867 etc.
1079 3794 1296 3866 Unde
1338 3799 1418 3867 et
1466 3796 1650 3865 ante
1697 3794 1937 3867 istam
1992 3815 2167 3887 pro·

617 3912 1051 3994 bationem,
1090 3912 1383 4004 probat
1420 3910 1960 4004 Philosophus
2004 3932 2162 3985 non

617 4048 796 4100 esse
828 4028 1004 4119 ejus
1042 4027 1474 4102 materiam
1510 4029 1616 4099 12.
1664 4029 1950 4117 Metaplz.
1998 4041 2159 4097 tearc.

617 4168 847 4213 comm.
883 4146 971 4217 30
1002 4147 1082 4216 et
1113 4143 1420 4217 virtute
1456 4142 1674 4215 illius
1717 4144 2165 4217 conclusio·

621 4261 748 4333 nis
794 4259 1099 4354 prioris
1133 4265 1212 4333 ct
1256 4260 1523 4344 istius,
1565 4261 1933 4352 sequitur
1980 4280 2166 4352 pro-

620 4377 978 4470 positum
1049 4376 1571 4449 sufficienter.
1638 4377 2164 4469 Propositum

626 4494 742 4567 sic
801 4494 1201 4587 probatur
1247 4491 1572 4563 brevius
1628 4517 1641 4559 :
1693 4492 2166 4583 Intelligere

619 4630 782 4684 non
848 4613 970 4682 est
1050 4610 1505 4703 subJectum
1570 4610 2071 4683 extensionis
2146 4635 2160 4678 :

626 4725 894 4818 prima
963 4727 1264 4796 natura
1334 4727 1459 4796 est
1535 4722 1999 4813 intelligere
2067 4743 2167 4795 ex

626 4846 859 4917 sexta
918 4840 1182 4931 hujus,
1237 4844 1314 4913 et
1384 4860 1543 4913 non
1609 4846 2025 4933 receptum
2088 4839 2167 4910 in

628 4957 1002 5042 materia,
1033 4977 1206 5049 quae
1251 4961 1517 5049 potest
1541 4957 1695 5029 dici
1727 4961 2027 5049 quanta
2071 4977 2170 5027 ex

629 5075 900 5170 prima
931 5074 1196 5167 lmJus.

718 5195 898 5272 Item,
939 5203 1258 5279 quantum
1289 5202 1381 5256 cst
1412 5191 1786 5271 divisibile,·
1812 5212 1967 5279 erqo
1994 5192 2175 5277 posi-

636 5320 702 5377 ta
732 5309 1087 5385 divisione,
1124 5309 1359 5373 saltem
1409 5308 1483 5372 in
1533 5308 1896 5387 intellectu,
1950 5328 2174 5394 qucero

1781 373 1885 435 DE
1928 373 2171 436 PRIMO
2218 371 2606 434 PRlNClPlO

2265 537 2326 600 si
2380 555 2515 599 non
2570 545 2887 618 utraque‚·
2939 552 3094 618 erqo
3149 551 3283 597 non
3338 531 3479 615 suit
3542 529 3817 611 infinita

2263 651 2609 737 perfectiO,
2648 651 2722 714 in
2751 669 3158 735 qimeumque
3186 659 3381 735 parte
3414 647 3655 733 quanti
3667 673 3692 726 ,·
3714 667 3817 710 er-

2266 789 2347 854 qo
2388 768 2533 854 ipsa
2562 768 2698 851 suit
2728 771 3003 832 emensa
3040 793 3060 832 .·
3089 777 3149 831 et
3177 768 3274 831 sic
3307 769 3527 851 major
3557 767 3633 830 in
3674 786 3818 829 ma-

2256 884 2404 968 jori
2433 894 2492 948 ct
2550 904 2682 948 non
2732 883 3033 966 infinita,
3072 884 3209 948 nisi
3240 884 3313 947 in
3351 880 3820 968 maqnitndivw

2268 999 2566 1081 infinita.
2625 999 2877 1064 Contra
2924 1025 2944 1065 .·
3000 999 3116 1064 Sic
3164 1020 3373 1086 arque
3419 998 3502 1062 de
3553 999 3820 1062 homine

2267 1115 2484 1181 diviso
2506 1140 2531 1194 ‚·
2562 1137 2716 1203 erqo
2741 1117 2972 1202 plures
2994 1117 3317 1196 homines,
3345 1136 3477 1181 non
3498 1115 3814 1201 seqnitur.

2270 1233 2647 1320 Respondeo
2698 1259 2718 1299 .·
2751 1235 2981 1299 anima
3022 1235 3309 1320 requirit
3348 1254 3587 1320 corpus
3624 1254 3817 1318 orqa-
3845 1229 4190 1338 “pumat“-

3892 1300 3931 1339 2!
4018 1308 4053 1338 t·
4095 1307 4162 1339 MS

2267 1353 2489 1417 nic-nm
2560 1363 2630 1416 ut
2693 1352 2988 1436 primum
3060 1351 3503 1437 perfectibile,
3571 1350 3816 1415 habens
3845 1305 4189 1416 oryffinssma

2268 1488 2578 1555 nmquam
2611 1467 3075 1552 differentiam
3104 1488 3512 1554 orqanorum
3538 1478 3816 1553 propter
3834 1423 4187 1539 ιῗὲιφὲοῗῖιῖἶ

2269 1585 2688 1670 operationes
2728 1585 2957 1649 varias
2988 1583 3395 1648 exercendas
3432 1604 3446 1648 τ
3489 1582 3606 1648 sed
3646 1584 3817 1648 Deus

2268 1701 2329 1766 si
2367 1711 2458 1764 ese
2499 1711 2805 1786 quantus,
2853 1701 3115 1767 nullum
3153 1711 3373 1766 actum
3422 1699 3636 1777 habet,
3682 1700 3819 1764 nisi

2274 1816 2646 1901 intelliqere
2674 1826 2735 1880 et
2766 1815 2954 1894 velle,
2993 1837 3138 1902 quoe
3168 1816 3608 1900 uniformiter
3635 1825 3812 1887 sum,

2270 1942 2342 1997 ut
2370 1933 2595 2016 forma
2626 1943 2718 1997 est
2748 1933 2823 1997 in
2847 1943 2979 1997 toto
3012 1943 3073 1998 et
3113 1934 3282 1998 utin
3306 1943 3526 2018 parte,
3567 1952 3821 2018 ponen-

2271 2048 2357 2114 do
2376 2060 2637 2135 partem
2666 2050 3088 2135 quantitatis,
3123 2049 3252 2113 Hoc
3277 2048 3622 2135 probatur,
3663 2050 3819 2133 quia

2275 2160 2738 2252 intelligere
2806 2175 2899 2229 est
2971 2163 3147 2230 idem
3215 2175 3477 2230 naturoe
3531 2164 3818 2250 primm,-

2270 2301 2428 2366 erqo
2459 2281 2653 2346 nulla
2694 2281 3003 2367 operatio
3043 2281 3155 2345 illi
3186 2281 3357 2346 inest
3394 2282 3821 2368 incompossi-

2272 2396 2427 2461 bilis
2467 2398 2599 2483 ipsi
2633 2394 3117 2485 intelligere.

2361 2511 2664 2592 Tert'o‚
2711 2533 2807 2584 ex
2842 2511 2995 2584 hoc
3048 2511 3565 2586 concluditur
3619 2512 3821 2603 quod
3879 2513 4154 2627 Ρήξὶιω

2274 2647 2432 2698 non
2487 2632 2611 2701 est
2674 2627 3246 2721 componibilis
3314 2627 3559 2701 alicui
3615 2628 3822 2701 acci-
3907 2655 4009 2689 ens
4037 2653 4153 2712 nor}

2272 2744 2486 2816 denti
2523 2770 2537 2813 ε
2577 2745 2764 2835 quia
2800 2765 3034 2817 omne
3072 2745 3820 2838 perfectibilecaret
3848 2718 4156 2838 ‹2532ka

2275 2861 2708 2933 secundum
2745 2883 2829 2933 se
2871 2861 3214 2935 entitate
3262 2861 3816 2954 perfectionis,
3934 2827 4093 2880 ²⁸⁸⁹*

2274 2977 2480 3048 alias
2502 2998 2657 3048 non
2680 2983 2895 3052 esset
2923 2979 3001 3050 in
3025 2978 3387 3071 potentia
3408 2979 3501 3050 ad
3527 2979 3818 3071 ipsam,

2278 3094 2447 3167 ideo
2493 3094 2888 3187 perfectio
2937 3095 3257 3169 additur
3299 3095 3820 3188 perfectibili,

2275 3214 2352 3283 et
2397 3213 2662 3284 totum
2705 3217 2830 3285 est
2874 3212 3179 3304 aliquid
3222 3212 3671 3305 perfectius
3716 3216 3826 3286 al-

2276 3330 2455 3399 tero
2490 3326 2949 3399 unitorum:
2989 3328 3306 3401 infinito
3340 3327 3540 3401 nihil
3574 3331 3824 3413 deest,

2274 3447 2354 3516 et
2384 3444 2584 3516 nihil
2606 3444 3190 3537 perfectionem
3209 3446 3446 3526 addit,
3478 3447 3685 3538 quod
3718 3448 3827 3522 sit

2275 3559 2575 3633 unihile
2634 3562 2733 3634 ei.
2780 3563 2997 3635 Tunc
3048 3562 3262 3634 enim
3312 3563 3630 3639 infinito
3683 3565 3825 3637 ali-

2277 3676 2458 3767 quid
2521 3677 2786 3767 majus
2847 3682 3086 3750 esset.
3168 3680 3556 3761 Secundo,
3632 3681 3824 3772 quia
3848 3678 4175 3788 {2⁸02ssssss

2275 3793 2721 3867 accidentia
2795 3795 3259 3868 materialia
3329 3795 3483 3868 sibi
3555 3797 3820 3869 inesse
3900 3812 4159 3913 goma?

2274 3930 2436 3982 non
2464 3914 2829 4002 possunt,
2860 3912 3046 4003 quia
3072 3933 3229 3985 non
3262 3918 3389 3986 est
3420 3919 3770 4005 quantus
3802 3880 4030 3985 :Pam
4049 3882 4113 3916 ω
4140 3882 4173 3913 ι’

2275 4025 2722 4101 accidentia
2777 4028 3365 4103 immaterialia
3417 4031 3822 4124 pertinen-

2278 4142 2392 4215 tia
2450 4143 2545 4215 ad
2612 4143 3118 4217 intellectum
3169 4150 3246 4219 et
3313 4148 3825 4220 voluntatem

2275 4280 2434 4331 non
2472 4264 2658 4333 sunt
2698 4259 2774 4331 in
2830 4261 3031 4354 ipso,
3093 4263 3280 4354 quia
3331 4285 3507 4356 quae
3559 4265 3825 4338 viden·

2279 4379 2416 4446 tur
2478 4376 2580 4447 ihi
2656 4378 3009 4451 maxime
3087 4380 3564 4464 accidentia,
3639 4388 3830 4456 sunt

2281 4489 2483 4562 idem
2522 4489 2699 4573 sibi,
2766 4498 2854 4566 ut
2907 4498 3288 4585 intelliyere
3320 4501 3402 4571 et
3460 4500 3653 4580 velle,
3722 4519 3821 4570 ex

2278 4611 2509 4680 sexta
2544 4606 2806 4700 hujus.

2368 4724 2633 4799 Aliter
2667 4728 3050 4817 arguitur
3091 4729 3185 4800 ad
3238 4727 3415 4808 hoc,
3483 4731 3688 4822 quod
3742 4729 3818 4802 in

2281 4839 2549 4932 primo
2591 4840 2791 4913 nihil
2835 4846 2956 4915 est
2992 4864 3138 4935 per
3179 4844 3574 4926 accidens,
3631 4846 3817 4938 quia

2277 4981 2485 5046 perse
2518 4963 2703 5031 ante
2739 4979 2973 5032 omne
3002 4985 3125 5050 per
3161 4965 3490 5044 cic-cidem,
3540 4962 3619 5034 in
3665 4964 3823 5056 pri-

2289 5093 2417 5145 mo
2472 5072 2673 5145 nihil
2724 5080 2848 5148 est
2908 5080 3362 5161 causatum,
3428 5078 3508 5150 in
3559 5079 3825 5173 primo

2285 5188 2509 5259 nulla
2572 5194 2698 5264 est
2775 5192 3163 5283 potentia.
3222 5195 3394 5268 Hoc
3448 5195 3824 5274 ostendit,

2288 5306 2493 5397 quod
2527 5307 2972 5382 accidentia
3017 5329 3172 5382 non
3209 5317 3395 5387 sunt
3436 5315 3528 5384 de
3559 5333 3830 5385 essen-

3875 4720 4022 4770 Alioe
4070 4733 4153 4764 raa

3871 4784 4047 4831 tiones
4105 4779 4169 4825 ad

3930 4844 4071 4892 idem

3887 4906 4143 4969 rejiciun-

3920 4977 4036 5019 tm·-

631 5427 691 5492 εἰ
728 5436 1006 5511 utraque
1040 5445 1203 5509 pars
1232 5424 1320 5488 sit
1359 5424 1574 5491 Dens?
1609 5425 1670 5488 si
1706 5425 1843 5503 sic;
1885 5445 2040 5510 erqo
2081 5433 2178 5487 to·
2289 5418 2405 5493 tia
2442 5420 2710 5512 primi,
2749 5442 2909 5493 non
2953 5428 3226 5498 autem
3260 5426 3467 5517 quod
3511 5446 3671 5498 non
3717 5426 3833 5499 in-

635 5553 770 5609 tum
808 5563 944 5607 non
983 5551 1074 5606 est
1115 5542 1308 5619 Densi,
1356 5540 1516 5627 quia
1550 5560 1714 5627 pars
1745 5541 1942 5626 prior
1981 5550 2112 5605 toto
2154 5562 2176 5604 :

2292 5535 2563 5608 suntei
2588 5536 3224 5613 accidentaliter.
3252 5541 3620 5615 Primum
3646 5563 3827 5625 non,
