4252 6393
1674 401 2033 500 QuAE‘swo
2082 400 2162 484 tx
3392 411 3496 482 161

334 613 483 666 mus
532 590 808 681 ignem
865 590 957 661 de
1016 587 1222 660 nube
1270 586 1499 660 exire
1540 589 1620 658 et
1680 584 1849 655 des-

330 709 640 785 cendere
690 708 787 780 ad
854 711 1190 786 terram,
1258 703 1465 797 quod
1523 722 1684 775 non
1732 722 1847 774 es-

82 895 83 920 ,
332 830 454 907 set,
499 825 570 896 si
619 827 838 899 esset
870 821 1285 896 extinctus
1321 820 1400 893 in
1442 819 1672 891 nube.

82 925 83 952 ἶ
172 971 206 1020 τ.
406 944 551 1013 Per
582 940 736 1013 hoc
769 939 864 1010 ad
899 937 1289 1011 rationes.
1327 937 1442 1009 Ad
1464 934 1840 1028 primam,

98 1037 308 1163 ffigffflss
329 1060 525 1126 simile
563 1070 681 1140 est,
727 1059 881 1130 etc.
927 1053 1129 1128 Dico
1173 1053 1380 1146 quod
1414 1052 1680 1125 simile
1719 1053 1845 1125 est

332 1175 396 1247 in
433 1173 608 1254 hoc,
666 1173 874 1265 quod
926 1194 1199 1252 sonus,
1263 1170 1397 1263 qui
1455 1173 1579 1244 est
1638 1167 1843 1244 toni-

331 1297 612 1371 truum,
651 1293 1049 1362 causatur
1080 1309 1178 1362 ex
1232 1291 1460 1361 motu
1519 1286 1841 1359 exbala-

328 1406 554 1480 tionis
642 1407 721 1479 in
799 1407 1028 1487 nube,
1100 1405 1227 1477 vel
1297 1424 1445 1497 per
1520 1404 1836 1483 nubem,

327 1522 975 1613 quemadmodum
1042 1521 1407 1594 videmus
1469 1521 1675 1613 quod
1720 1540 1842 1591 so-

322 1659 451 1710 nus
495 1638 575 1710 in
624 1637 1125 1712 extinctione
1185 1636 1398 1729 ignis
1452 1640 1845 1710 causatur

323 1777 405 1826 ex
467 1759 692 1828 motu
750 1753 1163 1826 fumorum
1221 1753 1673 1826 calidorum
1734 1752 1843 1845 ip-

325 1873 472 1945 sius
535 1872 747 1962 ignis
815 1892 961 1964 per
1029 1891 1350 1965 aquam,
1437 1870 1572 1963 qui
1642 1868 1842 1943 fumi

321 1995 489 2062 sunt
536 1989 632 2060 ad
680 1988 1001 2061 modum
1060 1988 1637 2062 exhalationis.
1696 1988 1842 2061 Sed

319 2106 697 2179 dissimile
732 2110 856 2179 est
907 2107 1113 2198 quod
1149 2106 1225 2178 in
1267 2107 1472 2178 nube
1514 2125 1674 2178 non
1714 2126 1843 2177 ex-

317 2223 713 2313 tinguitur
756 2222 992 2314 ignis,
1063 2244 1207 2295 nec
1258 2226 1383 2296 est
1446 2222 1656 2313 ignis
1713 2242 1841 2294 ex-

316 2340 787 2431 tinguendus
839 2340 1152 2432 quando
1201 2340 1291 2414 fit
1355 2339 1836 2420 tonitruum,

314 2456 508 2530 sicut
556 2461 679 2531 est
738 2455 1052 2549 quando
1105 2456 1318 2548 ignis
1388 2456 1723 2549 ponitur
1766 2455 1844 2527 in

313 2591 625 2664 aquam.

113 2705 221 2752 w.
392 2691 498 2763 Ad
547 2690 1004 2771 secundam,
1049 2690 1226 2763 dico
1272 2690 1480 2782 quod
1523 2687 1844 2760 exhala-

314 2806 419 2878 tio
477 2807 621 2879 illa
684 2826 842 2877 non
881 2806 1395 2898 extinguitur
1462 2806 1542 2878 in
1612 2805 1841 2885 nube,

314 2924 433 2994 sed
489 2923 804 3014 frangit
860 2923 1177 3005 nubem,
1242 2927 1322 2997 et
1371 2925 1548 2997 tota
1604 2921 1845 2994 simul

311 3038 467 3111 exit
505 3039 1052 3111 descendendo
1085 3040 1492 3111 deorsum.

82 3169 236 3239 aaa.
393 3155 505 3228 Ad
586 3155 950 3237 tertiam,
1021 3155 1198 3228 dico
1260 3155 1466 3248 quod
1537 3153 1848 3227 Aristo-

82 3241 508 3347 ?..en‘ffiissteles
565 3278 649 3346 et
713 3272 1304 3345 Lincolniensis
1398 3272 1850 3363 loquuntur

81 3359 140 3405 Μ’·
309 3388 749 3469 exoterice,
797 3388 1228 3461 secundum
1264 3386 1684 3480 opiniones
1718 3407 1850 3459 an·

311 3502 756 3594 tiquorum.

722 3807 1179 3891 QUAESTIO
1283 3808 1420 3880 IX.

475 4009 720 4076 Uerum
749 4009 1119 4076 coruscatio
1148 4009 1235 4074 sil
1279 4006 1617 4096 possibilis
1647 4005 1680 4071 ἵ)

150 4221 183 4271 ¹.
249 4290 261 4301 ⁸
388 4203 802 4295 Arguitur
845 4201 1050 4293 quod
1101 4219 1283 4272 non.
1332 4200 1542 4271 Nam
1584 4199 1651 4271 si
1703 4200 1844 4281 sic,

82 4293 493 4399 &wanno
587 4318 1059 4392 coruscatio
1137 4317 1371 4390 fleret
1443 4316 1521 4388 in
1582 4318 1844 4388 nube:

309 4438 540 4509 modo
576 4454 1086 4527 consequens
1127 4436 1252 4506 est
1284 4435 1575 4507 contra
1618 4453 1850 4523 expe-

303 4553 717 4634 rientiam,
756 4550 945 4644 quia
985 4570 1197 4643 saepe
1243 4548 1335 4621 fit
1382 4548 1850 4621 coruscatio

297 4671 707 4744 existente
756 4666 1229 4740 serenitate.
1294 4668 1394 4739 Et
1437 4664 1844 4747 similiter,

300 4808 477 4859 cum
533 4784 1013 4859 coruscatio
1048 4783 1155 4858 sit
1208 4782 1567 4875 quaedam
1610 4781 1848 4854 clari-

298 4907 445 4984 tas,
504 4903 780 4977 minus
813 4900 1044 4975 debet
1095 4919 1498 4993 apparere
1531 4898 1610 4969 in
1642 4898 1846 4971 locis

298 5020 811 5093 densioribus
865 5016 994 5089 ubi
1056 5019 1244 5088 sunt
1284 5015 1557 5097 nubeS‚
1604 5035 1847 5106 quam

303 5135 377 5206 in
464 5134 940 5207 rarioribus
1028 5131 1202 5203 sine
1279 5130 1509 5202 nube.
1600 5132 1847 5204 Tenet

1967 583 2343 664 materia,
2415 603 2512 655 ex
2583 604 2739 675 qua
2797 584 2887 656 fit
2956 581 3415 656 tonitruum
3488 604 3502 648 ε

1964 700 2196 771 modo
2237 721 2740 793 consequens
2771 706 2898 776 est
2941 699 3267 781 falsum,
3318 701 3508 791 quia

1960 817 2124 891 cito
2166 818 2529 910 disparet
2561 820 3059 902 coruscatio,
3106 825 3186 894 et
3232 826 3505 896 tamen

1959 934 2087 1007 diu
2134 934 2464 1009 auditur
2504 937 2987 1018 tonitruum,
3088 939 3293 1030 quod
3345 961 3501 1013 non

1957 1053 2200 1132 esset,
2240 1051 2308 1122 si
2349 1051 2583 1126 fieret
2634 1074 2736 1125 ex
2777 1055 3049 1126 eadem
3097 1057 3446 1129 materia
3482 1084 3495 1127 :

1958 1171 2038 1240 et
2080 1169 2663 1260 consequentia
2706 1173 2927 1245 tenet
2987 1192 3133 1265 per
3187 1173 3497 1247 Aristo-

1958 1283 2202 1356 telem
2233 1287 2305 1352 in
2335 1287 2621 1355 secundo
2650 1290 2870 1376 lmjm.

2046 1401 2349 1483 Tertio,
2378 1401 2569 1493 quia
2593 1403 2884 1494 aliquae
2913 1404 3490 1497 impressiones
3548 1405 3815 1460 Tfflfflm·

1959 1513 2238 1606 ignitae
2316 1539 2473 1590 non
2557 1524 2908 1595 causant
2992 1521 3488 1607 claritatem,

1956 1655 2100 1707 nec
2181 1641 2522 1728 possunt
2571 1659 2939 1720 causare,
3005 1645 3307 1731 quanta
3373 1647 3497 1714 est

1955 1749 2299 1824 claritas
2377 1753 3023 1837 coruscationis;
3096 1774 3294 1846 crgo
3352 1776 3496 1828 nec

1954 1867 2204 1941 etiam
2228 1871 2725 1945 coruscatiO.
2763 1871 3358 1965 Consequentia
3390 1875 3497 1945 te-

1957 1987 2116 2065 net,
2193 1985 2380 2077 quia
2433 1989 2795 2061 omnium
2857 1987 3495 2081 impressionum

1959 2103 2433 2196 ignitarum,
2505 2106 2777 2178 eadem
2828 2110 2954 2180 est
2998 2105 3369 2186 materia,
3414 2106 3496 2176 et

1957 2219 2315 2292 efficiens
2366 2220 2814 2303 consimile,
2872 2225 2959 2295 ut
2998 2221 3299 2294 dictum
3341 2220 3496 2293 fuit

1960 2335 2038 2409 in
2108 2336 2376 2427 primo
2445 2337 2677 2410 libro.
2753 2340 2985 2411 Patet
3053 2342 3324 2413 autem
3406 2338 3498 2409 de

1960 2454 2221 2528 stellis
2282 2456 2776 2538 cadentibus,
2848 2460 2928 2528 et
3006 2455 3282 2549 capris
3344 2455 3496 2527 sal-

1959 2569 2347 2653 tantibus,
2387 2593 2562 2664 quae
2604 2593 2763 2644 non
2809 2571 3120 2647 faciunt
3170 2571 3497 2646 clarita-

1960 2689 2121 2759 tem
2160 2691 2500 2761 tantam.

2051 2804 2531 2895 Oppositum
2604 2808 2826 2896 patet
2895 2825 3039 2897 per
3107 2804 3503 2879 Aristote-

1961 2917 2120 2990 lem
2154 2923 2382 2989 inille
2409 2923 2717 3002 secunde,
2791 2925 2871 2994 et
2923 2926 3145 3013 patet
3188 2942 3334 3014 pet·
3373 2942 3501 2994 ex-

1964 3035 2476 3129 perientiam,
2551 3043 2630 3111 et
2704 3039 2860 3112 ista
2929 3038 3269 3130 quaestio
3340 3059 3502 3111 non

1961 3157 2084 3227 est
2125 3152 2363 3225 dubia
2416 3179 2429 3224 :
2470 3153 2603 3226 sed
2642 3153 2966 3227 dubium
3009 3158 3134 3229 est
3183 3155 3273 3227 de
3322 3175 3503 3228 cau-

1964 3269 2102 3351 sis,
2166 3274 2247 3343 et
2308 3270 2539 3341 modo
2601 3270 3154 3361 generationis
3216 3271 3498 3364 ipsius.

1965 3388 2065 3458 Et
2098 3384 2272 3458 ideo
2317 3386 2394 3457 in
2430 3386 2588 3459 ista
2623 3385 3068 3477 quaestione
3099 3386 3502 3460 videbitur

1966 3502 2234 3594 primo
2302 3503 2393 3573 de
2434 3501 2731 3584 causiS,
2769 3506 2849 3576 et
2893 3504 3124 3575 modo
3163 3523 3500 3594 genera-

1964 3618 2214 3693 tionis
2266 3618 2895 3692 coruscationis.
2953 3620 3336 3702 Secundo,
3390 3623 3500 3695 vi-

1963 3734 2284 3808 debitur
2365 3734 2455 3806 de
2532 3734 2802 3807 causis
2888 3736 3496 3828 apparentibuS,

1966 3872 2140 3953 quae
2187 3851 2673 3941 contingunt
2725 3852 2949 3925 circa
2999 3853 3501 3928 coruscatio-

1963 3988 2133 4040 nes.
2171 3971 2271 4041 Et
2304 3968 2553 4042 tertio
2586 3968 2947 4042 breviter
2967 3970 3057 4041 dc
3089 3970 3503 4043 effectibus

1964 4106 2167 4177 eJus.

2453 4441 2726 4498 ARTlCU
2745 4442 2883 4498 LUS
2959 4444 2997 4499 1.

1964 4621 2059 4685 De
2107 4620 2344 4699 causis,
2408 4630 2470 4685 ct
2533 4618 2727 4684 modo
2781 4624 3238 4706 qmzcralionis
3285 4646 3503 4692 corus-

2576 4737 2883 4803 cationi-3.

2054 4907 2456 4984 Quantum
2502 4903 2597 4973 ad
2646 4902 3024 4995 primum,
3093 4908 3500 4982 sciendum

1963 5018 2169 5112 quod
2215 5017 2430 5089 infra
2468 5018 2754 5091 nubem
2818 5041 3208 5111 aquosam
3259 5045 3501 5117 quan-

1960 5135 2218 5225 doque
2269 5132 2789 5207 includuntur
2845 5137 3120 5211 multae
3178 5140 3501 5214 exbala-

303 5249 890 5342 consequentia.
963 5268 1108 5340 per
1175 5247 1707 5319 Aristotelem
1777 5250 1850 5315 in
1963 5250 2229 5322 tiones
2263 5249 2945 5334 calidaeetsiccae,
2987 5255 3502 5344 quodammo-

306 5370 425 5434 islo
461 5368 781 5436 secunde.

81 5528 293 5585 madum.

433 5736 585 5787 Tum.
622 5731 696 5780 IV
708 5769 721 5784 .

1965 5367 2062 5438 do
2118 5370 2443 5439 tenaces
2508 5370 2588 5438 ct
2650 5372 3090 5450 unctuosae,
3153 5392 3327 5462 quae
3393 5373 3501 5445 in·

397 5482 793 5563 Secunde,
850 5478 1038 5571 quia
1090 5479 1158 5551 si
1217 5479 1686 5552 coruscatio
1747 5478 1855 5553 sit
1968 5483 2523 5555 tendunturct
2573 5482 3133 5558 fortificantur
3173 5508 3318 5579 per
3369 5511 3501 5560 an-

316 5598 754 5694 possibiliS,
830 5601 1020 5669 tunc
1101 5596 1333 5668 fieret
1402 5617 1498 5667 ex
1578 5597 1852 5668 eadem
1969 5598 2507 5691 tiperistasin,
2567 5604 2909 5691 propter
2969 5602 3502 5694 frigiditatem

3311 5741 3370 5792 ss

3667 4921 3715 4970 2.
