4252 6393
1631 453 1992 528 QUAESTIO
2041 455 2147 516 XV

298 603 738 685 &intellectu
787 636 801 692 3
854 616 935 685 et
985 633 1207 683 mens
1265 617 1552 687 nostra
1591 617 1714 685 est
1772 614 1866 684 ad

324 727 465 799 Dei
504 727 974 819 imaginem;
1014 730 1226 801 ratio
1271 735 1545 810 autem
1592 730 1866 822 imagi-

321 844 442 913 nis
511 845 962 919 attenditur
1030 846 1105 916 in
1179 846 1568 939 potentiis
1646 852 1862 925 actui

133 970 293 1041 'nicho-
321 961 855 1052 conjunctis'‚
918 969 999 1035 et
1042 961 1192 1035 hoe
1257 965 1607 1035 maxime
1677 966 1862 1038 dum

134 1033 261 1086 uin?

144 1095 197 1144 16,
219 1111 259 1159 q.
319 1077 586 1148 anima
630 1077 1016 1169 intelligit
1049 1100 1132 1148 se
1170 1081 1252 1149 ut
1282 1080 1450 1152 Deo
1481 1081 1856 1153 similem.

134 1165 456 1269 e11⁸‹30⁵‹'11·-Se‹l
489 1196 707 1269 Deus
741 1195 1257 1286 intelligendo
1303 1218 1410 1278 se,
1479 1197 1860 1286 intelligit

134 1284 169 1331 td
188 1284 288 1342 sor-

137 1361 216 1395 am.

136 2969 209 3010 tio.

141 5398 205 5434 no.

317 1330 543 1382 suam
593 1311 1231 1392 similitudinem,
1289 1334 1462 1404 quae
1515 1319 1640 1388 est
1702 1315 1860 1407 pri-

313 1447 437 1499 ma
509 1427 979 1511 similitude,
1060 1429 1326 1523 prima
1402 1430 1850 1524 expressio,

312 1544 576 1635 prima
616 1546 1047 1638 {equalitas
1092 1573 1106 1617 ε
1154 1567 1350 1636 ergo
1419 1546 1691 1619 anima
1743 1548 1853 1619 in-

309 1661 737 1752 telligendo
770 1685 879 1744 se,
925 1662 1314 1756 exprimit
1360 1683 1590 1735 suam
1636 1665 1851 1737 simi-

305 1779 745 1860 litudinem,
819 1782 896 1851 et
941 1778 1542 1872 perfectiorem,
1608 1802 1847 1873 quam

306 1897 617 1989 quando
665 1896 1044 1986 intelligit
1104 1897 1299 1976 alia;
1347 1900 1677 1970 autnon
1723 1919 1847 1971 re-

304 2007 747 2109 praesentat
798 2012 1280 2086 Trinitatem
1365 1997 1850 2097 increatam,

302 2135 506 2226 quod
546 2138 673 2207 est
731 2133 1051 2204 salsum.
1099 2134 1261 2203 Neo
1334 2135 1600 2225 potest
1657 2132 1837 2214 (lici,

300 2249 507 2341 quod
585 2249 726 2322 illa
798 2248 1243 2322 similitudo
1324 2249 1431 2322 sit
1517 2252 1746 2321 aetus
1819 2278 1832 2321 ε

296 2367 484 2459 quia
527 2366 604 2438 in
646 2366 938 2438 divinis
982 2371 1216 2439 aetus
1270 2370 1642 2459 sumptus
1695 2369 1840 2439 sul)

294 2484 615 2557 ratione
684 2486 942 2563 actus,
1018 2486 1106 2554 ut
1175 2489 1610 2570 generare:
1677 2504 1837 2556 non

290 2597 523 2671 habet
586 2599 990 2672 rationem
1080 2598 1638 2671 similitudinis
1706 2621 1837 2671 ex-

291 2739 621 2811 pressae,
660 2717 792 2789 sed
829 2716 1101 2809 potius
1141 2714 1536 2789 terminus
1574 2721 1829 2800 actm,

288 2839 368 2907 ut
409 2834 652 2907 filius,

376 2953 607 3032 Item,
679 2949 1038 3021 activum
1107 2949 1577 3040 inquantum
1639 2951 1835 3024 acti-

292 3088 504 3147 vum,
578 3070 657 3138 et
719 3086 1050 3136 movens
1112 3065 1588 3156 inquantum
1669 3087 1832 3137 mo-

283 3205 496 3265 vens,
538 3188 660 3257 est
704 3180 1108 3255 actualius
1145 3182 1318 3275 ipso
1361 3180 1718 3276 patiente
1750 3187 1831 3259 et

287 3306 553 3383 moto;
602 3303 900 3393 quanto
934 3322 1131 3374 vero
1185 3301 1484 3393 aliquid
1526 3305 1649 3373 est
1708 3322 1829 3375 ae·

281 3418 585 3490 tualius
632 3418 805 3511 ipso
845 3418 1199 3510 patiente
1245 3423 1324 3490 et
1369 3423 1615 3501 moto,
1655 3425 1825 3494 tan-

277 3536 355 3605 to
398 3537 528 3607 est
583 3534 1125 3625 spiritualius,
1191 3535 1269 3603 et
1315 3532 1765 3626 simplicius
1803 3561 1816 3604 :

275 3650 337 3722 si
370 3671 575 3741 ergo
614 3649 1073 3739 intelligere.
1105 3653 1230 3721 est
1265 3650 1654 3741 quoddam
1691 3671 1822 3742 pa-

271 3766 353 3847 ti,
420 3766 1028 3860 quoquomodo
1090 3766 1261 3857 agit
1333 3767 1408 3838 in
1471 3767 1819 3840 intellec-

273 3888 464 3966 tum,
511 3887 594 3956 et
640 3889 908 3957 movet
954 3883 1266 3975 ipsum:
1315 3904 1512 3973 ergo
1544 3904 1818 3956 neces-

273 4001 493 4073 sario
535 4001 941 4093 objectum
976 4000 1213 4073 habet
1254 4001 1612 4092 aliquam
1656 4002 1817 4093 spi-

274 4112 815 4187 ritualitatem
879 4117 1249 4205 respectu
1324 4113 1809 4195 intellectus,

237 4232 348 4303 eut
388 4228 713 4322 patitur
762 4228 860 4300 ab
890 4248 985 4299 eo
1023 4255 1036 4298 z
1087 4229 1219 4300 sed
1260 4230 1614 4301 essentia
1648 4230 1813 4302 ani-

268 4365 409 4417 mae
449 4366 611 4417 non
645 4346 770 4417 est
813 4344 1080 4436 seipsa
1112 4344 1563 4426 a-otualior;
1611 4367 1809 4437 ergo

263 4465 611 4553 oportet,
650 4462 856 4553 quod
899 4461 1006 4533 sit
1051 4462 1157 4533 ibi
1201 4460 1414 4533 ratio
1459 4461 1806 4554 alicujus

262 4576 635 4658 aetionis,
690 4575 1253 4648 intentionalis
1316 4576 1806 4669 multiplica-

260 4690 529 4773 tionis,
579 4694 922 4784 propter
954 4712 1218 4782 quam,
1265 4696 1344 4766 et
1389 4712 1531 4783 per
1563 4714 1800 4785 quam

260 4805 548 4881 habeat
621 4813 1003 4901 respectu
1057 4808 1183 4880 sui
1229 4809 1635 4883 rationem
1678 4833 1804 4884 ae-

261 4922 426 5006 tivi,
474 4926 961 5017 inquantum
988 4929 1072 4997 ut
1097 4927 1329 5007 nuda,
1367 4932 1445 4999 et
1480 4927 1803 5019 inquan-

261 5042 425 5110 tum
487 5041 588 5112 ad
648 5040 1194 5131 intelligibilia
1247 5041 1486 5115 habet
1556 5043 1802 5117 ratio-

257 5177 430 5228 nem
475 5159 810 5251 passivi.

340 5276 564 5357 Quod
614 5275 782 5348 haec
829 5276 934 5348 sit
979 5276 1324 5350 intentio
1368 5278 1801 5364 Augustini

258 5395 473 5479 patet
509 5393 592 5464 in
637 5392 915 5464 multis
952 5392 1152 5465 loeis
1206 5396 1311 5465 Η.
1366 5394 1456 5465 de
1507 5397 1796 5469 Trinit.

259 5527 425 5601 cap.
462 5512 531 5582 6.
575 5513 739 5578 Cum
779 5510 1097 5601 (inquit)
1151 5535 1305 5578 vcro
1343 5536 1478 5580 non
1516 5537 1583 5580 se
1622 5518 1802 5603 cossi-

3402 455 3526 520 ‘565

1980 616 2063 682 de
2102 618 2229 683 illa
2268 639 2423 684 suus
2463 622 2793 704 formetur
2830 620 3111 698 obtutus,
3155 619 3271 685 sed
3316 632 3537 686 tamen

1977 737 2239 800 noverit
2267 757 2357 815 se,
2398 747 2712 823 tanquam
2746 738 2891 821 ipsa
2919 737 3008 801 sit
3045 737 3175 801 sibi
3213 739 3536 802 memoria

1975 854 2103 917 sui.
2196 851 2583 942 Sequitur
2653 879 2666 920 :
2723 854 2872 918 ideo
2968 855 3363 921 Trinitatem
3438 858 3536 920 sic

1974 972 2615 1051 commendabamus,
2652 983 2721 1036 ut
2766 971 2939 1036 illud
2980 972 3155 1037 unde
3190 975 3534 1057 formatur

1973 1090 2331 1174 coqitantis
2395 1089 2673 1167 obtutus,
2748 1089 2823 1155 in
2862 1090 3183 1154 memoria
3246 1110 3530 1175 ponere-

1972 1225 2115 1268 mus
2134 1231 2158 1284 ,·
2226 1207 2441 1290 ipsam
2472 1226 2626 1269 vero
2692 1206 3318 1288 conformationem,
3380 1217 3526 1271 tan-

1969 1341 2167 1405 quam
2225 1322 2607 1406 imaqinem,
2654 1343 2797 1407 quse
2858 1319 3018 1386 inde
3077 1322 3517 1407 imprimitum

1971 1434 2069 1508 Et
2105 1432 2475 1525 Sequitur
2508 1460 2521 1504 ε
2562 1438 2730 1501 Nam
2751 1439 2845 1502 ita
2886 1458 3047 1502 sane
3081 1438 3301 1523 yislnit
3324 1439 3521 1503 istam

1963 1573 2155 1618 suam
2220 1555 2531 1618 notitiam
2573 1574 2774 1634 mem,
2839 1552 3104 1639 quando
3163 1553 3518 1640 coqitando

1962 1670 2364 1734 intellectam
2384 1690 2454 1734 se
2492 1671 2838 1754 conspicit,
2873 1680 3192 1755 tanquam
3214 1671 3516 1737 sibiante

1962 1788 2304 1873 incoquita
2351 1788 2563 1872 fuerit
2606 1812 2627 1852 .·
2666 1787 2783 1852 sed
2825 1788 2920 1852 ita
2958 1788 3090 1853 sibi
3132 1799 3289 1854 nota
3340 1801 3505 1867 erat,

1960 1904 2511 1988 quemadmodum
2542 1915 2715 1968 nota?
2743 1914 2896 1969 sunt
2934 1925 3065 1986 res,
3100 1926 3244 1991 quoe
3274 1926 3513 1970 memo-

1957 2023 2066 2086 ria
2119 2025 2565 2100 continentur,
2624 2024 2888 2087 etiamsi
2934 2043 3069 2087 non
3112 2024 3503 2107 coqitentur.

1959 2135 2148 2206 Haee
2181 2136 2707 2226 Augustinus.
2749 2135 2828 2208 si
2855 2136 3275 2229 p12aet01÷ita
3296 2137 3509 2226 cogi-

1955 2253 2244 2325 tantur
2274 2256 2484 2334 actu,
2524 2254 2676 2326 hoo
2720 2253 2810 2325 fit
2851 2273 2993 2346 per
3053 2253 3229 2334 hoe,
3301 2254 3507 2344 quod

1955 2367 2262 2460 speeies
2296 2368 2738 2459 cogitantis
2774 2369 2849 2439 in
2895 2368 3166 2440 anima
3226 2389 3508 2440 eausa-

1949 2484 2090 2552 tur
2123 2503 2169 2552 a
2209 2484 2497 2575 speeie,
2539 2504 2712 2576 quae
2764 2486 2887 2555 est
2934 2483 3008 2554 in
3073 2485 3498 2556 memoria.

1948 2598 2063 2670 De
2096 2598 2529 2681 habitibus,
2571 2599 2777 2691 quod
2819 2599 3179 2688 cognitio
3213 2619 3503 2673 eausa-

1949 2718 2088 2786 tur
2142 2737 2286 2809 per
2336 2715 2713 2808 speciem,
2780 2716 3287 2808 apertedicit
3349 2720 3503 2790 Au-

1948 2835 2324 2922 gustinus
2360 2837 2467 2906 14.
2518 2835 2611 2904 ‹le
2671 2833 2957 2905 Trinit.
3024 2853 3198 2926 cap.
3235 2836 3301 2906 3.
3370 2834 3499 2907 ubi

1950 2952 2402 3033 ostendens,
2450 2951 2847 3042 quomodo
2881 2951 3096 3031 fides,
3147 2971 3321 3042 quae
3373 2955 3494 3024 est

1947 3068 2023 3139 in
2070 3068 2331 3151 nobiS,
2378 3068 2893 3158 intelligitur,
2953 3067 3178 3161 ponit
3225 3089 3496 3141 exem-

1944 3185 2190 3278 plum,
2232 3187 2627 3278 quomodo
2670 3207 2970 3279 corpus
3010 3185 3365 3268 videtur;
3413 3181 3517 3259 e't

1943 3302 2058 3374 Sic
2091 3302 2285 3375 dicit
2324 3330 2337 3373 ε
2378 3307 2623 3393 Nempe
2653 3307 2735 3372 ab
2765 3300 3217 3389 inferioribus
3244 3306 3336 3371 ad
3381 3326 3490 3370 su-

1931 3424 2207 3508 periora
2248 3423 2695 3499 ascendentes,
2748 3423 2849 3488 vel
2907 3422 2988 3487 ab
3044 3421 3489 3487 eaeterioribns

1935 3537 2024 3601 ad
2071 3538 2398 3603 interiora
2440 3537 2911 3625 inqrcclienteS,
2950 3539 3245 3623 primam
3294 3559 3486 3624 repe-

1931 3656 2145 3719 rimus
2181 3657 2550 3721 trinitatem
2608 3657 2681 3719 in
2735 3676 3031 3741 corpore,
3079 3654 3255 3740 quod
3299 3655 3501 3720 vide--

1933 3781 2065 3849 tur,
2119 3780 2179 3833 et
2209 3772 2352 3835 acie
2383 3769 2697 3848 videntis,
2745 3791 2889 3856 quse
2938 3792 3087 3835 cum
3127 3770 3332 3851 videt,
3379 3772 3486 3836 in-

1929 3887 2011 3952 de
2037 3889 2401 3973 formatur,
2469 3899 2530 3953 et
2564 3890 2637 3953 in
2676 3888 3042 3953 voluntatis
3083 3890 3477 3968 intentione,

1928 4026 2070 4090 quae
2121 4017 2467 4091 utrumque
2512 4007 2858 4092 conjunyit
2890 4033 2910 4073 .·
2964 4008 3121 4072 huic
3178 4008 3483 4072 trinitati

1923 4123 2212 4189 similem
2278 4126 2775 4204 constituamus,
2858 4145 3003 4189 cum
3056 4124 3244 4207 fides,
3334 4147 3477 4211 qua,²

1922 4262 2101 4308 nun-c
2132 4242 2301 4306 inest
2333 4242 2542 4318 nobis,
2590 4251 2903 4326 tanquam
2933 4263 3173 4328 corpus
3194 4242 3371 4308 illud
3398 4244 3473 4311 in

1925 4359 2088 4438 loca,
2143 4358 2240 4422 ita
2306 4358 2379 4422 in
2434 4369 2663 4423 nostra
2719 4360 3041 4423 memoria
3117 4362 3471 4427 constituta

1920 4484 2033 4551 est,
2092 4474 2175 4539 de
2213 4495 2341 4559 qua
2401 4475 2814 4557 informatur
2869 4475 3184 4561 coqitatio
3248 4497 3470 4543 recor-

1918 4591 2169 4667 dantis,
2244 4590 2413 4654 sicut
2480 4611 2563 4654 ca:
2622 4590 2740 4654 illo
2799 4611 3076 4676 corpore
3131 4593 3309 4657 acies
3368 4594 3471 4658 in-

1919 4707 2189 4772 tuentis.
2234 4704 2480 4779 Quibus
2501 4704 2751 4769 ‹letabus
2783 4716 2851 4770 ut
2890 4708 3164 4772 trinitas
3194 4708 3470 4795 implea-

1914 4834 2044 4900 tur,
2090 4832 2576 4887 annumeratur
2608 4823 2803 4886 tertia
2846 4824 3171 4903 voluntas,
3227 4845 3371 4911 quse
3389 4827 3467 4908 si-

1914 4940 2060 5005 dem
2097 4941 2167 5003 in
2220 4939 2538 5002 memoria
2560 4940 3004 5017 constitutam,
3034 4950 3093 5004 et
3111 4941 3469 5024 quamdam

1914 5059 2055 5151 ejus
2102 5054 2396 5139 efsiqiem
2467 5054 2539 5117 in
2618 5055 2913 5119 contuitu
2982 5056 3468 5122 recordationis

1914 5171 2300 5254 impressam
2325 5170 2718 5246 connnectit,
2757 5179 2818 5233 et
2847 5172 3195 5255 conJ‘unyit
3230 5198 3250 5237 .·
3289 5174 3462 5239 sicut

1915 5288 1988 5351 in
2027 5285 2150 5349 itta
2204 5287 2580 5371 corporalis
2621 5287 2926 5352 trinitate
2966 5288 3267 5369 m'sionis,
3313 5291 3463 5373 for-

1912 5422 2086 5467 mam
2119 5403 2421 5488 corporis
2451 5402 2625 5489 quod
2658 5402 2943 5482 videtur,
2989 5414 3049 5468 ct
3088 5406 3461 5487 conforma-

1916 5519 2182 5595 tionem,
2220 5541 2364 5605 quie
2409 5520 2489 5601 sit
2540 5521 2605 5584 in
2638 5523 2964 5585 cernentis
2994 5532 3281 5606 aspectu,
3316 5545 3461 5590 con·

261 5637 371 5707 tat,
419 5651 554 5695 non
589 5633 672 5694 sit
704 5628 970 5716 quidem
1011 5632 1082 5695 in
1123 5643 1468 5717 conspectu
1505 5654 1643 5712 sua,
1690 5657 1805 5700 nec
1905 5637 2134 5721 jicnqit
2163 5638 2442 5702 intentio
2484 5637 2865 5704 voluntati-3.
2908 5637 3132 5711 Hanc
3166 5639 3459 5714 doctri-
