<?xml version="1.0" encoding="UTF-8"?>
<!DOCTYPE html PUBLIC "-//W3C//DTD XHTML 1.0 Transitional//EN"
    "http://www.w3.org/TR/xhtml1/DTD/xhtml1-transitional.dtd">
<html xmlns="http://www.w3.org/1999/xhtml" xml:lang="en" lang="en">
 <head>
  <title>
</title>
<meta http-equiv="Content-Type" content="text/html;charset=utf-8" />
  <meta name='ocr-system' content='tesseract 3.04.00' />
  <meta name='ocr-capabilities' content='ocr_page ocr_carea ocr_par ocr_line ocrx_word'/>
</head>
<body>
  <div class='ocr_page' id='page_1' title='image "./joannisdunsscot03waddgoog_0235.png"; bbox 0 0 4252 6393; ppageno 0'>
   <div class='ocr_carea' id='block_1_1' title="bbox 214 5217 263 5268">
    <p class='ocr_par' dir='ltr' id='par_1_1' title="bbox 214 5217 263 5268">
     <span class='ocr_line' id='line_1_1' title="bbox 214 5217 263 5268; baseline 0 0"><span class='ocrx_word' id='word_1_1' title='bbox 214 5217 263 5268; x_wconf 67' lang='lat'>23.</span> 
     </span>
    </p>
   </div>
   <div class='ocr_carea' id='block_1_2' title="bbox 1702 390 3520 468">
    <p class='ocr_par' dir='ltr' id='par_1_2' title="bbox 1702 390 3520 468">
     <span class='ocr_line' id='line_1_2' title="bbox 1702 390 3520 468; baseline 0.003 -14"><span class='ocrx_word' id='word_1_2' title='bbox 1702 390 2061 468; x_wconf 49' lang='lat' dir='ltr'>Quzsss&#39;rio</span> <span class='ocrx_word' id='word_1_3' title='bbox 2114 394 2128 453; x_wconf 89' lang='grc' dir='ltr'>ι</span> <span class='ocrx_word' id='word_1_4' title='bbox 3400 394 3520 459; x_wconf 80' lang='lat'>219</span> 
     </span>
    </p>
   </div>
   <div class='ocr_carea' id='block_1_3' title="bbox 363 549 1871 3101">
    <p class='ocr_par' dir='ltr' id='par_1_3' title="bbox 363 549 1871 3101">
     <span class='ocr_line' id='line_1_3' title="bbox 373 549 1870 644; baseline 0.001 -23"><span class='ocrx_word' id='word_1_5' title='bbox 373 549 746 623; x_wconf 89' lang='lat' dir='ltr'>humidum</span> <span class='ocrx_word' id='word_1_6' title='bbox 807 551 1184 623; x_wconf 88' lang='lat' dir='ltr'>naturale</span> <span class='ocrx_word' id='word_1_7' title='bbox 1229 558 1570 644; x_wconf 90' lang='lat' dir='ltr'>propter</span> <span class='ocrx_word' id='word_1_8' title='bbox 1622 552 1870 625; x_wconf 87' lang='lat' dir='ltr'>actio·</span> 
     </span>
     <span class='ocr_line' id='line_1_4' title="bbox 373 667 1871 752; baseline -0.001 -12"><span class='ocrx_word' id='word_1_9' title='bbox 373 688 525 741; x_wconf 89' lang='lat' dir='ltr'>nem</span> <span class='ocrx_word' id='word_1_10' title='bbox 557 667 854 739; x_wconf 90' lang='lat' dir='ltr'>caloris</span> <span class='ocrx_word' id='word_1_11' title='bbox 899 669 1350 752; x_wconf 89' lang='lat' dir='ltr'>interioris,</span> <span class='ocrx_word' id='word_1_12' title='bbox 1400 674 1478 742; x_wconf 90' lang='lat' dir='ltr'>et</span> <span class='ocrx_word' id='word_1_13' title='bbox 1522 669 1871 743; x_wconf 83' lang='lat' dir='ltr'>exterio-</span> 
     </span>
     <span class='ocr_line' id='line_1_5' title="bbox 374 784 1871 879; baseline 0 -24"><span class='ocrx_word' id='word_1_14' title='bbox 374 784 491 865; x_wconf 81' lang='lat' dir='ltr'>riS,</span> <span class='ocrx_word' id='word_1_15' title='bbox 528 788 944 857; x_wconf 84' lang='lat' dir='ltr'>moveatur</span> <span class='ocrx_word' id='word_1_16' title='bbox 1001 807 1289 857; x_wconf 88' lang='lat' dir='ltr'>versus</span> <span class='ocrx_word' id='word_1_17' title='bbox 1336 790 1612 879; x_wconf 88' lang='lat' dir='ltr'>partes</span> <span class='ocrx_word' id='word_1_18' title='bbox 1657 788 1871 857; x_wconf 82' lang='lat' dir='ltr'>exte-</span> 
     </span>
     <span class='ocr_line' id='line_1_6' title="bbox 373 901 1868 995; baseline 0.002 -22"><span class='ocrx_word' id='word_1_19' title='bbox 373 901 624 982; x_wconf 75' lang='lat' dir='ltr'>rioreS,</span> <span class='ocrx_word' id='word_1_20' title='bbox 669 906 749 975; x_wconf 90' lang='lat' dir='ltr'>et</span> <span class='ocrx_word' id='word_1_21' title='bbox 794 902 900 974; x_wconf 89' lang='lat' dir='ltr'>ibi</span> <span class='ocrx_word' id='word_1_22' title='bbox 946 904 1245 995; x_wconf 85' lang='lat' dir='ltr'>partim</span> <span class='ocrx_word' id='word_1_23' title='bbox 1314 904 1742 983; x_wconf 75' lang='lat' dir='ltr'>resideant,</span> <span class='ocrx_word' id='word_1_24' title='bbox 1790 908 1868 976; x_wconf 90' lang='lat' dir='ltr'>et</span> 
     </span>
     <span class='ocr_line' id='line_1_7' title="bbox 368 1019 1869 1108; baseline -0.001 -17"><span class='ocrx_word' id='word_1_25' title='bbox 368 1023 939 1108; x_wconf 74' lang='lat' dir='ltr'>congregentur</span> <span class='ocrx_word' id='word_1_26' title='bbox 1012 1019 1371 1091; x_wconf 80' lang='lat' dir='ltr'>dimissis</span> <span class='ocrx_word' id='word_1_27' title='bbox 1460 1019 1869 1093; x_wconf 89' lang='lat' dir='ltr'>interiori-</span> 
     </span>
     <span class='ocr_line' id='line_1_8' title="bbox 368 1134 1870 1230; baseline 0.001 -25"><span class='ocrx_word' id='word_1_28' title='bbox 368 1135 488 1205; x_wconf 86' lang='lat' dir='ltr'>bus</span> <span class='ocrx_word' id='word_1_29' title='bbox 525 1134 757 1206; x_wconf 89' lang='lat' dir='ltr'>siccis</span> <span class='ocrx_word' id='word_1_30' title='bbox 825 1140 906 1207; x_wconf 86' lang='lat' dir='ltr'>et</span> <span class='ocrx_word' id='word_1_31' title='bbox 977 1136 1323 1227; x_wconf 82' lang='lat' dir='ltr'>frigidis,</span> <span class='ocrx_word' id='word_1_32' title='bbox 1381 1138 1570 1230; x_wconf 89' lang='lat' dir='ltr'>quia</span> <span class='ocrx_word' id='word_1_33' title='bbox 1638 1136 1870 1209; x_wconf 85' lang='lat' dir='ltr'>calor</span> 
     </span>
     <span class='ocr_line' id='line_1_9' title="bbox 368 1250 1868 1327; baseline 0.004 -6"><span class='ocrx_word' id='word_1_34' title='bbox 368 1250 731 1323; x_wconf 86' lang='lat' dir='ltr'>naturalis</span> <span class='ocrx_word' id='word_1_35' title='bbox 777 1251 1020 1324; x_wconf 90' lang='lat' dir='ltr'>simul</span> <span class='ocrx_word' id='word_1_36' title='bbox 1063 1259 1331 1327; x_wconf 90' lang='lat' dir='ltr'>motus</span> <span class='ocrx_word' id='word_1_37' title='bbox 1371 1259 1496 1326; x_wconf 88' lang='lat' dir='ltr'>est</span> <span class='ocrx_word' id='word_1_38' title='bbox 1539 1255 1632 1326; x_wconf 88' lang='lat' dir='ltr'>ad</span> <span class='ocrx_word' id='word_1_39' title='bbox 1665 1258 1868 1327; x_wconf 83' lang='lat' dir='ltr'>exte-</span> 
     </span>
     <span class='ocr_line' id='line_1_10' title="bbox 372 1368 1867 1455; baseline 0.004 -17"><span class='ocrx_word' id='word_1_40' title='bbox 372 1368 562 1439; x_wconf 86' lang='lat' dir='ltr'>riora</span> <span class='ocrx_word' id='word_1_41' title='bbox 593 1389 773 1441; x_wconf 89' lang='lat' dir='ltr'>cum</span> <span class='ocrx_word' id='word_1_42' title='bbox 822 1373 1170 1444; x_wconf 89' lang='lat' dir='ltr'>materia</span> <span class='ocrx_word' id='word_1_43' title='bbox 1207 1393 1376 1455; x_wconf 90' lang='lat' dir='ltr'>sua,</span> <span class='ocrx_word' id='word_1_44' title='bbox 1442 1377 1522 1446; x_wconf 90' lang='lat' dir='ltr'>et</span> <span class='ocrx_word' id='word_1_45' title='bbox 1573 1373 1686 1446; x_wconf 91' lang='lat' dir='ltr'>sic</span> <span class='ocrx_word' id='word_1_46' title='bbox 1751 1394 1867 1444; x_wconf 88' lang='lat' dir='ltr'>re-</span> 
     </span>
     <span class='ocr_line' id='line_1_11' title="bbox 369 1490 1866 1581; baseline 0.005 -25"><span class='ocrx_word' id='word_1_47' title='bbox 369 1506 659 1559; x_wconf 78' lang='lat' dir='ltr'>manens</span> <span class='ocrx_word' id='word_1_48' title='bbox 704 1490 1070 1562; x_wconf 79' lang='lat' dir='ltr'>exterius</span> <span class='ocrx_word' id='word_1_49' title='bbox 1138 1494 1262 1563; x_wconf 89' lang='lat' dir='ltr'>est</span> <span class='ocrx_word' id='word_1_50' title='bbox 1322 1490 1707 1581; x_wconf 86' lang='lat' dir='ltr'>frigidum</span> <span class='ocrx_word' id='word_1_51' title='bbox 1769 1514 1866 1564; x_wconf 82' lang='lat' dir='ltr'>ex</span> 
     </span>
     <span class='ocr_line' id='line_1_12' title="bbox 367 1605 1867 1700; baseline 0.004 -27"><span class='ocrx_word' id='word_1_52' title='bbox 367 1605 664 1696; x_wconf 87' lang='lat' dir='ltr'>propria</span> <span class='ocrx_word' id='word_1_53' title='bbox 708 1627 856 1677; x_wconf 86' lang='lat' dir='ltr'>sua</span> <span class='ocrx_word' id='word_1_54' title='bbox 899 1606 1347 1697; x_wconf 69' lang='lat' dir='ltr'>frigiditate</span> <span class='ocrx_word' id='word_1_55' title='bbox 1382 1609 1643 1699; x_wconf 86' lang='lat' dir='ltr'>magis</span> <span class='ocrx_word' id='word_1_56' title='bbox 1678 1629 1867 1700; x_wconf 89' lang='lat' dir='ltr'>aug·-</span> 
     </span>
     <span class='ocr_line' id='line_1_13' title="bbox 369 1722 1864 1806; baseline 0.002 -13"><span class='ocrx_word' id='word_1_57' title='bbox 369 1727 691 1795; x_wconf 86' lang='lat' dir='ltr'>mcntata</span> <span class='ocrx_word' id='word_1_58' title='bbox 742 1724 843 1794; x_wconf 89' lang='lat' dir='ltr'>ab</span> <span class='ocrx_word' id='word_1_59' title='bbox 883 1722 1439 1796; x_wconf 76' lang='lat' dir='ltr'>exterioribus</span> <span class='ocrx_word' id='word_1_60' title='bbox 1508 1726 1864 1806; x_wconf 90' lang='lat' dir='ltr'>veniens,</span> 
     </span>
     <span class='ocr_line' id='line_1_14' title="bbox 365 1839 1870 1937; baseline 0.004 -30"><span class='ocrx_word' id='word_1_61' title='bbox 365 1843 430 1911; x_wconf 89' lang='lat' dir='ltr'>et</span> <span class='ocrx_word' id='word_1_62' title='bbox 466 1839 767 1929; x_wconf 89' lang='lat' dir='ltr'>fugiens</span> <span class='ocrx_word' id='word_1_63' title='bbox 819 1840 1362 1937; x_wconf 75' lang='lat' dir='ltr'>caliditatem;</span> <span class='ocrx_word' id='word_1_64' title='bbox 1414 1843 1543 1913; x_wconf 90' lang='lat' dir='ltr'>sed</span> <span class='ocrx_word' id='word_1_65' title='bbox 1596 1847 1870 1916; x_wconf 90' lang='lat' dir='ltr'>tamen</span> 
     </span>
     <span class='ocr_line' id='line_1_15' title="bbox 365 1957 1867 2050; baseline 0.005 -26"><span class='ocrx_word' id='word_1_66' title='bbox 365 1974 498 2025; x_wconf 89' lang='lat' dir='ltr'>non</span> <span class='ocrx_word' id='word_1_67' title='bbox 533 1961 650 2029; x_wconf 90' lang='lat' dir='ltr'>est</span> <span class='ocrx_word' id='word_1_68' title='bbox 686 1957 1014 2029; x_wconf 90' lang='lat' dir='ltr'>omnino</span> <span class='ocrx_word' id='word_1_69' title='bbox 1051 1959 1332 2031; x_wconf 88' lang='lat' dir='ltr'>statim</span> <span class='ocrx_word' id='word_1_70' title='bbox 1376 1958 1867 2050; x_wconf 72' lang='lat' dir='ltr'>putrefactio</span> 
     </span>
     <span class='ocr_line' id='line_1_16' title="bbox 367 2069 1865 2167; baseline 0.005 -28"><span class='ocrx_word' id='word_1_71' title='bbox 367 2069 550 2143; x_wconf 86' lang='lat' dir='ltr'>facta</span> <span class='ocrx_word' id='word_1_72' title='bbox 625 2074 1062 2146; x_wconf 90' lang='lat' dir='ltr'>secundum</span> <span class='ocrx_word' id='word_1_73' title='bbox 1153 2079 1471 2167; x_wconf 86' lang='lat' dir='ltr'>partem</span> <span class='ocrx_word' id='word_1_74' title='bbox 1562 2077 1865 2149; x_wconf 88' lang='lat' dir='ltr'>siccam</span> 
     </span>
     <span class='ocr_line' id='line_1_17' title="bbox 366 2185 1868 2274; baseline 0.005 -19"><span class='ocrx_word' id='word_1_75' title='bbox 366 2185 509 2257; x_wconf 87' lang='lat' dir='ltr'>sive</span> <span class='ocrx_word' id='word_1_76' title='bbox 568 2189 932 2262; x_wconf 83' lang='lat' dir='ltr'>materiae</span> <span class='ocrx_word' id='word_1_77' title='bbox 998 2191 1074 2261; x_wconf 90' lang='lat' dir='ltr'>in</span> <span class='ocrx_word' id='word_1_78' title='bbox 1128 2191 1688 2274; x_wconf 59' lang='lat' dir='ltr'>interioribus</span> <span class='ocrx_word' id='word_1_79' title='bbox 1736 2193 1868 2263; x_wconf 88' lang='lat' dir='ltr'>sed</span> 
     </span>
     <span class='ocr_line' id='line_1_18' title="bbox 368 2304 1867 2389; baseline 0.006 -18"><span class='ocrx_word' id='word_1_80' title='bbox 368 2304 687 2377; x_wconf 80' lang='lat' dir='ltr'>retinens</span> <span class='ocrx_word' id='word_1_81' title='bbox 776 2306 1366 2389; x_wconf 80' lang='lat' dir='ltr'>humiditatem,</span> <span class='ocrx_word' id='word_1_82' title='bbox 1451 2309 1639 2382; x_wconf 90' lang='lat' dir='ltr'>licet</span> <span class='ocrx_word' id='word_1_83' title='bbox 1709 2330 1867 2380; x_wconf 91' lang='lat' dir='ltr'>non</span> 
     </span>
     <span class='ocr_line' id='line_1_19' title="bbox 365 2422 1862 2504; baseline 0.004 -14"><span class='ocrx_word' id='word_1_84' title='bbox 365 2422 889 2504; x_wconf 82' lang='lat' dir='ltr'>sufficientem,</span> <span class='ocrx_word' id='word_1_85' title='bbox 972 2426 1066 2495; x_wconf 86' lang='lat' dir='ltr'>ad</span> <span class='ocrx_word' id='word_1_86' title='bbox 1162 2425 1862 2499; x_wconf 80' lang='lat' dir='ltr'>continuationem</span> 
     </span>
     <span class='ocr_line' id='line_1_20' title="bbox 364 2537 1866 2631; baseline 0.005 -25"><span class='ocrx_word' id='word_1_87' title='bbox 364 2537 548 2619; x_wconf 79' lang='lat' dir='ltr'>vitae,</span> <span class='ocrx_word' id='word_1_88' title='bbox 593 2539 715 2610; x_wconf 86' lang='lat' dir='ltr'>vel</span> <span class='ocrx_word' id='word_1_89' title='bbox 771 2540 1276 2631; x_wconf 81' lang='lat' dir='ltr'>operationis</span> <span class='ocrx_word' id='word_1_90' title='bbox 1330 2541 1701 2623; x_wconf 86' lang='lat' dir='ltr'>alterius,</span> <span class='ocrx_word' id='word_1_91' title='bbox 1759 2544 1866 2614; x_wconf 89' lang='lat' dir='ltr'>vi·</span> 
     </span>
     <span class='ocr_line' id='line_1_21' title="bbox 363 2654 1865 2745; baseline 0.004 -22"><span class='ocrx_word' id='word_1_92' title='bbox 363 2654 615 2728; x_wconf 82' lang='lat' dir='ltr'>delicet</span> <span class='ocrx_word' id='word_1_93' title='bbox 653 2654 1156 2745; x_wconf 86' lang='lat' dir='ltr'>digestionis,</span> <span class='ocrx_word' id='word_1_94' title='bbox 1202 2662 1280 2730; x_wconf 87' lang='lat' dir='ltr'>et</span> <span class='ocrx_word' id='word_1_95' title='bbox 1314 2660 1865 2733; x_wconf 89' lang='lat' dir='ltr'>conservatio-</span> 
     </span>
     <span class='ocr_line' id='line_1_22' title="bbox 365 2770 1864 2867; baseline 0.004 -27"><span class='ocrx_word' id='word_1_96' title='bbox 365 2770 468 2841; x_wconf 82' lang='lat' dir='ltr'>nis</span> <span class='ocrx_word' id='word_1_97' title='bbox 516 2772 588 2842; x_wconf 91' lang='lat' dir='ltr'>in</span> <span class='ocrx_word' id='word_1_98' title='bbox 641 2796 772 2841; x_wconf 68' lang='lat' dir='ltr'>esse·</span> <span class='ocrx_word' id='word_1_99' title='bbox 838 2772 955 2844; x_wconf 91' lang='lat' dir='ltr'>rei</span> <span class='ocrx_word' id='word_1_100' title='bbox 1018 2773 1453 2846; x_wconf 88' lang='lat' dir='ltr'>secundum</span> <span class='ocrx_word' id='word_1_101' title='bbox 1515 2775 1864 2867; x_wconf 89' lang='lat' dir='ltr'>speciem</span> 
     </span>
     <span class='ocr_line' id='line_1_23' title="bbox 368 2887 1865 2983; baseline 0.005 -29"><span class='ocrx_word' id='word_1_102' title='bbox 368 2887 716 2976; x_wconf 83' lang='lat' dir='ltr'>priorem,</span> <span class='ocrx_word' id='word_1_103' title='bbox 781 2893 861 2962; x_wconf 91' lang='lat' dir='ltr'>et</span> <span class='ocrx_word' id='word_1_104' title='bbox 929 2889 1043 2961; x_wconf 93' lang='lat' dir='ltr'>sic</span> <span class='ocrx_word' id='word_1_105' title='bbox 1077 2892 1646 2983; x_wconf 87' lang='lat' dir='ltr'>corrumpitur</span> <span class='ocrx_word' id='word_1_106' title='bbox 1709 2891 1865 2962; x_wconf 88' lang='lat' dir='ltr'>for-</span> 
     </span>
     <span class='ocr_line' id='line_1_24' title="bbox 366 3005 1866 3101; baseline 0.007 -30"><span class='ocrx_word' id='word_1_107' title='bbox 366 3023 472 3073; x_wconf 87' lang='lat' dir='ltr'>ma</span> <span class='ocrx_word' id='word_1_108' title='bbox 561 3005 1119 3079; x_wconf 87' lang='lat' dir='ltr'>substantialis</span> <span class='ocrx_word' id='word_1_109' title='bbox 1209 3009 1694 3101; x_wconf 81' lang='lat' dir='ltr'>praecedens,</span> <span class='ocrx_word' id='word_1_110' title='bbox 1786 3013 1866 3081; x_wconf 90' lang='lat' dir='ltr'>et</span> 
     </span>
    </p>
   </div>
   <div class='ocr_carea' id='block_1_4' title="bbox 365 3122 1876 3218">
    <p class='ocr_par' dir='ltr' id='par_1_4' title="bbox 365 3122 1876 3218">
     <span class='ocr_line' id='line_1_25' title="bbox 365 3122 1876 3218; baseline -0.003 -28"><span class='ocrx_word' id='word_1_111' title='bbox 365 3122 562 3210; x_wconf 86' lang='lat' dir='ltr'>quasi</span> <span class='ocrx_word' id='word_1_112' title='bbox 606 3122 691 3195; x_wconf 87' lang='lat' dir='ltr'>fit</span> <span class='ocrx_word' id='word_1_113' title='bbox 725 3123 999 3214; x_wconf 90' lang='lat' dir='ltr'>aliqua</span> <span class='ocrx_word' id='word_1_114' title='bbox 1051 3127 1474 3217; x_wconf 81' lang='lat' dir='ltr'>proportio</span> <span class='ocrx_word' id='word_1_115' title='bbox 1527 3126 1876 3218; x_wconf 67' lang='lat' dir='ltr'>quauta-.</span> 
     </span>
    </p>
   </div>
   <div class='ocr_carea' id='block_1_5' title="bbox 359 3241 1866 5674">
    <p class='ocr_par' dir='ltr' id='par_1_5' title="bbox 359 3241 1866 5201">
     <span class='ocr_line' id='line_1_26' title="bbox 367 3241 1866 3335; baseline 0.005 -27"><span class='ocrx_word' id='word_1_116' title='bbox 367 3241 534 3319; x_wconf 86' lang='lat' dir='ltr'>tum,</span> <span class='ocrx_word' id='word_1_117' title='bbox 590 3241 680 3312; x_wconf 88' lang='lat' dir='ltr'>ad</span> <span class='ocrx_word' id='word_1_118' title='bbox 721 3261 962 3332; x_wconf 91' lang='lat' dir='ltr'>quam</span> <span class='ocrx_word' id='word_1_119' title='bbox 1007 3244 1538 3334; x_wconf 81' lang='lat' dir='ltr'>consequitur</span> <span class='ocrx_word' id='word_1_120' title='bbox 1594 3244 1866 3335; x_wconf 85' lang='lat' dir='ltr'>aliqua</span> 
     </span>
     <span class='ocr_line' id='line_1_27' title="bbox 365 3349 1863 3448; baseline 0.008 -29"><span class='ocrx_word' id='word_1_121' title='bbox 365 3349 596 3424; x_wconf 88' lang='lat' dir='ltr'>forma</span> <span class='ocrx_word' id='word_1_122' title='bbox 666 3353 1013 3427; x_wconf 86' lang='lat' dir='ltr'>alterius</span> <span class='ocrx_word' id='word_1_123' title='bbox 1076 3357 1399 3447; x_wconf 85' lang='lat' dir='ltr'>speciei,</span> <span class='ocrx_word' id='word_1_124' title='bbox 1475 3363 1664 3430; x_wconf 88' lang='lat' dir='ltr'>tunc</span> <span class='ocrx_word' id='word_1_125' title='bbox 1738 3379 1863 3448; x_wconf 86' lang='lat' dir='ltr'>ge-</span> 
     </span>
     <span class='ocr_line' id='line_1_28' title="bbox 365 3470 1864 3565; baseline 0.007 -30"><span class='ocrx_word' id='word_1_126' title='bbox 365 3473 667 3541; x_wconf 89' lang='lat' dir='ltr'>neratur</span> <span class='ocrx_word' id='word_1_127' title='bbox 735 3470 898 3542; x_wconf 90' lang='lat' dir='ltr'>alia</span> <span class='ocrx_word' id='word_1_128' title='bbox 952 3471 1220 3543; x_wconf 85' lang='lat' dir='ltr'>forma</span> <span class='ocrx_word' id='word_1_129' title='bbox 1284 3479 1368 3545; x_wconf 89' lang='lat' dir='ltr'>ut</span> <span class='ocrx_word' id='word_1_130' title='bbox 1405 3479 1594 3565; x_wconf 89' lang='lat' dir='ltr'>puta</span> <span class='ocrx_word' id='word_1_131' title='bbox 1639 3475 1864 3546; x_wconf 88' lang='lat' dir='ltr'>cada-</span> 
     </span>
     <span class='ocr_line' id='line_1_29' title="bbox 364 3583 1864 3683; baseline 0.009 -34"><span class='ocrx_word' id='word_1_132' title='bbox 364 3583 573 3666; x_wconf 79' lang='lat' dir='ltr'>veris,</span> <span class='ocrx_word' id='word_1_133' title='bbox 618 3587 1051 3659; x_wconf 82' lang='lat' dir='ltr'>secundum</span> <span class='ocrx_word' id='word_1_134' title='bbox 1082 3589 1644 3664; x_wconf 79' lang='lat' dir='ltr'>diversitatem</span> <span class='ocrx_word' id='word_1_135' title='bbox 1686 3612 1864 3683; x_wconf 89' lang='lat' dir='ltr'>pro-</span> 
     </span>
     <span class='ocr_line' id='line_1_30' title="bbox 369 3702 1865 3795; baseline 0.009 -28"><span class='ocrx_word' id='word_1_136' title='bbox 369 3702 798 3787; x_wconf 83' lang='lat' dir='ltr'>portionum</span> <span class='ocrx_word' id='word_1_137' title='bbox 923 3706 1413 3795; x_wconf 81' lang='lat' dir='ltr'>qualitatum</span> <span class='ocrx_word' id='word_1_138' title='bbox 1547 3708 1865 3782; x_wconf 88' lang='lat' dir='ltr'>relicta-</span> 
     </span>
     <span class='ocr_line' id='line_1_31' title="bbox 365 3821 1862 3898; baseline 0.009 -17"><span class='ocrx_word' id='word_1_139' title='bbox 365 3834 518 3888; x_wconf 87' lang='lat' dir='ltr'>rum</span> <span class='ocrx_word' id='word_1_140' title='bbox 626 3821 710 3893; x_wconf 79' lang='lat' dir='ltr'>iit</span> <span class='ocrx_word' id='word_1_141' title='bbox 841 3821 1279 3896; x_wconf 86' lang='lat' dir='ltr'>diversitas</span> <span class='ocrx_word' id='word_1_142' title='bbox 1405 3822 1862 3898; x_wconf 87' lang='lat' dir='ltr'>formarum</span> 
     </span>
     <span class='ocr_line' id='line_1_32' title="bbox 370 3936 1863 4030; baseline 0.009 -28"><span class='ocrx_word' id='word_1_143' title='bbox 370 3936 916 4019; x_wconf 81' lang='lat' dir='ltr'>generabilium</span> <span class='ocrx_word' id='word_1_144' title='bbox 991 3959 1088 4008; x_wconf 82' lang='lat' dir='ltr'>ex</span> <span class='ocrx_word' id='word_1_145' title='bbox 1179 3940 1706 4030; x_wconf 89' lang='lat' dir='ltr'>putrefactis;</span> <span class='ocrx_word' id='word_1_146' title='bbox 1785 3948 1863 4015; x_wconf 88' lang='lat' dir='ltr'>et</span> 
     </span>
     <span class='ocr_line' id='line_1_33' title="bbox 367 4046 1862 4146; baseline 0.01 -31"><span class='ocrx_word' id='word_1_147' title='bbox 367 4046 462 4118; x_wconf 86' lang='lat' dir='ltr'>sic</span> <span class='ocrx_word' id='word_1_148' title='bbox 491 4052 971 4141; x_wconf 86' lang='lat' dir='ltr'>putrefactio</span> <span class='ocrx_word' id='word_1_149' title='bbox 1021 4055 1201 4144; x_wconf 88' lang='lat' dir='ltr'>ejus</span> <span class='ocrx_word' id='word_1_150' title='bbox 1246 4056 1453 4146; x_wconf 91' lang='lat' dir='ltr'>quod</span> <span class='ocrx_word' id='word_1_151' title='bbox 1495 4078 1862 4129; x_wconf 87' lang='lat' dir='ltr'>corrum-</span> 
     </span>
     <span class='ocr_line' id='line_1_34' title="bbox 367 4163 1857 4265; baseline 0.01 -34"><span class='ocrx_word' id='word_1_152' title='bbox 367 4163 580 4252; x_wconf 90' lang='lat' dir='ltr'>pitur,</span> <span class='ocrx_word' id='word_1_153' title='bbox 615 4173 736 4241; x_wconf 85' lang='lat' dir='ltr'>est</span> <span class='ocrx_word' id='word_1_154' title='bbox 787 4169 1216 4262; x_wconf 89' lang='lat' dir='ltr'>dispositio</span> <span class='ocrx_word' id='word_1_155' title='bbox 1259 4176 1857 4265; x_wconf 88' lang='lat' dir='ltr'>consequentis,</span> 
     </span>
     <span class='ocr_line' id='line_1_35' title="bbox 361 4284 1862 4384; baseline 0.011 -32"><span class='ocrx_word' id='word_1_156' title='bbox 361 4284 468 4354; x_wconf 80' lang='lat' dir='ltr'>vel</span> <span class='ocrx_word' id='word_1_157' title='bbox 514 4288 883 4364; x_wconf 85' lang='lat' dir='ltr'>alteratio</span> <span class='ocrx_word' id='word_1_158' title='bbox 940 4292 1205 4384; x_wconf 87' lang='lat' dir='ltr'>prima</span> <span class='ocrx_word' id='word_1_159' title='bbox 1261 4296 1353 4366; x_wconf 90' lang='lat' dir='ltr'>ad</span> <span class='ocrx_word' id='word_1_160' title='bbox 1408 4297 1862 4384; x_wconf 86' lang='lat' dir='ltr'>generatio-</span> 
     </span>
     <span class='ocr_line' id='line_1_36' title="bbox 361 4408 1859 4504; baseline 0.012 -36"><span class='ocrx_word' id='word_1_161' title='bbox 361 4418 518 4473; x_wconf 85' lang='lat' dir='ltr'>nem</span> <span class='ocrx_word' id='word_1_162' title='bbox 565 4408 927 4490; x_wconf 88' lang='lat' dir='ltr'>alterius,</span> <span class='ocrx_word' id='word_1_163' title='bbox 991 4415 1071 4482; x_wconf 90' lang='lat' dir='ltr'>et</span> <span class='ocrx_word' id='word_1_164' title='bbox 1132 4411 1246 4482; x_wconf 89' lang='lat' dir='ltr'>sic</span> <span class='ocrx_word' id='word_1_165' title='bbox 1301 4412 1395 4482; x_wconf 89' lang='lat' dir='ltr'>ad</span> <span class='ocrx_word' id='word_1_166' title='bbox 1461 4413 1859 4504; x_wconf 90' lang='lat' dir='ltr'>putrefac-</span> 
     </span>
     <span class='ocr_line' id='line_1_37' title="bbox 363 4518 1858 4621; baseline 0.009 -35"><span class='ocrx_word' id='word_1_167' title='bbox 363 4518 628 4596; x_wconf 87' lang='lat' dir='ltr'>tionem</span> <span class='ocrx_word' id='word_1_168' title='bbox 691 4546 932 4598; x_wconf 89' lang='lat' dir='ltr'>unam</span> <span class='ocrx_word' id='word_1_169' title='bbox 1013 4528 1502 4620; x_wconf 79' lang='lat' dir='ltr'>completam</span> <span class='ocrx_word' id='word_1_170' title='bbox 1588 4531 1858 4621; x_wconf 82' lang='lat' dir='ltr'>plures</span> 
     </span>
     <span class='ocr_line' id='line_1_38' title="bbox 361 4640 1856 4736; baseline 0.012 -36"><span class='ocrx_word' id='word_1_171' title='bbox 361 4645 829 4714; x_wconf 86' lang='lat' dir='ltr'>concurrunt</span> <span class='ocrx_word' id='word_1_172' title='bbox 874 4640 1369 4715; x_wconf 83' lang='lat' dir='ltr'>mutationes</span> <span class='ocrx_word' id='word_1_173' title='bbox 1425 4643 1501 4714; x_wconf 91' lang='lat' dir='ltr'>in</span> <span class='ocrx_word' id='word_1_174' title='bbox 1567 4646 1856 4736; x_wconf 86' lang='lat' dir='ltr'>princi-</span> 
     </span>
     <span class='ocr_line' id='line_1_39' title="bbox 363 4749 1857 4852; baseline 0.011 -32"><span class='ocrx_word' id='word_1_175' title='bbox 363 4749 478 4840; x_wconf 79' lang='lat' dir='ltr'>p&#39;io</span> <span class='ocrx_word' id='word_1_176' title='bbox 517 4763 770 4831; x_wconf 88' lang='lat' dir='ltr'>motus</span> <span class='ocrx_word' id='word_1_177' title='bbox 833 4760 1378 4840; x_wconf 83' lang='lat' dir='ltr'>alterationis,</span> <span class='ocrx_word' id='word_1_178' title='bbox 1455 4783 1610 4852; x_wconf 92' lang='lat' dir='ltr'>quo</span> <span class='ocrx_word' id='word_1_179' title='bbox 1671 4764 1857 4836; x_wconf 90' lang='lat' dir='ltr'>cali-</span> 
     </span>
     <span class='ocr_line' id='line_1_40' title="bbox 359 4863 1857 4958; baseline 0.016 -28"><span class='ocrx_word' id='word_1_180' title='bbox 359 4863 516 4938; x_wconf 86' lang='lat' dir='ltr'>dum</span> <span class='ocrx_word' id='word_1_181' title='bbox 549 4871 883 4948; x_wconf 89' lang='lat' dir='ltr'>interius</span> <span class='ocrx_word' id='word_1_182' title='bbox 925 4877 1440 4958; x_wconf 82' lang='lat' dir='ltr'>calefaciens,</span> <span class='ocrx_word' id='word_1_183' title='bbox 1489 4879 1857 4954; x_wconf 88' lang='lat' dir='ltr'>videlicet</span> 
     </span>
     <span class='ocr_line' id='line_1_41' title="bbox 362 4980 1856 5088; baseline 0.014 -42"><span class='ocrx_word' id='word_1_184' title='bbox 362 4980 732 5063; x_wconf 79' lang='lat' dir='ltr'>exhalatio</span> <span class='ocrx_word' id='word_1_185' title='bbox 803 4990 1136 5074; x_wconf 88' lang='lat' dir='ltr'>humidi,</span> <span class='ocrx_word' id='word_1_186' title='bbox 1183 4995 1306 5066; x_wconf 93' lang='lat' dir='ltr'>vel</span> <span class='ocrx_word' id='word_1_187' title='bbox 1345 5000 1612 5067; x_wconf 82' lang='lat' dir='ltr'>motus</span> <span class='ocrx_word' id='word_1_188' title='bbox 1682 4997 1856 5088; x_wconf 79' lang='lat' dir='ltr'>ejus</span> 
     </span>
     <span class='ocr_line' id='line_1_42' title="bbox 362 5096 1560 5201; baseline 0.014 -38"><span class='ocrx_word' id='word_1_189' title='bbox 362 5096 441 5166; x_wconf 88' lang='lat' dir='ltr'>ad</span> <span class='ocrx_word' id='word_1_190' title='bbox 467 5108 866 5180; x_wconf 84' lang='lat' dir='ltr'>exteriora</span> <span class='ocrx_word' id='word_1_191' title='bbox 902 5111 1560 5201; x_wconf 83' lang='lat' dir='ltr'>putrefactibilis.</span> 
     </span>
    </p>

    <p class='ocr_par' dir='ltr' id='par_1_6' title="bbox 365 5213 1857 5674">
     <span class='ocr_line' id='line_1_43' title="bbox 438 5213 1857 5320; baseline 0.011 -36"><span class='ocrx_word' id='word_1_192' title='bbox 438 5213 707 5304; x_wconf 88' lang='lat' dir='ltr'>Tertio,</span> <span class='ocrx_word' id='word_1_193' title='bbox 772 5225 1248 5309; x_wconf 84' lang='lat' dir='ltr'>exsiccati0‚</span> <span class='ocrx_word' id='word_1_194' title='bbox 1306 5250 1479 5320; x_wconf 67' lang='lat' dir='ltr'>quae</span> <span class='ocrx_word' id='word_1_195' title='bbox 1557 5235 1680 5301; x_wconf 86' lang='lat' dir='ltr'>est</span> <span class='ocrx_word' id='word_1_196' title='bbox 1730 5251 1857 5300; x_wconf 80' lang='lat' dir='ltr'>ex-</span> 
     </span>
     <span class='ocr_line' id='line_1_44' title="bbox 365 5326 1857 5432; baseline 0.008 -27"><span class='ocrx_word' id='word_1_197' title='bbox 365 5326 623 5412; x_wconf 81' lang='lat' dir='ltr'>halatio</span> <span class='ocrx_word' id='word_1_198' title='bbox 723 5341 1021 5432; x_wconf 81' lang='lat' dir='ltr'>frigida</span> <span class='ocrx_word' id='word_1_199' title='bbox 1115 5344 1670 5425; x_wconf 84' lang='lat' dir='ltr'>interioribus,</span> <span class='ocrx_word' id='word_1_200' title='bbox 1779 5349 1857 5417; x_wconf 86' lang='lat' dir='ltr'>et</span> 
     </span>
     <span class='ocr_line' id='line_1_45' title="bbox 369 5447 1855 5556; baseline 0.012 -38"><span class='ocrx_word' id='word_1_201' title='bbox 369 5447 514 5524; x_wconf 82' lang='lat' dir='ltr'>tunc</span> <span class='ocrx_word' id='word_1_202' title='bbox 575 5459 1010 5556; x_wconf 85' lang='lat' dir='ltr'>corruptio</span> <span class='ocrx_word' id='word_1_203' title='bbox 1079 5461 1643 5534; x_wconf 80' lang='lat' dir='ltr'>substantialis</span> <span class='ocrx_word' id='word_1_204' title='bbox 1698 5464 1855 5536; x_wconf 91' lang='lat' dir='ltr'>for-</span> 
     </span>
     <span class='ocr_line' id='line_1_46' title="bbox 368 5575 1856 5674; baseline 0.008 -36"><span class='ocrx_word' id='word_1_205' title='bbox 368 5578 482 5638; x_wconf 77' lang='lat' dir='ltr'>mae</span> <span class='ocrx_word' id='word_1_206' title='bbox 541 5575 651 5647; x_wconf 89' lang='lat' dir='ltr'>rei</span> <span class='ocrx_word' id='word_1_207' title='bbox 711 5576 1368 5674; x_wconf 82' lang='lat' dir='ltr'>putrefactibilis,</span> <span class='ocrx_word' id='word_1_208' title='bbox 1433 5585 1510 5652; x_wconf 91' lang='lat' dir='ltr'>et</span> <span class='ocrx_word' id='word_1_209' title='bbox 1577 5585 1856 5670; x_wconf 82' lang='lat' dir='ltr'>postea</span> 
     </span>
    </p>
   </div>
   <div class='ocr_carea' id='block_1_6' title="bbox 1969 553 3530 4010">
    <p class='ocr_par' dir='ltr' id='par_1_7' title="bbox 1969 553 3530 4010">
     <span class='ocr_line' id='line_1_47' title="bbox 1983 553 3528 643; baseline 0.001 -18"><span class='ocrx_word' id='word_1_210' title='bbox 1983 555 2406 643; x_wconf 87' lang='lat' dir='ltr'>generatio</span> <span class='ocrx_word' id='word_1_211' title='bbox 2431 554 2993 628; x_wconf 85' lang='lat' dir='ltr'>substantialis</span> <span class='ocrx_word' id='word_1_212' title='bbox 3026 553 3309 627; x_wconf 84' lang='lat' dir='ltr'>formae</span> <span class='ocrx_word' id='word_1_213' title='bbox 3335 555 3528 629; x_wconf 88' lang='lat' dir='ltr'>alte-</span> 
     </span>
     <span class='ocr_line' id='line_1_48' title="bbox 1988 670 3529 762; baseline 0.001 -19"><span class='ocrx_word' id='word_1_214' title='bbox 1988 670 2160 743; x_wconf 87' lang='lat' dir='ltr'>rius</span> <span class='ocrx_word' id='word_1_215' title='bbox 2200 671 2524 762; x_wconf 87' lang='lat' dir='ltr'>speciei.</span> <span class='ocrx_word' id='word_1_216' title='bbox 2553 672 2718 743; x_wconf 88' lang='lat' dir='ltr'>Nec</span> <span class='ocrx_word' id='word_1_217' title='bbox 2752 676 3020 744; x_wconf 89' lang='lat' dir='ltr'>cessat</span> <span class='ocrx_word' id='word_1_218' title='bbox 3058 670 3339 754; x_wconf 86' lang='lat' dir='ltr'>adhuc,</span> <span class='ocrx_word' id='word_1_219' title='bbox 3377 673 3529 744; x_wconf 91' lang='lat' dir='ltr'>sal·</span> 
     </span>
     <span class='ocr_line' id='line_1_49' title="bbox 1987 788 3530 880; baseline 0.001 -19"><span class='ocrx_word' id='word_1_220' title='bbox 1987 794 2150 861; x_wconf 88' lang='lat' dir='ltr'>tem</span> <span class='ocrx_word' id='word_1_221' title='bbox 2188 788 2387 862; x_wconf 85' lang='lat' dir='ltr'>utin</span> <span class='ocrx_word' id='word_1_222' title='bbox 2435 788 2822 880; x_wconf 88' lang='lat' dir='ltr'>pluribus,</span> <span class='ocrx_word' id='word_1_223' title='bbox 2875 789 3006 860; x_wconf 87' lang='lat' dir='ltr'>sed</span> <span class='ocrx_word' id='word_1_224' title='bbox 3055 788 3406 862; x_wconf 92' lang='lat' dir='ltr'>ulterius</span> <span class='ocrx_word' id='word_1_225' title='bbox 3439 788 3530 863; x_wconf 77' lang='lat' dir='ltr'>fit</span> 
     </span>
     <span class='ocr_line' id='line_1_50' title="bbox 1983 905 3529 997; baseline 0.001 -23"><span class='ocrx_word' id='word_1_226' title='bbox 1983 905 2206 976; x_wconf 86' lang='lat' dir='ltr'>exsic</span> <span class='ocrx_word' id='word_1_227' title='bbox 2263 905 2433 977; x_wconf 87' lang='lat' dir='ltr'>atio</span> <span class='ocrx_word' id='word_1_228' title='bbox 2538 905 3162 978; x_wconf 85' lang='lat' dir='ltr'>extremitatum</span> <span class='ocrx_word' id='word_1_229' title='bbox 3258 909 3529 997; x_wconf 87' lang='lat' dir='ltr'>putre·-</span> 
     </span>
     <span class='ocr_line' id='line_1_51' title="bbox 1986 1019 3529 1110; baseline -0.001 -19"><span class='ocrx_word' id='word_1_230' title='bbox 1986 1019 2399 1101; x_wconf 87' lang='lat' dir='ltr'>factibilis,</span> <span class='ocrx_word' id='word_1_231' title='bbox 2437 1024 2516 1092; x_wconf 89' lang='lat' dir='ltr'>et</span> <span class='ocrx_word' id='word_1_232' title='bbox 2551 1020 2781 1110; x_wconf 84' lang='lat' dir='ltr'>quasi</span> <span class='ocrx_word' id='word_1_233' title='bbox 2819 1019 3217 1093; x_wconf 87' lang='lat' dir='ltr'>resolutio</span> <span class='ocrx_word' id='word_1_234' title='bbox 3251 1020 3345 1092; x_wconf 89' lang='lat' dir='ltr'>ad</span> <span class='ocrx_word' id='word_1_235' title='bbox 3378 1019 3529 1090; x_wconf 90' lang='lat' dir='ltr'>ele-</span> 
     </span>
     <span class='ocr_line' id='line_1_52' title="bbox 1985 1136 3528 1231; baseline -0.001 -22"><span class='ocrx_word' id='word_1_236' title='bbox 1985 1143 2282 1220; x_wconf 87' lang='lat' dir='ltr'>menta,</span> <span class='ocrx_word' id='word_1_237' title='bbox 2308 1138 2679 1210; x_wconf 89' lang='lat' dir='ltr'>videlicet</span> <span class='ocrx_word' id='word_1_238' title='bbox 2705 1157 3025 1231; x_wconf 89' lang='lat' dir='ltr'>aquam,</span> <span class='ocrx_word' id='word_1_239' title='bbox 3055 1141 3392 1217; x_wconf 78' lang='lat' dir='ltr'>terra-m,</span> <span class='ocrx_word' id='word_1_240' title='bbox 3422 1136 3528 1208; x_wconf 90' lang='lat' dir='ltr'>ci-</span> 
     </span>
     <span class='ocr_line' id='line_1_53' title="bbox 1983 1253 3521 1352; baseline -0.001 -28"><span class='ocrx_word' id='word_1_241' title='bbox 1983 1274 2244 1335; x_wconf 80' lang='lat' dir='ltr'>nereS,</span> <span class='ocrx_word' id='word_1_242' title='bbox 2291 1258 2370 1327; x_wconf 91' lang='lat' dir='ltr'>et</span> <span class='ocrx_word' id='word_1_243' title='bbox 2407 1274 2705 1352; x_wconf 84' lang='lat' dir='ltr'>aerem,</span> <span class='ocrx_word' id='word_1_244' title='bbox 2743 1253 3118 1326; x_wconf 88' lang='lat' dir='ltr'>videlicet</span> <span class='ocrx_word' id='word_1_245' title='bbox 3146 1272 3521 1344; x_wconf 87' lang='lat' dir='ltr'>vapores,</span> 
     </span>
     <span class='ocr_line' id='line_1_54' title="bbox 1985 1367 3526 1460; baseline 0.001 -22"><span class='ocrx_word' id='word_1_246' title='bbox 1985 1370 2269 1460; x_wconf 88' lang='lat' dir='ltr'>quibus</span> <span class='ocrx_word' id='word_1_247' title='bbox 2307 1369 2844 1445; x_wconf 84' lang='lat' dir='ltr'>mediantibus</span> <span class='ocrx_word' id='word_1_248' title='bbox 2889 1367 3134 1441; x_wconf 86' lang='lat' dir='ltr'>foetor</span> <span class='ocrx_word' id='word_1_249' title='bbox 3193 1367 3272 1439; x_wconf 92' lang='lat' dir='ltr'>in</span> <span class='ocrx_word' id='word_1_250' title='bbox 3336 1388 3526 1439; x_wconf 88' lang='lat' dir='ltr'>aere</span> 
     </span>
     <span class='ocr_line' id='line_1_55' title="bbox 1984 1484 3527 1578; baseline -0.001 -21"><span class='ocrx_word' id='word_1_251' title='bbox 1984 1486 2607 1578; x_wconf 88' lang='lat' dir='ltr'>multiplicatur,</span> <span class='ocrx_word' id='word_1_252' title='bbox 2644 1487 2768 1558; x_wconf 90' lang='lat' dir='ltr'>vel</span> <span class='ocrx_word' id='word_1_253' title='bbox 2815 1507 2975 1557; x_wconf 89' lang='lat' dir='ltr'>non</span> <span class='ocrx_word' id='word_1_254' title='bbox 3015 1485 3186 1557; x_wconf 90' lang='lat' dir='ltr'>sinc</span> <span class='ocrx_word' id='word_1_255' title='bbox 3227 1484 3370 1555; x_wconf 88' lang='lat' dir='ltr'>eis.</span> <span class='ocrx_word' id='word_1_256' title='bbox 3426 1486 3527 1556; x_wconf 82' lang='lat' dir='ltr'>Et</span> 
     </span>
     <span class='ocr_line' id='line_1_56' title="bbox 1979 1601 3527 1696; baseline -0.001 -22"><span class='ocrx_word' id='word_1_257' title='bbox 1979 1603 2168 1694; x_wconf 89' lang='lat' dir='ltr'>quia</span> <span class='ocrx_word' id='word_1_258' title='bbox 2207 1623 2618 1695; x_wconf 90' lang='lat' dir='ltr'>nunquam</span> <span class='ocrx_word' id='word_1_259' title='bbox 2671 1601 3312 1696; x_wconf 85' lang='lat' dir='ltr'>putrefactibiles</span> <span class='ocrx_word' id='word_1_260' title='bbox 3367 1621 3527 1673; x_wconf 86' lang='lat' dir='ltr'>ma-</span> 
     </span>
     <span class='ocr_line' id='line_1_57' title="bbox 1982 1720 3521 1811; baseline 0.001 -20"><span class='ocrx_word' id='word_1_261' title='bbox 1982 1721 2105 1811; x_wconf 86' lang='lat' dir='ltr'>gis</span> <span class='ocrx_word' id='word_1_262' title='bbox 2139 1743 2235 1792; x_wconf 86' lang='lat' dir='ltr'>ex</span> <span class='ocrx_word' id='word_1_263' title='bbox 2268 1723 2626 1794; x_wconf 90' lang='lat' dir='ltr'>dominio</span> <span class='ocrx_word' id='word_1_264' title='bbox 2665 1726 2853 1794; x_wconf 90' lang='lat' dir='ltr'>sunt</span> <span class='ocrx_word' id='word_1_265' title='bbox 2884 1743 2982 1793; x_wconf 83' lang='lat' dir='ltr'>ex</span> <span class='ocrx_word' id='word_1_266' title='bbox 3018 1720 3197 1794; x_wconf 90' lang='lat' dir='ltr'>istis</span> <span class='ocrx_word' id='word_1_267' title='bbox 3232 1720 3521 1800; x_wconf 88' lang='lat' dir='ltr'>tribus,</span> 
     </span>
     <span class='ocr_line' id='line_1_58' title="bbox 1984 1836 3522 1931; baseline 0 -23"><span class='ocrx_word' id='word_1_268' title='bbox 1984 1836 2063 1908; x_wconf 91' lang='lat' dir='ltr'>in</span> <span class='ocrx_word' id='word_1_269' title='bbox 2097 1836 2264 1909; x_wconf 75' lang='lat' dir='ltr'>liaec</span> <span class='ocrx_word' id='word_1_270' title='bbox 2310 1839 2473 1911; x_wconf 87' lang='lat' dir='ltr'>tria</span> <span class='ocrx_word' id='word_1_271' title='bbox 2511 1843 2694 1931; x_wconf 89' lang='lat' dir='ltr'>post</span> <span class='ocrx_word' id='word_1_272' title='bbox 2738 1839 3363 1930; x_wconf 88' lang='lat' dir='ltr'>corruptionem</span> <span class='ocrx_word' id='word_1_273' title='bbox 3399 1858 3522 1909; x_wconf 86' lang='lat' dir='ltr'>ca-</span> 
     </span>
     <span class='ocr_line' id='line_1_59' title="bbox 1983 1953 3526 2045; baseline -0.001 -21"><span class='ocrx_word' id='word_1_274' title='bbox 1983 1953 2212 2034; x_wconf 90' lang='lat' dir='ltr'>loris,</span> <span class='ocrx_word' id='word_1_275' title='bbox 2262 1955 2395 2045; x_wconf 89' lang='lat' dir='ltr'>qui</span> <span class='ocrx_word' id='word_1_276' title='bbox 2428 1961 2552 2027; x_wconf 88' lang='lat' dir='ltr'>est</span> <span class='ocrx_word' id='word_1_277' title='bbox 2586 1956 2767 2028; x_wconf 90' lang='lat' dir='ltr'>loco</span> <span class='ocrx_word' id='word_1_278' title='bbox 2806 1954 3043 2044; x_wconf 86' lang='lat' dir='ltr'>ignis,</span> <span class='ocrx_word' id='word_1_279' title='bbox 3082 1957 3352 2027; x_wconf 89' lang='lat' dir='ltr'>cessat</span> <span class='ocrx_word' id='word_1_280' title='bbox 3395 1974 3526 2045; x_wconf 90' lang='lat' dir='ltr'>pu-</span> 
     </span>
     <span class='ocr_line' id='line_1_60' title="bbox 1984 2069 3523 2152; baseline -0.001 -9"><span class='ocrx_word' id='word_1_281' title='bbox 1984 2070 2368 2145; x_wconf 88' lang='lat' dir='ltr'>trefactio</span> <span class='ocrx_word' id='word_1_282' title='bbox 2412 2072 2814 2152; x_wconf 88' lang='lat' dir='ltr'>ultimate,</span> <span class='ocrx_word' id='word_1_283' title='bbox 2852 2077 2933 2146; x_wconf 92' lang='lat' dir='ltr'>et</span> <span class='ocrx_word' id='word_1_284' title='bbox 2976 2072 3097 2142; x_wconf 66' lang='lat' dir='ltr'>life</span> <span class='ocrx_word' id='word_1_285' title='bbox 3142 2069 3523 2144; x_wconf 82' lang='lat' dir='ltr'>mutatio-</span> 
     </span>
     <span class='ocr_line' id='line_1_61' title="bbox 1980 2187 3527 2279; baseline -0.001 -21"><span class='ocrx_word' id='word_1_286' title='bbox 1980 2207 2121 2258; x_wconf 88' lang='lat' dir='ltr'>nes</span> <span class='ocrx_word' id='word_1_287' title='bbox 2176 2188 2647 2279; x_wconf 86' lang='lat' dir='ltr'>quandoque</span> <span class='ocrx_word' id='word_1_288' title='bbox 2691 2190 3286 2270; x_wconf 85' lang='lat' dir='ltr'>accelerantur,</span> <span class='ocrx_word' id='word_1_289' title='bbox 3332 2187 3527 2261; x_wconf 92' lang='lat' dir='ltr'>etin</span> 
     </span>
     <span class='ocr_line' id='line_1_62' title="bbox 1969 2302 3525 2397; baseline 0.003 -27"><span class='ocrx_word' id='word_1_290' title='bbox 1969 2302 2206 2397; x_wconf 81' lang='lat' dir='ltr'>brevi</span> <span class='ocrx_word' id='word_1_291' title='bbox 2312 2305 2682 2395; x_wconf 89' lang='lat' dir='ltr'>tempore</span> <span class='ocrx_word' id='word_1_292' title='bbox 2751 2304 2976 2386; x_wconf 90' lang='lat' dir='ltr'>fiunt,</span> <span class='ocrx_word' id='word_1_293' title='bbox 3051 2304 3525 2396; x_wconf 89' lang='lat' dir='ltr'>quandoque</span> 
     </span>
     <span class='ocr_line' id='line_1_63' title="bbox 1981 2418 3522 2514; baseline 0.001 -24"><span class='ocrx_word' id='word_1_294' title='bbox 1981 2418 2234 2499; x_wconf 89' lang='lat' dir='ltr'>tarde,</span> <span class='ocrx_word' id='word_1_295' title='bbox 2283 2422 2363 2492; x_wconf 91' lang='lat' dir='ltr'>et</span> <span class='ocrx_word' id='word_1_296' title='bbox 2418 2420 2868 2493; x_wconf 89' lang='lat' dir='ltr'>accelerari</span> <span class='ocrx_word' id='word_1_297' title='bbox 2906 2425 3253 2514; x_wconf 90' lang='lat' dir='ltr'>possunt</span> <span class='ocrx_word' id='word_1_298' title='bbox 3313 2420 3522 2494; x_wconf 89' lang='lat' dir='ltr'>artis</span> 
     </span>
     <span class='ocr_line' id='line_1_64' title="bbox 1970 2535 3524 2629; baseline 0.001 -23"><span class='ocrx_word' id='word_1_299' title='bbox 1970 2535 2415 2627; x_wconf 77' lang='lat' dir='ltr'>juvamine,</span> <span class='ocrx_word' id='word_1_300' title='bbox 2458 2537 2845 2628; x_wconf 85' lang='lat' dir='ltr'>potentiis</span> <span class='ocrx_word' id='word_1_301' title='bbox 2879 2538 3197 2619; x_wconf 86' lang='lat' dir='ltr'>activis,</span> <span class='ocrx_word' id='word_1_302' title='bbox 3233 2542 3314 2611; x_wconf 88' lang='lat' dir='ltr'>et</span> <span class='ocrx_word' id='word_1_303' title='bbox 3351 2557 3524 2629; x_wconf 88' lang='lat' dir='ltr'>pas-</span> 
     </span>
     <span class='ocr_line' id='line_1_65' title="bbox 1981 2651 3521 2746; baseline 0.003 -25"><span class='ocrx_word' id='word_1_304' title='bbox 1981 2651 2179 2723; x_wconf 90' lang='lat' dir='ltr'>sivis</span> <span class='ocrx_word' id='word_1_305' title='bbox 2213 2653 2674 2746; x_wconf 86' lang='lat' dir='ltr'>applicatis,</span> <span class='ocrx_word' id='word_1_306' title='bbox 2733 2659 2814 2726; x_wconf 87' lang='lat' dir='ltr'>et</span> <span class='ocrx_word' id='word_1_307' title='bbox 2858 2653 2975 2726; x_wconf 92' lang='lat' dir='ltr'>sic</span> <span class='ocrx_word' id='word_1_308' title='bbox 3035 2654 3123 2726; x_wconf 86' lang='lat' dir='ltr'>fit</span> <span class='ocrx_word' id='word_1_309' title='bbox 3170 2654 3521 2726; x_wconf 89' lang='lat' dir='ltr'>rarefac-</span> 
     </span>
     <span class='ocr_line' id='line_1_66' title="bbox 1978 2768 3522 2863; baseline 0.001 -23"><span class='ocrx_word' id='word_1_310' title='bbox 1978 2768 2095 2840; x_wconf 89' lang='lat' dir='ltr'>tio</span> <span class='ocrx_word' id='word_1_311' title='bbox 2195 2768 2824 2862; x_wconf 87' lang='lat' dir='ltr'>putrefactibilis</span> <span class='ocrx_word' id='word_1_312' title='bbox 2920 2771 2998 2842; x_wconf 90' lang='lat' dir='ltr'>in</span> <span class='ocrx_word' id='word_1_313' title='bbox 3092 2770 3522 2863; x_wconf 87' lang='lat' dir='ltr'>principio,</span> 
     </span>
     <span class='ocr_line' id='line_1_67' title="bbox 1979 2887 3526 2980; baseline 0.001 -23"><span class='ocrx_word' id='word_1_314' title='bbox 1979 2907 2163 2957; x_wconf 90' lang='lat' dir='ltr'>cum</span> <span class='ocrx_word' id='word_1_315' title='bbox 2240 2887 2472 2958; x_wconf 89' lang='lat' dir='ltr'>calor</span> <span class='ocrx_word' id='word_1_316' title='bbox 2513 2892 2884 2977; x_wconf 83' lang='lat' dir='ltr'>augetur,</span> <span class='ocrx_word' id='word_1_317' title='bbox 2959 2892 3039 2961; x_wconf 90' lang='lat' dir='ltr'>et</span> <span class='ocrx_word' id='word_1_318' title='bbox 3096 2887 3526 2980; x_wconf 88' lang='lat' dir='ltr'>corruptio</span> 
     </span>
     <span class='ocr_line' id='line_1_68' title="bbox 1980 3003 3527 3097; baseline 0.001 -24"><span class='ocrx_word' id='word_1_319' title='bbox 1980 3003 2287 3075; x_wconf 85' lang='lat' dir='ltr'>caloris</span> <span class='ocrx_word' id='word_1_320' title='bbox 2369 3005 2730 3097; x_wconf 89' lang='lat' dir='ltr'>proprii;</span> <span class='ocrx_word' id='word_1_321' title='bbox 2805 3010 2884 3078; x_wconf 90' lang='lat' dir='ltr'>et</span> <span class='ocrx_word' id='word_1_322' title='bbox 2952 3004 3033 3076; x_wconf 89' lang='lat' dir='ltr'>in</span> <span class='ocrx_word' id='word_1_323' title='bbox 3090 3005 3246 3076; x_wconf 86' lang='lat' dir='ltr'>fine</span> <span class='ocrx_word' id='word_1_324' title='bbox 3302 3004 3527 3077; x_wconf 89' lang='lat' dir='ltr'>circa</span> 
     </span>
     <span class='ocr_line' id='line_1_69' title="bbox 1979 3121 3529 3213; baseline 0.001 -21"><span class='ocrx_word' id='word_1_325' title='bbox 1979 3121 2600 3213; x_wconf 88' lang='lat' dir='ltr'>corruptionem</span> <span class='ocrx_word' id='word_1_326' title='bbox 2636 3121 2923 3195; x_wconf 70' lang='lat' dir='ltr'>forma)</span> <span class='ocrx_word' id='word_1_327' title='bbox 2962 3121 3529 3196; x_wconf 89' lang='lat' dir='ltr'>substantialis</span> 
     </span>
     <span class='ocr_line' id='line_1_70' title="bbox 1979 3240 3529 3334; baseline 0.001 -24"><span class='ocrx_word' id='word_1_328' title='bbox 1979 3240 2067 3313; x_wconf 85' lang='lat' dir='ltr'>fit</span> <span class='ocrx_word' id='word_1_329' title='bbox 2118 3240 2643 3315; x_wconf 87' lang='lat' dir='ltr'>condensatio</span> <span class='ocrx_word' id='word_1_330' title='bbox 2678 3242 3056 3334; x_wconf 87' lang='lat' dir='ltr'>corporis</span> <span class='ocrx_word' id='word_1_331' title='bbox 3110 3261 3529 3313; x_wconf 89' lang='lat' dir='ltr'>remanen-</span> 
     </span>
     <span class='ocr_line' id='line_1_71' title="bbox 1980 3357 3525 3450; baseline 0.001 -20"><span class='ocrx_word' id='word_1_332' title='bbox 1980 3357 2088 3430; x_wconf 81' lang='lat' dir='ltr'>tis</span> <span class='ocrx_word' id='word_1_333' title='bbox 2146 3362 2484 3450; x_wconf 88' lang='lat' dir='ltr'>propter</span> <span class='ocrx_word' id='word_1_334' title='bbox 2533 3358 3098 3449; x_wconf 85' lang='lat' dir='ltr'>frigiditatem,</span> <span class='ocrx_word' id='word_1_335' title='bbox 3166 3365 3246 3432; x_wconf 90' lang='lat' dir='ltr'>et</span> <span class='ocrx_word' id='word_1_336' title='bbox 3299 3357 3525 3431; x_wconf 89' lang='lat' dir='ltr'>sicci-</span> 
     </span>
     <span class='ocr_line' id='line_1_72' title="bbox 1979 3474 3524 3571; baseline 0 -25"><span class='ocrx_word' id='word_1_337' title='bbox 1979 3479 2259 3553; x_wconf 87' lang='lat' dir='ltr'>tatem,</span> <span class='ocrx_word' id='word_1_338' title='bbox 2298 3478 2377 3546; x_wconf 88' lang='lat' dir='ltr'>et</span> <span class='ocrx_word' id='word_1_339' title='bbox 2431 3474 2610 3547; x_wconf 90' lang='lat' dir='ltr'>istis</span> <span class='ocrx_word' id='word_1_340' title='bbox 2648 3475 3017 3571; x_wconf 88' lang='lat' dir='ltr'>omnibus</span> <span class='ocrx_word' id='word_1_341' title='bbox 3054 3475 3292 3548; x_wconf 88' lang='lat' dir='ltr'>factis</span> <span class='ocrx_word' id='word_1_342' title='bbox 3334 3481 3524 3548; x_wconf 88' lang='lat' dir='ltr'>tunc</span> 
     </span>
     <span class='ocr_line' id='line_1_73' title="bbox 1977 3589 3527 3683; baseline 0.002 -22"><span class='ocrx_word' id='word_1_343' title='bbox 1977 3589 2385 3681; x_wconf 87' lang='lat' dir='ltr'>completa</span> <span class='ocrx_word' id='word_1_344' title='bbox 2423 3594 2548 3663; x_wconf 89' lang='lat' dir='ltr'>cst</span> <span class='ocrx_word' id='word_1_345' title='bbox 2583 3592 3039 3683; x_wconf 90' lang='lat' dir='ltr'>corruptio.</span> <span class='ocrx_word' id='word_1_346' title='bbox 3082 3594 3183 3665; x_wconf 85' lang='lat' dir='ltr'>Et</span> <span class='ocrx_word' id='word_1_347' title='bbox 3217 3591 3370 3664; x_wconf 90' lang='lat' dir='ltr'>istc</span> <span class='ocrx_word' id='word_1_348' title='bbox 3401 3597 3527 3664; x_wconf 87' lang='lat' dir='ltr'>est</span> 
     </span>
     <span class='ocr_line' id='line_1_74' title="bbox 1984 3707 3523 3798; baseline 0.002 -21"><span class='ocrx_word' id='word_1_349' title='bbox 1984 3710 2280 3786; x_wconf 85' lang='lat' dir='ltr'>motus,</span> <span class='ocrx_word' id='word_1_350' title='bbox 2329 3728 2563 3798; x_wconf 90' lang='lat' dir='ltr'>quem</span> <span class='ocrx_word' id='word_1_351' title='bbox 2610 3707 3168 3796; x_wconf 87' lang='lat' dir='ltr'>imaginantur</span> <span class='ocrx_word' id='word_1_352' title='bbox 3235 3708 3523 3780; x_wconf 89' lang='lat' dir='ltr'>Aucto-</span> 
     </span>
     <span class='ocr_line' id='line_1_75' title="bbox 1988 3819 3523 3912; baseline 0.005 -24"><span class='ocrx_word' id='word_1_353' title='bbox 1988 3839 2114 3890; x_wconf 90' lang='lat' dir='ltr'>res</span> <span class='ocrx_word' id='word_1_354' title='bbox 2152 3820 2551 3909; x_wconf 91' lang='lat' dir='ltr'>quomodo</span> <span class='ocrx_word' id='word_1_355' title='bbox 2620 3820 2762 3893; x_wconf 84' lang='lat' dir='ltr'>fiat</span> <span class='ocrx_word' id='word_1_356' title='bbox 2828 3819 3349 3912; x_wconf 87' lang='lat' dir='ltr'>putrefactio.</span> <span class='ocrx_word' id='word_1_357' title='bbox 3423 3824 3523 3896; x_wconf 80' lang='lat' dir='ltr'>Et</span> 
     </span>
     <span class='ocr_line' id='line_1_76' title="bbox 1980 3935 2673 4010; baseline 0 -5"><span class='ocrx_word' id='word_1_358' title='bbox 1980 3935 2130 4008; x_wconf 78' lang='lat' dir='ltr'>lioc</span> <span class='ocrx_word' id='word_1_359' title='bbox 2180 3939 2271 4010; x_wconf 90' lang='lat' dir='ltr'>de</span> <span class='ocrx_word' id='word_1_360' title='bbox 2305 3936 2673 4008; x_wconf 90' lang='lat' dir='ltr'>secundo.</span> 
     </span>
    </p>
   </div>
   <div class='ocr_carea' id='block_1_7' title="bbox 2483 4275 3023 4332">
    <p class='ocr_par' dir='ltr' id='par_1_8' title="bbox 2483 4275 3023 4332">
     <span class='ocr_line' id='line_1_77' title="bbox 2483 4275 3023 4332; baseline -0.002 0"><span class='ocrx_word' id='word_1_361' title='bbox 2483 4275 2904 4332; x_wconf 80' lang='lat' dir='ltr'>ART1CULUS</span> <span class='ocrx_word' id='word_1_362' title='bbox 2934 4277 3023 4331; x_wconf 88' lang='lat'>111.</span> 
     </span>
    </p>
   </div>
   <div class='ocr_carea' id='block_1_8' title="bbox 1982 4456 3512 4659">
    <p class='ocr_par' dir='ltr' id='par_1_9' title="bbox 1982 4456 3512 4659">
     <span class='ocr_line' id='line_1_78' title="bbox 1982 4456 3512 4546; baseline 0.004 -27"><span class='ocrx_word' id='word_1_363' title='bbox 1982 4456 2072 4520; x_wconf 84' lang='lat' dir='ltr'>De</span> <span class='ocrx_word' id='word_1_364' title='bbox 2100 4457 2643 4542; x_wconf 64' lang='lat' dir='ltr'>propriclacibm,</span> <span class='ocrx_word' id='word_1_365' title='bbox 2706 4467 2767 4521; x_wconf 84' lang='lat' dir='ltr'>el</span> <span class='ocrx_word' id='word_1_366' title='bbox 2812 4457 3262 4525; x_wconf 73' lang='lat' dir='ltr'>accidentibus</span> <span class='ocrx_word' id='word_1_367' title='bbox 3288 4470 3512 4546; x_wconf 75' lang='lat' dir='ltr'>putre·</span> 
     </span>
     <span class='ocr_line' id='line_1_79' title="bbox 2202 4566 3290 4659; baseline 0.004 -21"><span class='ocrx_word' id='word_1_368' title='bbox 2202 4566 2544 4659; x_wconf 63' lang='lat' dir='ltr'>factionis,</span> <span class='ocrx_word' id='word_1_369' title='bbox 2583 4587 2643 4639; x_wconf 80' lang='lat' dir='ltr'>ce</span> <span class='ocrx_word' id='word_1_370' title='bbox 2682 4576 2763 4641; x_wconf 76' lang='lat' dir='ltr'>cle</span> <span class='ocrx_word' id='word_1_371' title='bbox 2791 4579 3009 4643; x_wconf 77' lang='lat' dir='ltr'>causis</span> <span class='ocrx_word' id='word_1_372' title='bbox 3040 4598 3290 4642; x_wconf 79' lang='lat' dir='ltr'>earum.</span> 
     </span>
    </p>
   </div>
   <div class='ocr_carea' id='block_1_9' title="bbox 1969 4772 3517 5672">
    <p class='ocr_par' dir='ltr' id='par_1_10' title="bbox 1969 4772 3517 5672">
     <span class='ocr_line' id='line_1_80' title="bbox 2066 4772 3517 4856; baseline 0.004 -12"><span class='ocrx_word' id='word_1_373' title='bbox 2066 4773 2210 4844; x_wconf 79' lang='lat' dir='ltr'>Sed</span> <span class='ocrx_word' id='word_1_374' title='bbox 2299 4792 2507 4843; x_wconf 85' lang='lat' dir='ltr'>nunc</span> <span class='ocrx_word' id='word_1_375' title='bbox 2585 4772 2675 4843; x_wconf 89' lang='lat' dir='ltr'>dc</span> <span class='ocrx_word' id='word_1_376' title='bbox 2772 4774 3048 4856; x_wconf 86' lang='lat' dir='ltr'>tertiO,</span> <span class='ocrx_word' id='word_1_377' title='bbox 3143 4774 3517 4850; x_wconf 89' lang='lat' dir='ltr'>videlicet</span> 
     </span>
     <span class='ocr_line' id='line_1_81' title="bbox 1977 4888 3514 4984; baseline 0.003 -26"><span class='ocrx_word' id='word_1_378' title='bbox 1977 4888 2646 4981; x_wconf 80' lang='lat' dir='ltr'>proprietatilms,</span> <span class='ocrx_word' id='word_1_379' title='bbox 2685 4894 2765 4962; x_wconf 92' lang='lat' dir='ltr'>et</span> <span class='ocrx_word' id='word_1_380' title='bbox 2800 4890 3345 4964; x_wconf 88' lang='lat' dir='ltr'>accidentibus</span> <span class='ocrx_word' id='word_1_381' title='bbox 3382 4913 3514 4984; x_wconf 88' lang='lat' dir='ltr'>pu-</span> 
     </span>
     <span class='ocr_line' id='line_1_82' title="bbox 1976 5003 3510 5085; baseline 0.001 -10"><span class='ocrx_word' id='word_1_382' title='bbox 1976 5003 2516 5085; x_wconf 52' lang='lat' dir='ltr'>trefactionis</span> <span class='ocrx_word' id='word_1_383' title='bbox 2599 5010 2679 5077; x_wconf 88' lang='lat' dir='ltr'>et</span> <span class='ocrx_word' id='word_1_384' title='bbox 2784 5005 3056 5077; x_wconf 88' lang='lat' dir='ltr'>causis</span> <span class='ocrx_word' id='word_1_385' title='bbox 3134 5007 3510 5080; x_wconf 84' lang='lat' dir='ltr'>istarum.</span> 
     </span>
     <span class='ocr_line' id='line_1_83' title="bbox 1973 5121 3512 5215; baseline 0.003 -26"><span class='ocrx_word' id='word_1_386' title='bbox 1973 5123 2190 5191; x_wconf 83' lang='lat' dir='ltr'>Unde</span> <span class='ocrx_word' id='word_1_387' title='bbox 2240 5121 2503 5212; x_wconf 89' lang='lat' dir='ltr'>primo</span> <span class='ocrx_word' id='word_1_388' title='bbox 2565 5121 2856 5195; x_wconf 86' lang='lat' dir='ltr'>accidit</span> <span class='ocrx_word' id='word_1_389' title='bbox 2907 5123 3336 5195; x_wconf 86' lang='lat' dir='ltr'>calefactio</span> <span class='ocrx_word' id='word_1_390' title='bbox 3381 5145 3512 5215; x_wconf 90' lang='lat' dir='ltr'>pu-</span> 
     </span>
     <span class='ocr_line' id='line_1_84' title="bbox 1975 5235 3514 5318; baseline 0.001 -10"><span class='ocrx_word' id='word_1_391' title='bbox 1975 5235 2500 5308; x_wconf 81' lang='lat' dir='ltr'>trefa-etibilis</span> <span class='ocrx_word' id='word_1_392' title='bbox 2578 5236 3063 5318; x_wconf 87' lang='lat' dir='ltr'>inordinata,</span> <span class='ocrx_word' id='word_1_393' title='bbox 3118 5238 3244 5309; x_wconf 87' lang='lat' dir='ltr'>vel</span> <span class='ocrx_word' id='word_1_394' title='bbox 3298 5238 3514 5310; x_wconf 87' lang='lat' dir='ltr'>inna-</span> 
     </span>
     <span class='ocr_line' id='line_1_85' title="bbox 1977 5352 3514 5446; baseline 0 -22"><span class='ocrx_word' id='word_1_395' title='bbox 1977 5352 2271 5424; x_wconf 77' lang='lat' dir='ltr'>turalis</span> <span class='ocrx_word' id='word_1_396' title='bbox 2317 5353 2492 5432; x_wconf 81' lang='lat' dir='ltr'>sibi,</span> <span class='ocrx_word' id='word_1_397' title='bbox 2561 5354 2766 5444; x_wconf 89' lang='lat' dir='ltr'>quod</span> <span class='ocrx_word' id='word_1_398' title='bbox 2817 5358 3034 5445; x_wconf 90' lang='lat' dir='ltr'>patet</span> <span class='ocrx_word' id='word_1_399' title='bbox 3094 5354 3184 5424; x_wconf 89' lang='lat' dir='ltr'>dc</span> <span class='ocrx_word' id='word_1_400' title='bbox 3236 5375 3318 5424; x_wconf 89' lang='lat' dir='ltr'>se</span> <span class='ocrx_word' id='word_1_401' title='bbox 3371 5375 3514 5446; x_wconf 87' lang='lat' dir='ltr'>per</span> 
     </span>
     <span class='ocr_line' id='line_1_86' title="bbox 1969 5467 3509 5561; baseline 0.003 -23"><span class='ocrx_word' id='word_1_402' title='bbox 1969 5467 2587 5560; x_wconf 79' lang='lat' dir='ltr'>experientiam.</span> <span class='ocrx_word' id='word_1_403' title='bbox 2637 5472 2737 5542; x_wconf 85' lang='lat' dir='ltr'>Et</span> <span class='ocrx_word' id='word_1_404' title='bbox 2769 5489 3016 5542; x_wconf 83' lang='lat' dir='ltr'>causa</span> <span class='ocrx_word' id='word_1_405' title='bbox 3093 5474 3241 5550; x_wconf 86' lang='lat' dir='ltr'>est,</span> <span class='ocrx_word' id='word_1_406' title='bbox 3326 5471 3509 5561; x_wconf 88' lang='lat' dir='ltr'>quia</span> 
     </span>
     <span class='ocr_line' id='line_1_87' title="bbox 1970 5585 3510 5672; baseline 0.008 -17"><span class='ocrx_word' id='word_1_407' title='bbox 1970 5585 2334 5668; x_wconf 84' lang='lat' dir='ltr'>exterius</span> <span class='ocrx_word' id='word_1_408' title='bbox 2389 5586 2738 5672; x_wconf 86' lang='lat' dir='ltr'>calidum</span> <span class='ocrx_word' id='word_1_409' title='bbox 2784 5588 3211 5661; x_wconf 89' lang='lat' dir='ltr'>continens</span> <span class='ocrx_word' id='word_1_410' title='bbox 3258 5588 3510 5671; x_wconf 83' lang='lat' dir='ltr'>inten-</span> 
     </span>
    </p>
   </div>
   <div class='ocr_carea' id='block_1_10' title="bbox 3675 4796 3758 4846">
    <p class='ocr_par' dir='ltr' id='par_1_11' title="bbox 3675 4796 3758 4846">
     <span class='ocr_line' id='line_1_88' title="bbox 3675 4796 3758 4846; baseline 0.012 -1"><span class='ocrx_word' id='word_1_411' title='bbox 3675 4796 3758 4846; x_wconf 72' lang='lat'>2⁴.</span> 
     </span>
    </p>
   </div>
  </div>
 </body>
</html>
