4252 6393
171 1420 324 1532 ’,ἔρῳ

1699 401 2059 491 QuAEs‘rio
2108 407 2158 476 v

368 582 797 651 ventorum.
846 577 945 650 Et
976 574 1230 649 tertio
1260 575 1353 646 de
1385 574 1658 645 causis
1692 595 1886 667 quo-

368 699 707 772 rumdam
749 697 1181 770 effectuum
1222 698 1681 768 ventorum.

827 1027 1261 1085 ARTICULUS
1358 1027 1398 1082 1.

675 1204 862 1270 Unde
886 1205 1290 1291 proveniant
1319 1204 1501 1269 vem-i
1513 1203 1545 1269 :⁷

435 1405 831 1482 Quantum
875 1402 969 1472 ad
1022 1401 1405 1494 primum,
1454 1399 1562 1473 sit
1614 1399 1880 1492 prima

171 1555 338 1595 mm.
359 1515 754 1588 conclusio
808 1516 1004 1597 ista;
1045 1518 1254 1607 quod
1285 1517 1505 1591 venti
1546 1516 1880 1591 veniunt

190 1609 255 1656 (ΙΙ

360 1633 858 1723 originaliter
926 1652 972 1704 a
1016 1633 1451 1715 montibus,
1509 1634 1878 1725 quemad-

357 1750 654 1822 modum
693 1755 775 1823 et
821 1749 1070 1831 fluvii,
1125 1750 1239 1824 ita
1291 1751 1496 1842 quod
1545 1750 1879 1824 veniunt

355 1886 394 1936 a
430 1865 623 1939 locis
684 1866 876 1938 altis
921 1867 1509 1957 quodammodo
1559 1868 1877 1941 tenden-

355 1980 545 2055 tibus
613 1984 709 2054 ad
777 1982 1351 2063 declivitatem,
1416 1983 1628 2057 sicut
1689 1988 1876 2057 sunt

354 2096 596 2170 latera
666 2099 1090 2181 montium,
1165 2121 1341 2191 quae
1419 2103 1608 2174 sunt
1693 2100 1876 2173 loca

349 2233 715 2285 convexa.
765 2214 1174 2288 Probatur
1227 2241 1241 2284 :
1299 2217 1412 2287 De
1465 2215 1627 2286 illis
1674 2213 1873 2287 locis

346 2331 663 2404 veniunt
748 2332 968 2405 venti
1064 2331 1612 2423 originaliter,
1697 2352 1873 2424 quae

346 2451 516 2519 sunt
586 2447 1017 2540 aptissima
1089 2449 1184 2520 ad
1257 2448 1873 2538 generationem

342 2567 810 2637 ventorum:
858 2564 993 2635 sed
1036 2564 1215 2636 loca
1258 2566 1635 2638 montosa
1685 2567 1874 2638 sunt

345 2676 790 2769 hujusmodi
837 2705 853 2761 ;
898 2699 1125 2770 erge,
1172 2684 1326 2753 etc.
1369 2681 1639 2773 Major
1678 2685 1874 2753 nota

343 2800 474 2876 est,
566 2800 642 2868 et
686 2796 960 2869 minor
1020 2801 1269 2889 patet,
1324 2797 1509 2889 quia
1554 2802 1873 2871 montes

344 2917 515 2985 sunt
561 2912 739 2985 loca
780 2933 1167 2994 concava,
1222 2934 1531 3006 perosa
1573 2915 1665 2986 ad
1710 2933 1873 2985 rno-

336 3028 503 3102 dum
540 3030 941 3123 spongiae:
974 3033 1207 3104 modo
1240 3031 1443 3105 talia
1474 3032 1654 3105 loca
1686 3034 1874 3104 sunt

339 3147 675 3219 maxime
704 3147 1107 3241 disposita
1138 3150 1233 3222 ad
1258 3149 1871 3241 generationem

337 3264 900 3348 exhalationis,
957 3265 1169 3339 sicut
1214 3267 1480 3359 patuit
1532 3267 1612 3338 in
1662 3270 1873 3341 trae-

337 3384 499 3454 tatu
544 3383 633 3454 de
687 3383 923 3454 modo
987 3384 1546 3474 generationis
1594 3383 1872 3455 fluvio-

338 3515 559 3569 rum:
634 3499 869 3570 modo
939 3503 1228 3571 ventus
1275 3504 1400 3573 est
1455 3498 1871 3573 exhalatio

336 3615 583 3687 calida
623 3620 705 3689 et
749 3615 970 3688 sicca
1007 3640 1022 3697 ;
1072 3616 1353 3707 igitur,
1391 3620 1546 3690 etc.

416 3732 800 3812 Secundo,
858 3731 1046 3824 quia
1100 3733 1465 3805 videmus
1531 3751 1870 3823 magnos

335 3851 631 3928 ventos,
676 3852 757 3920 et
807 3848 1108 3921 multos
1164 3849 1389 3922 circa
1432 3849 1611 3922 loca
1654 3869 1870 3921 mon-

335 3965 534 4044 tosa,
591 3969 933 4057 propter
985 3965 1589 4039 multitudinem
1631 3966 1871 4037 exha-

336 4077 656 4153 lationis
707 4081 789 4153 in
843 4082 1250 4155 montibus
1312 4083 1478 4155 illis
1540 4104 1869 4174 genera·

333 4200 519 4268 tam.

413 4322 710 4406 TertiO,
787 4323 977 4415 quia
1039 4325 1351 4396 Boreas
1422 4329 1503 4399 et
1572 4325 1872 4399 Auster

331 4440 657 4514 veniunt
701 4459 749 4511 a
782 4441 1241 4522 montibus;
1284 4440 1541 4531 igitur
1582 4446 1661 4514 et
1709 4463 1870 4513 om-

331 4573 463 4625 nes
497 4556 635 4629 alii
664 4556 914 4629 venti.
952 4558 1199 4630 Tenet
1258 4558 1863 4649 consequentia,

334 4669 514 4758 quia
556 4670 691 4745 isti
741 4673 930 4745 sunt
970 4672 1190 4745 venti
1243 4671 1682 4744 validiores
1727 4698 1741 4742 :
1789 4678 1869 4746 et

334 4790 802 4862 antecedens
844 4794 1093 4883 patet,
1124 4790 1391 4882 primo
1414 4791 1505 4863 de
1532 4792 1862 4871 Austr0,

333 4907 459 4997 qui
501 4908 715 4981 venit
760 4908 853 4980 de
910 4906 1318 4980 montibus
1372 4929 1659 4980 versus
1712 4928 1866 4980 me-

334 5022 634 5123 ridiem,
689 5024 879 5117 quia
920 5023 1048 5095 vel
1099 5023 1323 5097 venit
1375 5045 1421 5095 a
1462 5024 1656 5097 Polo
1715 5026 1865 5096 An-

331 5141 695 5220 taretico,
730 5140 859 5211 vel
896 5159 943 5210 a
981 5138 1331 5231 Tropico
1374 5140 1692 5221 Cancri,
1737 5140 1865 5211 vel

331 5273 373 5326 a
416 5258 845 5338 montibus,
911 5255 1047 5348 qui
1099 5256 1518 5330 situantur
1570 5278 1863 5329 versus

331 5374 760 5446 meridiem.
798 5374 981 5445 Non
1035 5391 1081 5442 a
1126 5373 1346 5455 Polo,
1396 5374 1584 5465 quia
1625 5373 1864 5447 exha-

331 5486 527 5561 latio
598 5491 823 5584 prius
883 5496 1537 5573 consumeretur,
1624 5511 1865 5583 quam

331 5605 636 5683 veniret
676 5608 771 5680 ad
805 5626 979 5690 nos,
1026 5608 1523 5683 transeundo
1565 5630 1707 5701 per
1744 5628 1866 5679 re-

3425 410 3537 482 1-17

1999 575 2322 664 gioncm
2368 579 2902 671 superiorem,
2943 584 3029 652 ut
3074 579 3310 652 Solis.
3364 581 3546 651 Non

1998 712 2045 763 a
2102 693 2453 786 Tropico
2515 696 2835 775 Cancri,
2890 701 3081 770 tunc
3151 696 3364 768 enim
3431 718 3546 768 se-

1999 814 2391 901 queretur
2422 812 2627 904 quod
2657 813 3043 885 veniendo
3076 830 3364 885 versus
3398 834 3545 884 nos

1999 927 2399 1001 transiret
2461 949 2708 1022 super
2752 930 3177 1003 cacumina
3236 929 3546 1003 altissi-

1999 1064 2323 1118 morum
2374 1047 2772 1120 montium
2814 1073 2828 1117 :
2878 1066 3380 1138 consequens
3421 1052 3545 1120 est

1995 1162 2319 1246 falsum,
2375 1165 2562 1255 quia
2606 1168 2794 1238 tunc
2837 1164 3158 1236 cineres
3226 1163 3544 1236 dimissi

1995 1301 2091 1351 ex
2142 1281 2571 1353 sacrificiis
2605 1283 2961 1354 Deorum
3019 1302 3178 1353 non
3232 1301 3544 1354 reman-

1996 1397 2295 1470 sissent
2327 1417 2473 1490 per
2505 1417 2805 1469 annum
2841 1417 3086 1488 super
3118 1396 3544 1467 eacumina

1998 1514 2421 1585 montium.
2478 1517 2579 1586 Et
2648 1516 2871 1606 patet
2935 1512 3536 1604 consequentia,

1995 1633 2182 1724 quia
2219 1633 2442 1706 venti
2476 1653 2635 1705 non
2671 1636 3014 1723 possunt
3047 1634 3365 1703 montes
3410 1651 3536 1722 pe·

1992 1755 2344 1823 netrare.

2082 1867 2604 1958 Relinquitur
2635 1887 2834 1956 ergo
2879 1866 3084 1956 quod
3125 1864 3456 1938 veniant
3489 1885 3534 1936 a
3585 1892 3742 1943 vemt
3770 1908 3863 1941 ve.

1993 1983 2427 2056 montibus.
2528 1984 3105 2063 confirmatur,
3416 2075 3419 2078 Ι

1988 2103 2290 2175 Auster
2337 2101 2654 2174 veniret
2703 2121 2749 2171 a
2809 2100 3029 2181 Polo,
3066 2100 3195 2171 vel
3246 2119 3292 2170 a
3343 2098 3535 2169 Tro-

1990 2219 2198 2311 pico,
2267 2223 2455 2292 tunc
2524 2222 3007 2309 sequeretur
3067 2215 3269 2307 quod
3334 2235 3533 2287 nun-

1991 2358 2230 2430 quam
2263 2336 2502 2409 flaret
2544 2336 2843 2408 Auster
2885 2334 2964 2406 in
3008 2335 3355 2426 septimo
3389 2332 3532 2404 cli-

1988 2458 2230 2535 mate,
2281 2451 2440 2524 nisi
2499 2450 2736 2524 flaret
2800 2451 2878 2522 in
2923 2449 3292 2522 omnibus
3347 2448 3532 2520 aliis

1986 2590 2239 2662 usque
2308 2569 2403 2640 ad
2491 2567 2934 2641 meridiem.
3017 2571 3532 2655 Consequens

1986 2691 2280 2761 contra
2313 2682 2931 2777 experientiam.
2981 2684 3081 2755 Et
3133 2681 3535 2774 probatur

1988 2802 2571 2894 consequentia
2605 2825 2619 2869 ε
2659 2801 2847 2893 quia
2880 2799 3117 2872 sitiet
3160 2798 3238 2870 in
3285 2797 3534 2890 septi-

1988 2941 2119 2993 mo
2154 2920 2509 3001 climate,
2547 2923 2626 2993 et
2659 2938 2817 2990 non
2855 2916 2932 2989 in
2967 2920 3223 2996 sexto,
3280 2912 3535 3005 sequi·

1988 3044 2128 3112 tur
2195 3039 2401 3130 quod
2467 3037 2689 3110 venit
2746 3035 3048 3107 deloco
3112 3032 3331 3106 ultra
3364 3052 3532 3102 sex-

1989 3159 2186 3237 tum,
2233 3160 2313 3229 et
2355 3174 2500 3248 per
2542 3155 2744 3228 istas
2792 3152 3110 3225 easdem
3166 3149 3532 3224 rationes

1988 3272 2468 3365 probabitur
2510 3272 2715 3364 quod
2749 3272 3054 3342 Boreas
3096 3289 3258 3340 non
3306 3268 3532 3341 venit

1986 3408 2033 3460 a
2076 3389 2274 3460 Polo
2319 3388 2678 3463 ArcticO.

2102 3507 2436 3587 Quarto,
2541 3504 2923 3593 arguitur
2991 3503 3086 3575 ad
3155 3502 3530 3596 quaestio-

1986 3637 2170 3690 nem
2205 3639 2350 3711 per
2384 3619 3017 3711 experientiam:
3050 3618 3238 3711 quia
3282 3638 3530 3710 quan-

1983 3736 2240 3827 doque
2288 3737 2651 3809 videmus
2694 3740 3022 3808 ventum
3081 3735 3362 3807 venire
3434 3733 3531 3805 ab

1987 3873 2146 3924 una
2189 3858 2422 3946 parte
2458 3853 2783 3934 montis,
2820 3856 2898 3925 et
2931 3851 3178 3925 etiam
3215 3872 3260 3923 a
3298 3852 3530 3943 parte

1986 3970 2139 4042 sibi
2202 3972 2600 4064 opposita,
2665 3975 2744 4043 et
2814 3969 2955 4043 fla-t
3015 3973 3310 4041 ventus
3373 3966 3527 4039 sibi

1983 4088 2482 4169 contrarius,
2558 4086 2788 4179 quasi
2850 4087 3084 4157 ambo
3149 4086 3269 4157 illi
3309 4084 3531 4158 venti

1981 4205 2355 4279 venirent
2397 4206 2524 4277 vel
2557 4205 2876 4280 exirent
2908 4205 2999 4276 de
3046 4204 3186 4277 illo
3230 4208 3530 4287 monte,

1985 4321 2190 4413 quod
2233 4343 2394 4393 non
2437 4326 2677 4401 esset,
2716 4322 2874 4395 nisi
2904 4320 3126 4394 venti
3165 4318 3532 4412 procede-

1987 4442 2168 4511 rent
2215 4438 2738 4529 originaliter
2779 4460 2825 4511 a
2867 4438 3299 4511 montibus.

2073 4555 2395 4637 Quinte,
2452 4555 2640 4646 quia
2684 4556 2798 4626 sic
2862 4553 3133 4646 posito
3193 4556 3526 4625 ventum

1981 4671 2262 4743 venire
2319 4671 2410 4741 de
2476 4670 2909 4750 montibus
2972 4669 3293 4744 fecilius
3353 4691 3529 4762 pos-

1985 4790 2164 4860 sent
2231 4787 2662 4880 provenire
2722 4787 3079 4873 effectus,
3153 4792 3231 4860 et
3292 4806 3530 4878 appa-

1986 4904 2270 4978 rentiae
2303 4908 2763 4984 ventorum,
2813 4909 2898 4977 ut
2947 4902 3251 4997 patebit
3297 4903 3375 4973 in
3416 4903 3527 4973 ul-

1982 5022 2185 5094 tima
2238 5026 2471 5114 parte
2515 5022 2990 5113 quaestionis
3028 5048 3040 5090 :
3086 5021 3339 5111 igitur
3377 5021 3526 5094 hoc

1982 5159 2308 5231 ponere,
2346 5142 2470 5211 cst
2514 5138 3027 5212 rationabile.

2071 5256 2430 5329 Secunda
2488 5256 2908 5328 conclusio
2960 5259 3109 5334 est,
3178 5255 3384 5346 quod
3429 5256 3524 5327 ad

1979 5369 2440 5463 hujusmodi
2538 5372 3154 5462 generationem
3247 5376 3523 5444 vento-

1984 5509 2163 5560 rum
2208 5510 2366 5559 non
2403 5488 2597 5562 facit
2642 5489 2904 5561 solum
2938 5488 3349 5561 exhalatio
3398 5508 3525 5577 ge-

1979 5610 2270 5679 nerata
2316 5605 2390 5678 in
2432 5606 2840 5680 montibus
2886 5632 2898 5675 ε
2942 5606 3102 5677 imo
3159 5626 3343 5677 cum
3390 5604 3525 5679 hu·

3606 1956 3772 2004 nium
3794 1970 3830 2004 a

3209 1981 3396 2073 qnia
3465 1979 3533 2052 Si
3582 2018 3866 2067 montibus.

3682 5291 3737 5343 3.
