4252 6393
692 434 811 498 416

373 623 511 675 Una
540 623 641 700 ›gy-
683 593 763 665 in
797 615 951 686 quo
987 599 1333 687 utraque
1366 597 1665 665 natura
1697 590 1981 663 unitur
2051 590 2226 662 sub-

358 695 652 811 ἕζῇζὲἷζῖξ,
678 710 1183 784 stantialiter
1238 714 1319 783 θῖ
1383 729 1543 780 non
1610 705 2101 787 formaliter,
2149 709 2227 778 et

403 813 562 863 '‘⁸¹⁷²“
677 830 948 899 tamen
989 832 1116 901 est
1187 825 1477 917 major,
1523 829 1604 898 et
1676 823 2074 905 intimior‚
2147 827 2227 896 ct

676 943 1122 1036 perfectior
1187 943 1375 1015 unio
1438 962 1677 1034 quam
1745 940 2032 1013 formae
2131 940 2225 1011 ad

678 1061 1135 1144 materiam,
1235 1061 1422 1152 quia
1490 1080 1649 1131 non
1708 1059 2002 1131 habent
2072 1057 2222 1129 hoc

672 1183 1044 1252 extrema
1074 1181 1164 1252 de
1203 1178 1521 1251 ratione
1576 1196 1746 1259 sua,
1787 1175 2221 1248 secundum

672 1316 909 1387 quem
981 1297 1301 1368 modum
1372 1293 1504 1366 hic
1572 1292 2061 1384 inquirimus
2130 1292 2220 1363 de

670 1411 992 1493 unione,
1033 1413 1165 1483 sed
1198 1411 1493 1483 habent
1524 1409 1673 1482 hoc
1718 1409 1893 1481 sola
1933 1408 2218 1480 volun-

671 1531 841 1602 tate
870 1527 1167 1600 divina.

758 1644 976 1726 Quod
1018 1642 1362 1725 additur,
1400 1641 1607 1733 quod
1664 1643 1789 1714 est
1832 1643 1989 1706 unio
2028 1641 2218 1705 ordi-

663 1760 1083 1840 natissima*‚
1160 1757 1347 1850 quia
1388 1777 1688 1848 corpus
1750 1755 2032 1825 unitur
2101 1754 2214 1825 in-

664 1880 1102 1961 tellectivo,
1167 1880 1380 1952 sicut
1423 1877 1903 1951 sensitivum
1956 1876 2209 1948 eidem

666 1997 948 2071 unitur
994 2023 1010 2068 z
1059 1997 1540 2071 sensitivum
1582 1999 1854 2068 autem
1928 1993 2212 2066 unitur

662 2111 1190 2195 intellectivo,
1249 2114 1461 2185 sicut
1520 2110 1930 2204 posterius
1993 2109 2208 2202 prio-

662 2228 998 2312 ri3tum
1070 2231 1257 2323 quia
1316 2248 1478 2302 non
1556 2231 1828 2321 posset
1909 2226 2207 2298 habere

660 2348 1283 2440 proprietatem,
1381 2345 1541 2418 nisi
1639 2344 1827 2437 quia
1924 2344 2207 2416 unitur

660 2465 1183 2547 intellectivo,
1242 2464 1368 2536 cui
1422 2463 1888 2556 proprietas
1922 2482 2067 2554 per
2119 2483 2204 2533 se

656 2586 737 2656 et
796 2582 1065 2675 primo
1127 2583 1513 2658 debetur:
1580 2586 1751 2655 tum
1801 2579 1986 2671 quia
2030 2600 2202 2650 sen-

658 2696 991 2771 sitivum
1047 2718 1208 2769 non
1267 2696 1684 2769 radicatur
1728 2695 1804 2767 in
1851 2692 2201 2765 materia

657 2813 1101 2908 spirituali,
1194 2813 1351 2886 nisi
1440 2833 1585 2905 per
1665 2812 2194 2884 intellectum.

657 2931 821 3004 Iste
888 2931 1083 3003 ordo
1152 2950 1310 3002 non
1394 2928 1715 3000 videtur
1783 2947 2197 3016 congruus

652 3049 1044 3138 quantum
1103 3047 1197 3118 ad
1273 3044 1627 3138 primum
1697 3043 2191 3123 membrum;

648 3182 810 3236 non
866 3163 1083 3236 enim
1145 3161 1732 3237 intellectivum
1795 3159 2033 3233 habet
2087 3159 2195 3230 in-

648 3280 1459 3374 corruptibilitatem,
1533 3279 1719 3371 quia
1772 3277 2193 3351 intellecti-

643 3417 863 3480 vum,
901 3400 1042 3471 aut
1075 3397 1263 3488 quia
1324 3392 1777 3487 spirituale,
1828 3391 2191 3482 alioquin

644 3534 946 3607 corpus
1005 3513 1186 3586 coeli
1228 3533 1388 3585 non
1439 3515 1652 3583 esset
1698 3508 2191 3600 incorrupti-

642 3631 800 3705 bile
863 3657 877 3701 :
946 3630 1137 3704 illud
1178 3634 1448 3704 autem
1516 3631 1642 3700 θεῖ
1696 3625 2188 3718 incorrupti-

640 3748 824 3843 bile,
879 3749 1067 3841 quia
1128 3769 1286 3820 non
1345 3745 1586 3819 habet
1628 3743 2180 3823 contrarium;

639 3887 783 3940 nec
819 3886 965 3939 sua
999 3864 1368 3946 materia,
1415 3864 1544 3951 (ut
1581 3866 1996 3935 ostensum
2031 3860 2185 3933 fuit

301 4008 319 4029 ·
349 4006 603 4061 numae.
642 3983 719 4055 in
760 3982 1244 4077 praecedenti
1288 3979 1816 4072 quaestione*)
1855 3981 1979 4049 est
2014 3978 2187 4049 sub-

375 4070 526 4122 ⁰²³⁶'
628 4104 850 4196 jecta
891 4100 1196 4175 actioni
1257 4098 1605 4190 alicujus
1670 4094 1988 4187 agentis
2047 4116 2181 4167 na-

633 4219 955 4293 turalis.
998 4218 1125 4290 Ita
1178 4214 1379 4296 dico,
1428 4214 1631 4306 quod
1667 4210 2175 4291 sensitivum,

633 4334 841 4424 quod
918 4337 1042 4406 θεῖ
1130 4352 1176 4404 a
1254 4336 1612 4410 creante,
1706 4350 1866 4401 non
1937 4327 2175 4399 habet

632 4448 1529 4543 incorruptibilitatem,
1589 4447 1777 4539 quia
1837 4450 1961 4519 est
2006 4446 2174 4517 uni-

628 4571 800 4640 tum
874 4564 1399 4646 intellectivo,
1464 4565 1594 4636 sed
1657 4563 1926 4656 potius
1985 4564 2176 4656 quia

626 4702 790 4755 non
845 4686 972 4756 θεῖ
1015 4683 1391 4755 eductum
1435 4680 1525 4751 de
1574 4680 1939 4772 potentia
2003 4701 2172 4751 ma-

627 4797 888 4879 teriae,
949 4817 1096 4870 nec
1155 4795 1399 4868 habet
1439 4792 1978 4874 contrarium,
2027 4815 2172 4868 nec

628 4933 775 4985 sua
824 4910 1174 4984 materia
1226 4907 1708 5003 spiritualis,
1762 4911 1886 4980 est
1927 4907 2172 4980 alicu-

618 5031 753 5125 jus
786 5027 998 5102 entis
1030 5028 1288 5101 creati
1322 5024 1951 5100 transmutabile
1996 5024 2172 5096 sub-

619 5146 961 5238 jectum.

717 5267 1124 5346 Quantum
1204 5261 1301 5333 ad
1385 5259 1822 5332 secundum
1919 5276 2167 5329 mcm-

624 5381 886 5463 brum,
977 5398 1138 5450 non
1220 5375 1543 5448 videtur
1643 5374 1891 5448 etiam
1971 5373 2166 5444 ordo

626 5518 1064 5589 congruus,
1139 5493 1327 5587 quia
1397 5492 1475 5564 in
1546 5492 1911 5565 omnibus
1962 5491 2168 5562 ordi-

626 5614 844 5691 natis
876 5612 1027 5687 hoc
1057 5612 1422 5684 videmus
1465 5610 1672 5703 quod
1710 5630 1804 5681 ea
1863 5629 2035 5702 quae
2075 5607 2167 5680 de

326 1782 344 1803 ⁶
373 1783 486 1834 vide
514 1799 566 1835 n.

358 5328 439 5381 ⁴4.

1840 432 1939 493 DE
1982 431 2249 494 RERUM
2290 429 2673 496 PRlNClPlO

2348 592 2666 665 ratione
2724 612 2870 664 sua
2927 595 3115 666 sunt
3176 591 3523 666 minoris
3585 595 3879 687 perfec·

2343 709 2618 792 tioniS,
2660 711 2886 804 prius
2940 711 3595 785 introducuntur.
3643 715 3879 806 Prop-

2340 829 2471 898 ter
2539 830 2746 920 quod
2814 830 3007 903 dicit
3091 834 3737 906 commentator.
3817 835 3873 903 1.

2338 945 2778 1032 Physicorum
2834 970 3068 1015 comm.
3120 949 3233 1019 81.
3289 948 3490 1040 quod
3537 948 3878 1020 materia

2339 1059 2699 1133 induitur
2739 1061 3057 1145 formis,
3097 1084 3272 1155 quae
3317 1069 3502 1138 sunt
3536 1064 3875 1137 minoris

2339 1176 2891 1268 perfectionis,
2984 1180 3097 1255 ita
3190 1181 3407 1253 enim
3501 1181 3865 1254 videmus

2337 1296 2771 1368 materiam
2850 1300 2927 1369 et
3007 1303 3272 1372 artem
3355 1298 3433 1369 in
3508 1300 3872 1373 omnibus

2335 1411 2505 1483 suis
2551 1413 2932 1505 operibus
2978 1419 3438 1508 procedere.
3485 1420 3685 1490 Cum
3738 1418 3873 1509 igi·
3907 1419 3968 1533 f

2334 1532 2470 1600 tur
2527 1529 3107 1620 vegetativum,
3182 1531 3688 1614 sensitivum‚
3768 1533 3873 1606 in-

2329 1645 2829 1720 tellectivum
2876 1648 3346 1722 radicentur
3393 1649 3473 1721 in
3518 1670 3672 1722 una
3707 1671 3872 1723 ma-

2327 1758 2538 1831 teria
2592 1760 3032 1852 spirituali,
3079 1782 3407 1834 necesse
3447 1768 3571 1837 est
3615 1765 3867 1857 prius,

2324 1879 2412 1949 ut
2497 1878 2788 1949 saltem
2860 1879 3296 1951 secundum
3367 1879 3866 1955 intellectum

2322 1995 2401 2064 et
2437 1987 2800 2064 ordinem
2833 1998 3174 2076 naturae,
3223 1995 3737 2086 intelligatur
3791 1998 3866 2068 in

2324 2107 2463 2178 illa
2562 2109 2912 2182 materia
3025 2112 3506 2185 sensitivum
3621 2132 3862 2204 quam

2322 2223 2936 2299 intellectivum.

2408 2343 2571 2414 Nec
2637 2342 2856 2415 valet
2907 2343 3344 2427 instantia,
3413 2348 3620 2437 quod
3671 2352 3863 2422 tunc

2319 2455 2730 2531 invenitur
2797 2458 3120 2550 aliquod
3187 2480 3331 2533 ens
3403 2461 3861 2555 spirituale,

2316 2574 2522 2662 quod
2593 2575 2858 2647 solum
2928 2581 3053 2650 est
3150 2578 3659 2663 sensitivum,
3736 2583 3863 2655 vel

2316 2690 2521 2780 quod
2569 2698 2785 2766 esset
2836 2693 3109 2786 aliqua
3151 2695 3426 2768 anima
3469 2699 3863 2773 sensitiva

2312 2823 2358 2874 a
2427 2827 2779 2899 corpore
2850 2811 3359 2902 separabili&
3440 2819 3580 2885 aut
3636 2836 3862 2908 sepa-

2313 2924 2517 2992 rata.
2589 2924 2864 2996 Primo
2908 2926 3249 3018 quidem,
3313 2929 3499 3019 quia
3538 2951 3637 3002 ex
3681 2930 3860 3025 ipsa

2311 3037 2632 3111 ratione
2691 3062 3001 3125 eorum,
3051 3043 3256 3115 idem
3310 3046 3686 3136 sequitur
3750 3049 3858 3120 in·

2307 3156 2835 3231 conveniens:
2884 3159 2952 3233 si
3000 3160 3216 3233 enim
3261 3160 3855 3239 intellectivum

2307 3272 2575 3362 primo
2639 3276 3057 3350 radicatur
3127 3277 3205 3350 in
3276 3279 3418 3351 illa
3501 3283 3858 3356 materia

2303 3388 2718 3481 spirituali
2807 3412 3049 3484 quam
3135 3394 3663 3476 sensitivum,·
3732 3402 3851 3489 (et

2304 3505 2597 3597 loquor
2636 3510 2726 3581 de
2772 3509 3292 3594 intellectivo,
3330 3518 3410 3587 θῖ
3453 3516 3855 3590 sensitivo

2301 3623 2722 3718 humano‚)
2790 3647 2989 3718 ergo
3044 3629 3457 3705 invenitur
3521 3633 3854 3726 aliquod

2303 3738 2887 3815 intellectivum
3001 3742 3439 3819 humanum
3546 3749 3855 3842 absque

2301 3857 2690 3932 sensitivo
2746 3884 2760 3927 :
2812 3857 3002 3930 illud
3045 3866 3316 3935 autem
3373 3869 3852 3941 necessario

2296 3976 2421 4046 est
2486 3972 2878 4065 perfectio
2958 3976 3347 4058 hominis;
3430 4000 3629 4071 ergo
3704 3988 3851 4057 aut

2301 4089 2435 4161 ille
2470 4089 2734 4172 homo,
2784 4093 3015 4185 cujus
3049 4092 3209 4167 talc
3245 4094 3848 4173 intellectivum

2292 4212 2416 4280 est
2517 4209 2950 4300 perfectio,
3041 4216 3167 4285 θεῖ
3257 4213 3850 4291 intellectualis

2290 4329 2369 4397 et
2411 4325 2633 4396 nullo
2679 4329 2910 4398 modo
2973 4329 3402 4413 sensibilis,
3463 4336 3674 4424 quod
3717 4339 3849 4410 θεῖ

2292 4439 2792 4531 impossibile
2859 4443 2950 4514 de
3010 4443 3504 4520 intellectivo
3558 4448 3843 4523 huma·

2290 4576 2417 4639 nc,
2511 4557 2700 4649 quia
2787 4558 2997 4633 sicut
3058 4561 3474 4652 trigonum
3525 4569 3546 4591 ⁶
3592 4567 3673 4637 in
3723 4573 3836 4640 te·
3928 4580 4088 4633 ·vide

2285 4676 2664 4763 tragono‚
2723 4675 2837 4747 sic
2899 4678 3376 4751 sensitivum
3458 4682 3535 4752 jn
3593 4644 4156 4759 intel-{rffffieffl

2285 4788 2614 4870 lcctivo;
2697 4796 2838 4864 aut
2909 4792 2986 4863 in
3058 4792 3195 4865 illo
3267 4794 3590 4870 homine
3668 4775 4126 4885 erit3¹ff¹⁸“‘’¹²'

2287 4905 2765 4979 sensitivum
2845 4907 3487 4996 ageneratione‚
3560 4917 3644 4987 et
3718 4915 3838 4987 sic

2283 5040 2441 5092 non
2498 5022 2659 5095 erit
2712 5023 3409 5099 consubstantiale
3471 5029 3835 5104 intellec-

2285 5137 2428 5218 tui,
2485 5142 2571 5211 ut
2605 5159 2751 5231 per
2784 5139 3049 5232 ipsum
3092 5142 3355 5234 possit
3412 5162 3589 5215 csse
3633 5164 3834 5237 pars

2281 5256 3007 5330 consubstantialis
3051 5256 3443 5340 hominis;
3491 5265 3632 5334 aut
3665 5262 3835 5336 erit

2283 5374 2764 5447 sensitivum
2844 5374 3192 5447 seorsim
3260 5396 3308 5449 a
3380 5377 3831 5462 creatione,

2280 5496 2359 5565 et
2420 5495 2610 5565 tunc
2690 5493 3062 5583 sequitur
3105 5492 3335 5575 idem,
3392 5496 3597 5586 quod
3663 5517 3832 5570 non

2279 5613 2522 5683 erunt
2606 5609 3364 5693 consubstantialia,
3455 5631 3599 5684 nec
3679 5632 3833 5705 per
