4252 6393
632 402 750 468 526

618 565 783 637 lum
825 566 924 639 ab
967 565 1281 659 objecto
1326 567 1799 659 imaginato,
1872 572 1960 641 ut
2013 568 2161 641 sci-

617 681 804 757 licet
869 686 993 757 est
1084 704 1328 756 unum
1392 704 1480 756 re
1548 683 2011 756 universale
2079 689 2159 759 et

618 799 1140 894 particulare,
1176 801 1373 875 illud
1405 801 1612 874 idem
1646 822 1758 884 re,
1799 802 2005 894 quod
2035 805 2158 875 est

618 916 698 988 in
721 916 809 990 vi
845 917 1380 1009 imaginativa
1409 921 1955 1009 cognoscente
1999 938 2157 990 uno

613 1035 873 1120 mode,
913 1034 1225 1111 scilicet
1258 1035 1403 1108 sub
1435 1035 1756 1109 ratione
1798 1035 2160 1128 particu-

613 1149 842 1234 laria,
900 1151 1045 1224 sub
1077 1152 1208 1235 Ιιίο,
1255 1155 1334 1225 et
1374 1175 1571 1233 nunc,
1618 1154 1698 1224 et
1751 1149 2156 1222 similibus

611 1268 1253 1354 conditionibus;
1301 1269 1415 1343 sic
1456 1268 1874 1360 cognitum
1908 1268 2006 1340 ab
2048 1267 2158 1340 in-

612 1387 967 1471 tellectu,
1004 1392 1093 1463 ut
1123 1391 1423 1461 natura
1446 1387 1806 1479 quaedam
1839 1385 2160 1458 univer-

613 1512 810 1586 salis
826 1512 1220 1588 denudata
1242 1531 1388 1606 per
1418 1510 2155 1586 considerationem

610 1649 657 1702 a
727 1627 1136 1723 praedictis
1197 1626 1819 1702 conditionibus.
1886 1629 1985 1698 Et
2042 1648 2157 1698 se-

609 1746 954 1820 cundum
996 1745 1147 1819 hoc
1195 1745 1398 1818 idem
1458 1744 1545 1815 fit
1600 1743 2002 1835 objectum
2044 1744 2156 1814 vi-

609 1885 771 1949 suS,
819 1862 1460 1955 imaginationis,
1520 1860 1983 1935 intellectus
2036 1882 2148 1942 re,

606 1980 985 2054 differens
1038 1979 1303 2053 solum
1372 1997 1514 2072 per
1572 1975 2155 2051 consideratio-

606 2118 813 2181 nem,
866 2098 995 2171 vel
1030 2097 1379 2179 modum,
1425 2098 1516 2170 ut
1556 2093 1683 2168 hie
1743 2094 1977 2168 color
2038 2093 2154 2164 in-

610 2218 1001 2309 quantum
1071 2233 1458 2308 praesens,
1538 2215 1664 2285 est
1745 2211 2151 2304 objectum

605 2335 864 2416 visus;
902 2332 1384 2425 inquantum
1439 2330 1727 2403 absens
1765 2329 2152 2420 imagina-

607 2449 855 2524 tionis
907 2449 1052 2522 sub
1095 2448 1415 2522 ratione
1486 2444 1785 2537 signati
1853 2449 1933 2519 et
1993 2445 2153 2518 sin-

608 2567 961 2658 gularis;
992 2569 1080 2641 ut
1099 2586 1298 2639 vero
1326 2565 1613 2636 absens
1639 2583 1751 2643 re,
1790 2583 2147 2655 praesens

606 2686 881 2758 autem
926 2682 1007 2755 in
1051 2681 1371 2756 ratione
1430 2677 1740 2771 cogniti
1780 2697 1941 2750 non
1984 2679 2147 2750 sin-

604 2799 945 2893 gularis,
1016 2801 1142 2873 est
1213 2797 1614 2891 objectum
1684 2794 2146 2871 intellectus

608 2916 1046 3014 possibiliS,
1082 2933 1245 2988 non
1264 2934 1409 3008 per
1442 2913 1791 3008 speeiem
1818 2912 2148 3005 impres-

605 3057 807 3120 sam,
845 3034 978 3108 sed
1028 3051 1505 3127 expressam
1553 3056 1566 3100 ε
1614 3052 1788 3124 quae
1832 3030 2147 3123 quidem

604 3153 914 3250 species
987 3154 1112 3226 est
1189 3151 1366 3246 ipsa
1435 3149 1777 3225 intentio
1851 3147 2146 3242 objecti

602 3269 1097 3346 universalis
1180 3270 1278 3342 ab
1357 3267 1773 3344 intellectu
1852 3271 2145 3359 agente

602 3388 1019 3485 producta.

692 3509 813 3579 Ex
856 3525 1011 3599 quo
1053 3507 1422 3598 apparet,
1460 3502 1663 3596 quod
1694 3501 1961 3575 differt
2005 3502 2146 3574 illa

602 3622 1096 3705 immutatio,
1137 3641 1308 3715 quae
1340 3619 1430 3693 fit
1472 3618 1552 3692 in
1586 3639 1826 3691 sensu
1869 3618 1967 3689 ab
2022 3619 2145 3691 ob-

592 3741 815 3836 jecto
860 3739 1334 3820 intrinseco,
1381 3735 1480 3809 ab
1529 3735 1670 3807 illa
1745 3756 1985 3828 quam
2032 3734 2145 3806 fa-

595 3858 709 3932 cit
780 3855 1289 3950 phantasma,
1362 3873 1500 3925 seu
1572 3851 1915 3927 intentio
1968 3852 2144 3924 uni-

593 3972 944 4048 versalis
987 3991 1033 4046 a
1074 3971 1649 4065 phantasmate
1683 3971 2017 4061 accepta
2062 3968 2143 4040 in

598 4089 1017 4165 intellectu
1091 4085 1504 4182 possibili,
1570 4085 1758 4178 quia
1828 4085 1967 4158 illa
2015 4091 2143 4161 est

596 4211 915 4283 tantum
1014 4202 1478 4278 immutatio
1567 4224 1713 4297 per
1789 4202 2139 4295 speeiem

593 4325 1083 4419 impressam
1125 4319 1207 4392 in
1259 4338 1569 4411 organo
1607 4343 1622 4387 ε
1666 4317 1797 4391 hie
1866 4324 2139 4392 autem

593 4460 756 4515 non
786 4440 908 4513 est
942 4437 1132 4514 talis
1158 4435 1531 4517 mutatio,
1567 4436 1683 4509 vel
1719 4436 2135 4520 alteratio,

595 4558 783 4653 quia
815 4555 1039 4629 nulla
1060 4553 1151 4629 fit
1175 4553 1650 4646 impressio,
1701 4554 1835 4626 sed
1870 4555 2138 4627 solum

592 4672 1123 4771 praesentatio
1168 4669 1658 4743 universalis
1701 4690 1847 4763 per
1906 4670 2140 4745 intel-

588 4792 893 4868 lectum
934 4790 1333 4880 agentem.
1403 4785 1817 4855 Universalis
1873 4787 2131 4875 objecti,

585 4910 788 4993 dico,
828 4903 1296 4982 inclinantis
1346 4901 1815 4996 possibilem
1857 4903 1951 4974 ad
2012 4902 2138 4974 sui

585 5024 1219 5122 perceptionem.
1256 5021 1358 5095 Et
1399 5017 1572 5112 ipse
1608 5024 1839 5093 actus
1873 5019 2135 5109 magis

1700 356 1709 365 ⁹
1789 404 1891 468 ΒΕ
1938 403 2207 468 RERUM
2252 404 2638 470 PRlNCwlO

2269 593 2431 645 non
2469 574 2557 647 fit
2601 574 2790 648 talis
2834 576 3450 659 transmutatiO,
3496 577 3705 650 sicut
3741 577 3816 649 in

2272 711 2536 771 sensu,
2639 711 2785 784 per
2871 691 3218 784 speeiem
3300 692 3810 786 impressam,

2270 811 2420 890 est,
2495 807 2683 899 quia
2739 829 2919 881 eum
2975 809 3381 903 objectum
3440 811 3521 882 in
3572 810 3820 884 ratio-

2271 945 2366 996 ne
2409 924 2719 1015 cogniti
2778 925 3056 998 debeat
3106 948 3285 999 esse
3329 946 3689 1020 praesens
3738 928 3818 1000 vi

2270 1041 2725 1132 cognitivae‚
2785 1042 3187 1136 objectum
3234 1047 3508 1117 autem
3564 1043 3820 1117 sensi-

2267 1157 2426 1231 bile
2508 1159 2941 1232 seeundum
3020 1159 3561 1235 substantiam
3658 1182 3817 1233 non

2272 1280 2537 1370 potest
2580 1299 2755 1350 esse
2791 1277 2871 1351 in
2915 1300 3178 1362 sensu,
3225 1283 3312 1354 ut
3347 1280 3614 1374 ipsum
3652 1300 3816 1355 mo·

2269 1398 2478 1477 veat,
2539 1398 3084 1489 oportetquod
3128 1397 3232 1469 sit
3275 1417 3638 1491 praesens
3675 1418 3820 1492 per

2271 1531 2501 1583 suam
2537 1512 2886 1604 speeiem
2953 1513 3185 1585 modo
3220 1512 3596 1606 exposito
3644 1541 3658 1584 :
3701 1515 3819 1587 in-

2268 1627 2689 1717 telligibile
2731 1631 3002 1701 autem
3048 1629 3193 1702 sub
3224 1629 3546 1704 ratione
3581 1630 3822 1707 intel-

2269 1743 2629 1834 ligibilis,
2675 1744 2870 1817 bene
2923 1748 3190 1842 potest
3232 1767 3411 1818 esse
3453 1766 3818 1840 praesens

2270 1859 2742 1932 intellectui.
2800 1862 3021 1943 Quod
3082 1864 3304 1953 patet
3368 1882 3516 1954 per
3585 1866 3820 1938 Com-

2271 1979 2809 2049 mentatorem
2880 1997 3128 2069 supra
3195 1979 3303 2050 12.
3380 1977 3714 2072 Metaph
3767 1984 3813 2049 ·.
3903 2011 3918 2030 ·

2265 2097 2614 2174 Balneum,
2654 2092 2793 2174 ait,
2835 2095 3088 2181 duplex
3126 2095 3316 2162 habet
3353 2114 3557 2176 esse,
3605 2119 3814 2164 unum

2264 2213 2338 2277 in
2369 2213 2676 2291 materia,
2711 2223 2770 2277 ec
2808 2211 3001 2277 aliud
3036 2211 3105 2278 in
3166 2211 3501 2278 intellectu
3537 2239 3558 2277 .·
3585 2224 3646 2280 el
3681 2218 3822 2282 nisi

2262 2341 2422 2396 esset
2479 2333 2764 2398 maceria
2803 2329 3048 2410 balnei,
3107 2351 3335 2395 verum
3369 2328 3682 2399 balneum
3724 2353 3820 2399 es·

2259 2450 2450 2514 setin
2493 2450 2765 2528 animem
2813 2449 2891 2519 et
2941 2452 3158 2522 esset
3210 2453 3486 2525 eadem
3541 2452 3819 2526 forma

2265 2563 2754 2658 principium
2784 2569 3051 2639 motus
3075 2565 3447 2640 desiderii
3480 2573 3562 2644 et
3598 2568 3813 2642 finis.

2261 2682 2483 2765 Quod
2518 2683 2581 2754 si
2627 2701 2912 2755 verum
2955 2682 3330 2756 balneum
3368 2691 3587 2762 esset
3639 2686 3817 2759 sine

2261 2799 2634 2882 materia,
2671 2797 2924 2872 adhue
2956 2819 3118 2871 non
3158 2801 3371 2873 esset
3415 2800 3496 2874 in
3538 2802 3823 2876 anima

2263 2921 2348 2991 ut
2410 2916 2699 2999 forma,
2745 2916 2872 2989 vel
2964 2917 3274 3010 species
3353 2917 3813 3014 impressa,

2261 3034 2394 3107 sed
2419 3033 2627 3109 sieut
2663 3032 3080 3125 cognitum
3109 3033 3187 3106 in
3222 3040 3815 3128 cognoscente:

2255 3155 2336 3224 et
2380 3149 2538 3224 isto
2585 3150 2816 3224 modo
2862 3149 3170 3242 speeies
3213 3150 3332 3223 rei
3365 3152 3486 3225 est
3532 3151 3615 3224 in
3647 3153 3823 3227 ani-

2261 3289 2390 3340 ma
2433 3268 2633 3360 ipsa,
2702 3268 2833 3342 sed
2875 3272 2963 3342 ut
3004 3268 3425 3359 cognitum
3496 3270 3577 3342 in
3619 3291 3822 3365 cog-

2255 3388 2661 3460 noscente.

2345 3506 2573 3576 Nune
2607 3507 2879 3576 autem
2913 3502 3028 3576 ita
3067 3507 3216 3586 est,
3256 3504 3459 3596 quod
3494 3507 3819 3597 quando

2261 3620 2664 3714 objectum
2708 3624 2830 3693 est
2867 3641 3250 3713 praesens,
3300 3625 3388 3695 ut
3448 3644 3630 3695 esse
3684 3645 3821 3717 po·

2256 3740 2444 3820 test,
2516 3737 2772 3810 multo
2868 3737 3157 3811 melius
3219 3742 3490 3812 movet
3560 3761 3818 3833 quam

2260 3874 2404 3926 sua
2439 3853 2771 3947 speeies,
2799 3858 2877 3927 et
2910 3858 3034 3928 est
3071 3854 3413 3948 majoris
3462 3854 3821 3933 virtutis

2253 3971 2333 4040 et
2376 3967 2882 4041 actualitatis
2927 3968 3022 4039 ad
3083 3968 3502 4059 agendum,
3549 3972 3632 4043 et
3706 3971 3821 4043 in-

2255 4084 2711 4159 clinandum
2781 4084 3258 4178 potentiam,
3331 4085 3408 4158 et
3480 4084 3660 4159 ideo
3741 4087 3822 4159 in

2253 4202 2669 4276 intellectu
2743 4222 2903 4275 non
2969 4201 3422 4294 requiritur
3493 4204 3820 4295 speeies

2255 4318 2658 4411 impressa
2693 4317 2903 4390 sicut
2948 4317 3026 4390 in
3069 4337 3334 4399 sensu,
3374 4318 3508 4390 sed
3543 4318 3819 4413 objec-

2250 4440 2425 4510 tum
2467 4435 2851 4516 existens,
2919 4435 2997 4506 in
3058 4433 3636 4526 phantasmate
3680 4459 3821 4512 ac-

2252 4556 2600 4645 ceptum,
2649 4557 2922 4626 tamen
2955 4572 3115 4623 non
3148 4571 3194 4621 a
3229 4551 3819 4644 phantasmate

2255 4671 2876 4762 praesentatum,
2939 4666 3126 4758 quia
3177 4668 3616 4742 secundum
3660 4670 3820 4746 hoc

2252 4789 2375 4858 est
2413 4785 2857 4877 singulare,
2916 4785 3047 4857 sed
3084 4783 3385 4877 absque
3417 4787 3822 4862 conditio-

2249 4902 2480 4975 nibus
2508 4900 3149 4982 individualibus,
3180 4903 3265 4972 ut
3287 4904 3414 4974 est
3438 4903 3816 4993 quaedam

2249 5016 2594 5091 intentio
2631 5017 3122 5091 universalis
3152 5015 3367 5090 sacta
3390 5037 3534 5109 per
3563 5038 3813 5110 agen·

586 5142 995 5220 assimilat
1051 5138 1559 5215 intellectum
1602 5135 1723 5208 rei
1773 5134 2134 5210 intellee-
2243 5133 3068 5215 temintellectum‚et
3106 5132 3376 5207 oblata
3400 5134 3808 5228 possibili,

585 5266 690 5337 tae
734 5278 976 5354 quam
1023 5255 1330 5330 faceret
1365 5253 1703 5347 specieS‚
1744 5251 1931 5345 quia
1966 5273 2134 5345 spe-

586 5378 751 5454 cies
830 5375 1094 5449 solum
1161 5368 1568 5445 assimilat
1649 5368 1727 5442 in
1806 5368 2132 5443 ratione

2250 5249 2585 5325 inclinat
2607 5250 2872 5343 ipsum
2901 5249 3371 5342 possibilem
3406 5251 3500 5321 ad
3530 5249 3807 5343 ipsum

2248 5366 2876 5460 percipiendum,
2955 5388 3130 5459 quae
3180 5365 3606 5440 inclinatio
3671 5372 3803 5442 est

587 5491 945 5590 speciali,
1018 5491 1251 5561 actus
1329 5488 1600 5559 autem
1672 5485 1754 5559 in
1808 5483 2129 5559 ratione
2243 5483 3806 5577 ultimadispositiopossibilisintellec-

583 5604 1155 5706 cognoscentis
1211 5628 1226 5674 :

1300 5602 1488 5698 quia
1566 5600 1648 5676 in
1708 5600 2126 5677 intellectu
2247 5606 2375 5676 tus
2442 5602 2537 5674 ad
2582 5601 3218 5694 intelligendum,
3265 5604 3655 5696 tanquam
3701 5604 3804 5677 ad

3885 2078 3991 2123 text.
4014 2071 4079 2120 35.
