4252 6393
1707 393 2068 468 QUAEs'rlo
2116 395 2304 457 XXVI

360 552 530 624 ideo
566 551 687 624 illi
725 552 1086 625 succedit
1113 552 1328 625 alter
1360 570 1529 633 aer,
1564 554 1645 624 et
1679 571 1918 644 prop-

366 675 492 742 ter
511 670 766 742 talem
801 669 1405 742 successionem
1438 674 1921 762 perpetuan-

366 790 505 859 tur
539 785 811 860 sontes
851 793 933 860 et
964 785 1218 861 fluvii.

88 925 341 1042 anagoffis'
482 1021 495 1034 .

87 1022 694 1114 „onamacquldam
738 1022 1002 1095 fontes
1046 1044 1207 1095 non
1245 1023 1545 1095 durant
1583 1041 1731 1114 per
1790 1039 1926 1091 an-

86 1126 183 1222 ‚ffi
212 1122 313 1218 2⁰*
370 1160 589 1212 num.
629 1144 896 1214 Causa
935 1144 1086 1223 est,
1141 1140 1331 1233 quia
1373 1137 1757 1234 possibile
1799 1141 1925 1213 est

371 1259 578 1350 quod
600 1258 865 1331 latera
888 1258 1497 1332 concavitatum
1525 1257 1605 1328 in
1639 1253 1923 1348 quibus

369 1379 823 1465 generatur
883 1373 1027 1446 illa
1094 1391 1333 1465 aqua,
1405 1374 1924 1448 desiccentur

372 1511 519 1583 per
570 1491 964 1572 calorem,
1018 1490 1099 1561 in
1151 1495 1473 1564 tantum
1517 1492 1722 1583 quod
1764 1512 1925 1562 am-

374 1606 588 1697 plius
610 1628 772 1680 non
797 1607 1099 1680 sufficit
1134 1612 1619 1681 convertere
1648 1627 1927 1678 aerem

371 1726 452 1797 in
512 1745 837 1817 aquam,
900 1724 1029 1796 vel
1099 1725 1289 1817 quia
1354 1745 1565 1817 aqua
1639 1724 1927 1796 ibidem

372 1845 771 1934 generata
818 1840 1157 1915 divertit
1209 1863 1293 1912 se
1353 1841 1449 1913 ad
1508 1840 1761 1912 alium
1822 1839 1928 1910 lo-

371 1978 560 2032 cum
590 1957 890 2038 exitus,
920 1979 1162 2050 quam
1195 1958 1328 2030 ubi
1362 1957 1588 2051 prius
1628 1956 1926 2029 exibat.

96 2111 272 2161 naam„
301 2111 349 2162 ι,
382 2073 389 2078 ’
474 2074 719 2148 Circa
762 2073 921 2149 ista
960 2074 1381 2148 dubitatur
1412 2073 1703 2167 prim0,
1742 2094 1930 2165 qua-

102 2175 331 2298 aqfflffi,
386 2212 477 2263 re
514 2190 840 2283 quidam
872 2192 1137 2266 fontes
1159 2197 1455 2266 exeunt
1477 2190 1930 2263 bulliendo?

112 2300 336 2410 fflff‘fi‘·
380 2312 500 2384 Ad
552 2311 751 2383 illud
792 2310 1068 2384 dicunt
1109 2310 1397 2403 aliqui,
1436 2311 1642 2402 quod
1682 2326 1932 2382 causa

370 2434 526 2512 est,
603 2427 794 2521 quia
852 2447 1062 2520 aqua
1106 2426 1394 2499 ibidem
1442 2425 1932 2519 propellitur

371 2545 473 2617 ab
507 2566 704 2618 aere
739 2544 1032 2618 inferio
1048 2545 1142 2627 ri,
1181 2544 1625 2617 inclinante
1658 2564 1929 2616 ascen-

368 2663 559 2734 dere
604 2682 964 2744 sursum,
1010 2666 1090 2734 et
1125 2663 1467 2754 propter
1508 2660 1756 2733 talem
1792 2658 1933 2730 im-

371 2779 703 2872 pulsum
737 2783 1082 2872 apparet
1116 2778 1349 2871 quasi
1388 2777 1747 2850 bulliret.

466 2897 676 2968 Illud
720 2916 883 2968 non
930 2896 1282 2978 videtur,
1339 2895 1528 2987 quia
1580 2899 1775 2968 tunc
1820 2915 1932 2965 se·

374 3017 775 3103 queretur
808 3012 1015 3104 quod
1066 3031 1277 3103 aqua
1321 3010 1609 3082 ibidem
1656 3009 1933 3081 exiens

371 3129 722 3203 essetibi
752 3133 1171 3221 generata,
1211 3150 1307 3220 qu
1325 3128 1418 3200 od
1441 3133 1565 3201 est
1605 3127 1927 3210 falsum,

375 3248 570 3337 quia
640 3267 972 3339 semper
1043 3266 1254 3337 aqua
1326 3249 1776 3336 generatur
1853 3245 1933 3316 in

377 3365 559 3436 loco
622 3362 936 3446 altiori,
1006 3383 1249 3454 quam
1319 3363 1427 3435 sit
1497 3362 1727 3435 locus
1806 3361 1932 3434 sui

127 3500 312 3555 solutio.
379 3481 678 3555 exitus.
730 3481 913 3553 Ideo
973 3501 1221 3553 causa
1262 3486 1413 3562 est,
1468 3480 1657 3573 quia
1724 3499 1933 3571 aqua

381 3598 489 3671 sit
526 3598 908 3679 bullienS,
957 3600 1045 3670 ut
1111 3596 1190 3669 in
1253 3597 1625 3690 pluribus
1673 3596 1844 3669 exit
1885 3616 1934 3667 a

377 3717 608 3786 terra
640 3732 1018 3794 arenosa,
1062 3718 1142 3786 ct
1182 3711 1588 3786 descendit
1628 3713 1719 3784 de
1754 3712 1930 3784 loco

378 3830 689 3912 altiori,
724 3833 805 3902 et
842 3829 1161 3903 ratione
1204 3828 1659 3903 altitudinis
1709 3829 1934 3903 venit

381 3968 562 4019 cum
623 3966 923 4037 magno
977 3946 1287 4039 impetu
1341 3947 1436 4019 ad
1470 3947 1742 4020 locum
1776 3946 1934 4020 exi-

383 4077 539 4153 tus,
602 4077 685 4146 et
747 4093 847 4143 ex
915 4071 1063 4146 tali
1138 4071 1443 4165 impetu
1514 4093 1672 4144 una
1747 4093 1932 4144 eum

388 4198 893 4272 arenositate
961 4203 1210 4272 terrae
1279 4203 1674 4271 causatur
1742 4197 1933 4272 talis

388 4323 735 4398 bullitiO.

482 4452 866 4532 Secundo,
910 4450 1329 4524 dubitatur
1362 4471 1613 4543 quare
1657 4451 1736 4522 in
1781 4472 1937 4523 me-

393 4577 512 4649 dio
549 4575 1002 4651 interstitio
1038 4579 1284 4650 terrae
1343 4597 1503 4649 non
1547 4597 1937 4668 generan-

397 4708 526 4776 tur
554 4703 848 4784 fontes,
870 4705 952 4776 et
980 4701 1227 4784 fluvii,
1267 4702 1934 4794 quemadmodum

399 4827 473 4899 in
504 4829 764 4902 media
797 4827 1128 4920 regione
1170 4828 1388 4900 aeris
1435 4832 1937 4919 generantur

382 4954 709 5045 -pluviae,
757 4958 839 5028 et
878 4953 1060 5027 aliae
1102 4975 1356 5046 aquae.

485 5082 593 5154 Ad
661 5080 874 5154 istud
938 5079 1140 5162 dico,
1234 5081 1440 5172 quod
1517 5079 1933 5153 distinctio

407 5208 821 5297 regionum
855 5205 1072 5279 aeris
1109 5206 1202 5280 fit
1233 5226 1377 5298 per
1412 5206 1936 5278 reflexionem

407 5334 811 5407 radiorum
858 5332 1069 5407 Solis
1112 5358 1128 5414 ;
1178 5334 1409 5405 modo
1464 5332 1654 5405 talis
1716 5333 1937 5405 refle-

403 5459 529 5531 xio
572 5460 987 5533 radiorum
1040 5457 1249 5532 Solis
1310 5478 1469 5529 non
1519 5457 1758 5532 habet
1828 5458 1935 5529 lo-

409 5602 576 5654 cum
621 5584 699 5655 in
742 5588 997 5664 terra,
1083 5583 1375 5656 saltem
1436 5583 1697 5673 quoad
1754 5581 1931 5663 hoc,

100 4467 289 4524 Dubium
313 4475 366 4528 2.

148 5101 337 5155 Salutio.

3495 406 3603 466 12¹5

2033 553 2240 644 quod
2307 559 2589 628 causet
2648 555 3258 630 distinctionem
3323 561 3584 650 regio-

2032 689 2224 741 num
2259 672 2531 742 terrae.

2119 787 2396 860 Tertio
2438 789 2881 872 dubitatur,
2938 792 3126 883 quia
3185 794 3253 865 si
3296 815 3578 868 conca·
3608 817 3838 871 Dubium
3865 819 3919 873 3.

454 906 575 977 Ex
611 903 797 988 istis
825 904 1643 998 possetreddicausa,
1668 921 1922 995 quare
2031 901 2331 976 vitates
2389 904 2671 978 debent
2721 906 2909 999 poni
2983 907 3194 980 infra
3263 913 3578 984 terram

2034 1023 2379 1111 propter
2404 1020 2838 1095 introitum
2862 1045 3089 1116 aquae
3126 1026 3575 1111 interram,

2037 1138 2229 1209 tunc
2283 1137 2655 1227 sequitur
2723 1141 2927 1230 quod
2971 1140 3304 1216 infinitae
3362 1145 3582 1216 debe-

2038 1257 2220 1325 rent
2263 1254 2450 1345 poni
2495 1255 2700 1327 tales
2742 1258 3331 1332 concavitates.
3383 1264 3582 1335 Con-

2040 1390 2382 1460 sequens
2443 1370 2769 1454 salsum,
2835 1373 3023 1465 quia
3092 1380 3285 1449 tunc
3360 1378 3586 1450 nulla

2042 1505 2235 1578 pars
2268 1491 2485 1561 esset
2511 1489 2753 1561 alteri
2795 1491 3206 1564 continua.
3236 1495 3336 1565 Et
3364 1497 3584 1586 patet

2040 1606 2645 1696 consequentia,
2712 1608 2901 1699 quia
2959 1615 3349 1703 perpetuo
3402 1632 3584 1683 con-

2040 1727 2389 1796 currunt
2431 1723 2657 1796 fluvii
2691 1724 2770 1796 in
2816 1725 3076 1818 ipsam
3121 1732 3460 1801 terram.
3503 1717 3509 1726 ’

2129 1840 2242 1912 Ad
2278 1839 2490 1914 istud
2518 1841 2722 1926 dico,
2778 1845 2982 1935 quod
3043 1865 3202 1916 non
3255 1849 3583 1937 oportet
3733 1885 3781 1936 6,

2043 1956 2403 2030 infinitas
2474 1960 3031 2035 concavitates
3099 1983 3303 2045 esse,
3396 1963 3583 2053 quia
3654 1974 3883 2029 solutio.

2047 2073 2321 2146 multae
2373 2080 2651 2167 partes
2697 2097 2925 2169 aquae
2968 2079 3349 2153 continue
3400 2100 3584 2150 con-

2043 2196 2502 2274 sumuntur,
2567 2195 3234 2284 quemadmodum
3287 2200 3366 2269 et
3402 2196 3584 2269 aliae

2044 2311 2570 2398 generantur.

2132 2429 2438 2506 Quarto
2478 2427 2920 2510 dubitatur,
2967 2427 3246 2503 utrum
3279 2432 3361 2503 in
3401 2432 3586 2523 hye-
3612 2462 3843 2514 Datum
3880 2465 3928 2516 ⁴,

2046 2561 2171 2612 me
2243 2541 2511 2616 fontes
2578 2545 2912 2618 debeant
2979 2569 3157 2619 esse
3228 2549 3584 2640 majores

2047 2679 2292 2749 quam
2340 2658 2417 2730 in
2461 2665 2805 2733 aestate?
2849 2667 2929 2735 ct
2962 2665 3348 2754 arguitur
3380 2668 3587 2757 quod

2044 2793 2230 2856 non,
2257 2774 2445 2866 quia
2480 2776 2692 2850 sicut
2729 2777 2804 2849 in
2839 2783 3126 2853 aestate
3160 2782 3588 2872 pauciores

2046 2894 2234 2963 sunt
2293 2913 2520 2984 aquae
2582 2914 2821 2984 quam
2885 2893 2965 2965 in
3007 2895 3292 2987 hyeme
3345 2919 3592 2990 super

2046 3009 2385 3088 terram,
2435 3030 2530 3080 eo
2566 3012 2769 3101 quod
2840 3011 2920 3082 in
2979 3016 3264 3086 aestate
3324 3014 3593 3104 major

2047 3128 2171 3195 est
2224 3124 2625 3208 caliditas,
2692 3126 2807 3200 ita
2862 3127 3185 3201 videtur
3254 3132 3459 3221 quod
3513 3130 3592 3202 in

2044 3240 2334 3332 hyeme
2369 3243 2798 3335 pauciores
2830 3245 3114 3318 debent
3149 3246 3328 3317 ficri
3361 3268 3590 3339 aqua)

2045 3359 2194 3429 sub
2226 3363 2456 3431 terra
2494 3381 2735 3451 quam
2780 3360 2859 3432 in
2908 3365 3219 3443 aestate,
3276 3363 3464 3453 quia
3509 3364 3591 3434 in

2045 3475 2333 3566 hyeme
2381 3481 2505 3549 cst
2548 3478 3133 3568 quodammodo
3166 3482 3410 3551 aestas
3444 3480 3589 3551 sub

2046 3595 2276 3664 terra
2317 3596 2660 3684 propter
2699 3592 3225 3667 caliditatem.

2134 3707 2249 3778 Ad
2301 3706 2518 3790 illud,
2556 3708 2859 3781 dicitur
2920 3709 3126 3800 quod
3178 3709 3258 3781 in
3296 3713 3584 3782 {estate
3613 3751 3914 3813 Hespowb,

2046 3824 2328 3898 debent
2369 3847 2546 3899 esse
2603 3825 2868 3898 fontes
2902 3826 3285 3899 minores.
3325 3831 3588 3901 Causa

2045 3945 2194 4022 est,
2223 3942 2410 4033 quia
2436 3943 2515 4014 in
2532 3947 2819 4016 aestatc
2840 3943 3372 4026 lateraterrae
3403 3948 3591 4018 sunt

2048 4055 2443 4139 sicciora;
2519 4057 2752 4131 modo
2821 4060 2917 4130 ad
2975 4058 3589 4149 generationem

2048 4196 2277 4267 aquae
2320 4176 2465 4248 sub
2503 4180 2736 4253 terra
2776 4177 3125 4251 multum
3165 4176 3591 4250 concurrit

2047 4291 2513 4368 humiditas.
2560 4294 2740 4365 Alia
2774 4314 3021 4366 causa
3079 4299 3230 4376 est,
3279 4293 3468 4386 quia
3510 4295 3591 4365 in

2047 4413 2336 4483 aestate
2416 4414 2540 4483 est
2623 4410 2877 4482 nimia
2954 4411 3365 4501 frigiditas
3446 4412 3596 4483 sub

2049 4530 2305 4607 terra,
2363 4527 2532 4600 ideo
2573 4528 3012 4609 exhalatio,
3073 4528 3243 4602 sive
3285 4550 3430 4601 aer
3480 4528 3592 4600 in-

2048 4642 2322 4715 clusus
2368 4643 2580 4714 infra
2631 4648 2971 4728 terram,
3033 4648 3159 4718 est
3217 4648 3591 4739 quodam-

2052 4759 2283 4831 modo
2352 4762 2857 4851 congelatuS,
2941 4763 3057 4836 ita
3141 4763 3350 4854 quod
3425 4784 3588 4834 non

2046 4875 2418 4947 elevatur
2450 4877 2544 4947 ad
2565 4877 3125 4951 concavitates
3161 4877 3587 4961 montium,

2051 4989 2182 5061 ubi
2226 4994 2729 5081 generantur
2762 5013 3019 5085 aquae.

2139 5108 2432 5189 Quinto
2500 5108 2941 5193 dubitatur,
3016 5130 3267 5202 quare
3337 5109 3845 5205 aliquiDubfm
3873 5153 3927 5205 5,

2047 5223 2315 5298 fontes
2372 5224 2632 5299 rident
2698 5225 3157 5300 hominibus
3217 5229 3587 5301 acceden-

2049 5342 2262 5414 tibus
2328 5343 2423 5413 ad
2480 5343 2725 5434 ipsos,
2786 5345 2856 5417 id
2916 5350 3064 5427 est,
3128 5344 3374 5420 altius
3436 5346 3587 5418 sal-

2049 5463 2251 5532 tant.
2325 5463 2588 5533 Causa
2655 5466 2805 5543 est,
2878 5461 3065 5552 quia
3131 5461 3396 5537 fontes
3467 5462 3587 5534 illi

2050 5582 2239 5652 sunt
2282 5578 2361 5649 in
2403 5579 2606 5651 locis
2653 5580 3086 5671 paludosis,
3153 5580 3324 5654 ideo
3367 5602 3585 5655 acce-
