4252 6393
1693 414 2053 492 QUAESTIO
2098 412 2235 476 XIII

340 588 530 664 mine
570 587 674 659 sit
717 585 881 658 alia
931 582 1296 674 cognitio
1349 579 1448 650 ab
1507 576 1855 651 intellec-

334 707 508 786 tiva,
554 707 774 797 patet
842 723 942 774 ex
985 699 1308 774 ratione
1371 695 1655 770 statim
1719 693 1858 764 im-

334 821 654 895 mediate
711 818 1084 914 praefata,
1150 814 1339 908 quia
1376 814 1468 886 de
1512 815 1860 902 utraque

330 938 777 1031 cognitione
808 933 1240 1010 concludit.

413 1057 629 1138 Item,
679 1054 758 1126 in
804 1054 1043 1126 rebus
1089 1047 1492 1123 ordinatis
1544 1044 1860 1117 univer-

332 1173 600 1247 saliter
641 1171 1079 1245 secundum
1113 1165 1417 1240 claudit
1470 1164 1855 1258 primurm,

334 1310 456 1363 seu
516 1288 896 1362 ultimum
938 1285 1321 1380 primum,
1350 1281 1559 1354 sicut
1602 1282 1862 1372 poste-

332 1405 486 1478 rius
526 1405 778 1499 priuS,
823 1407 911 1477 ut
950 1401 1259 1475 animal
1318 1395 1862 1471 substantiam

328 1526 399 1595 et
444 1544 778 1616 corpus;
818 1522 951 1594 sed
984 1520 1226 1593 homo
1294 1519 1420 1589 est
1485 1514 1864 1588 ultimum

329 1640 673 1712 omnium
699 1659 979 1712 rerum
1001 1633 1530 1714 naturalium,
1549 1650 1733 1704 cum
1760 1630 1864 1701 sit

322 1758 487 1831 finis
529 1758 891 1832 omnium
931 1772 1209 1830 rerum
1239 1749 1768 1828 naturalium,
1796 1749 1864 1818 2.

325 1879 660 1964 Physicor.
707 1889 870 1945 teoet.
903 1895 1137 1943 comm.
1170 1871 1282 1942 24.
1329 1865 1693 1958 cognitio
1744 1884 1864 1935 er-

324 2011 415 2083 go
465 1992 884 2073 sensitiva,
950 2010 1135 2062 cum
1197 1987 1302 2060 sit
1361 1986 1452 2057 de
1522 2000 1863 2054 numero

321 2107 773 2200 primorum
832 2109 910 2180 θῖ
961 2101 1658 2196 imperfectorum,
1702 2096 1863 2170 erit

324 2225 395 2296 in
432 2224 786 2298 homine.

407 2343 605 2416 Item
672 2341 917 2415 homo
981 2341 1061 2414 in
1124 2339 1517 2432 quantum
1586 2333 1858 2414 homo,

322 2459 520 2532 cadit
554 2458 639 2532 in
696 2458 915 2530 aliud
972 2477 1225 2549 genus
1285 2474 1333 2526 a
1376 2449 1861 2526 substantiis

323 2575 882 2667 spiritualibus
920 2594 1119 2666 pure
1155 2599 1170 2642 :
1226 2572 1439 2644 sicut
1481 2587 1681 2659 crgo
1718 2586 1864 2660 per

324 2711 543 2764 suam
644 2691 1027 2771 formam,
1092 2709 1247 2781 qua
1334 2686 1690 2780 pertinet
1767 2680 1862 2753 ad

320 2827 561 2898 genus
600 2806 1191 2901 spiritualium,
1263 2802 1705 2897 participat
1750 2799 1860 2874 in-

319 2926 839 3006 tellectivam,
900 2924 1015 2998 ita
1077 2943 1222 3016 per
1269 2922 1421 2995 hoc
1474 2920 1681 3012 quod
1741 2941 1861 2992 ca-

316 3042 423 3117 dIt
471 3045 569 3117 ab
624 3043 812 3126 illis,
877 3040 1345 3115 necessario
1416 3037 1862 3132 participat

318 3158 658 3235 inferius
722 3181 976 3254 genus
1071 3156 1608 3251 cognitionis;
1710 3154 1859 3231 hoc

317 3280 580 3351 autem
622 3282 748 3352 est
817 3275 1211 3350 sensitiva
1244 3272 1632 3364 cognitio.

402 3396 633 3476 Item,
672 3395 1051 3489 superius
1093 3391 1591 3486 praedicatur
1620 3389 1711 3461 de
1745 3389 1863 3460 in-

317 3506 601 3583 feriori
676 3508 1175 3589 necessario,
1222 3509 1303 3579 θῖ
1351 3509 1476 3578 θεῖ
1534 3505 1625 3577 de
1687 3502 1864 3596 ejus

316 3627 711 3707 essentia:
756 3647 954 3718 ergo
997 3624 1304 3698 animal
1336 3623 1427 3695 de
1496 3620 1860 3693 homine:

317 3742 443 3814 scd
484 3763 776 3816 sensus
845 3742 1044 3816 facit
1086 3739 1418 3821 animal,
1452 3742 1518 3812 2.
1565 3739 1646 3806 de
1700 3741 1871 3806 Ani-

317 3883 437 3944 ma,
483 3876 647 3932 text.
692 3864 799 3933 16.
854 3878 1055 3952 ergo
1096 3858 1565 3973 necessario
1623 3856 1868 3928 homo

315 3983 432 4054 est
465 3978 908 4053 sensibilis.

668 4300 920 4356 ARTIC.
998 4301 1037 4355 Ι.
1117 4298 1321 4353 SECT.
1402 4296 1499 4351 111.

323 4475 489 4543 Dari
547 4478 623 4542 in
661 4476 932 4541 homine
978 4494 1171 4539 omne
1216 4493 1420 4560 qemes
1468 4472 1870 4557 eoquilionis

938 4592 1294 4657 sensicivoe.

405 4792 646 4865 Circa
711 4789 1081 4869 tertium,
1148 4785 1463 4859 scilicet
1524 4786 1730 4876 quod
1790 4786 1868 4857 in

318 4903 636 4980 homine
668 4906 779 4980 sit
812 4924 1046 4977 omne
1079 4922 1331 4994 genus
1373 4900 1868 4991 cognitionis

318 5024 750 5097 sensitivae.
798 5023 968 5094 Hoc
997 5024 1296 5100 autem,
1336 5018 1544 5109 quod
1576 5015 1865 5092 habeat

317 5160 589 5212 omnes
612 5161 898 5213 sensus
935 5140 1107 5210 tam
1134 5134 1570 5208 inferiores
1623 5154 1862 5224 quam

317 5258 814 5349 superiores,
874 5259 1117 5348 patet.
1168 5251 1471 5332 Primo,
1523 5249 1711 5341 quia
1780 5250 1859 5322 in

319 5372 537 5444 omni
567 5373 1043 5467 operatione
1084 5369 1355 5441 anima
1402 5366 1713 5440 intenta
1748 5366 1855 5438 in·

317 5486 566 5562 tendit
616 5490 707 5561 de
766 5484 1361 5581 imperfectiori
1404 5482 1498 5554 ad
1551 5481 1851 5575 perfec-

315 5604 489 5675 tum
535 5606 965 5699 procedere
1025 5624 1170 5697 per
1226 5624 1350 5682 se;
1427 5600 1634 5692 quod
1673 5599 1848 5672 dico

3425 414 3545 479 495

1974 576 2317 666 propter
2384 571 3024 665 corruptionem,
3072 593 3309 667 quam
3372 596 3519 668 per

1974 710 2058 760 se
2090 709 2251 760 non
2285 688 2624 762 intendit
2659 716 2673 760 :
2720 689 2851 762 sed
2885 688 3127 763 homo
3168 694 3293 766 est
3345 714 3518 786 per·

1974 805 2516 879 fectissimum
2560 827 2805 899 super
2849 807 3122 880 omnia
3181 809 3345 882 alia
3385 831 3519 884 na·

1974 922 2306 1004 turalia,
2380 923 2568 1016 quia
2607 923 2790 1022 finis
2832 945 3144 1007 eorum,
3207 931 3286 1000 et
3341 948 3519 1000 con-

1974 1040 2182 1116 tinet
2212 1040 2517 1112 animal
2552 1066 2567 1123 ;
2614 1060 2816 1131 ergo
2848 1044 2972 1114 est
3023 1043 3519 1135 perfectissi-

1978 1177 2202 1230 mum
2243 1157 2549 1229 animal
2595 1183 2609 1226 :
2648 1159 2779 1232 sed
2822 1163 2909 1233 ut
2966 1158 3269 1233 dicitur
3299 1164 3364 1233 3.
3436 1164 3520 1232 de

1976 1278 2245 1356 Anima,
2292 1288 2453 1344 text.
2499 1299 2730 1344 comm.
2774 1279 2883 1348 59.
2940 1290 3161 1366 etseq.
3218 1277 3517 1371 perfec·

1972 1381 2153 1463 ‘tum
2196 1391 2499 1464 animal
2567 1393 2929 1467 continet
3009 1413 3286 1467 omnes
3349 1417 3520 1468 sen-

1976 1527 2166 1588 sus;
2212 1527 2438 1599 ergo,
2500 1512 2653 1585 etc.
3451 1521 3456 1526 ’

2093 1624 2324 1704 Item,
2433 1625 2845 1716 posterius
2963 1627 3522 1720 praesupponit

1984 1760 2218 1811 suum
2271 1740 2525 1832 prius,
2587 1745 2667 1815 et
2727 1741 2920 1814 illud
2961 1741 3214 1815 adhuc
3285 1765 3520 1816 suum

1980 1857 2237 1948 priuS,
2281 1861 2361 1931 et
2402 1858 2517 1931 sic
2553 1879 2804 1951 usque
2845 1860 2940 1933 ad
2973 1859 3379 1943 ultimum,
3434 1864 3520 1933 ut

1980 1979 2203 2067 patet
2246 1974 2324 2046 in
2374 1975 2739 2048 numeris
2806 1980 2886 2050 et
2937 1979 3017 2049 in
3063 1977 3275 2051 linea
3319 1978 3524 2051 Prae·

1975 2091 2536 2175 dicamcntali;
2602 2094 2735 2166 sed
2793 2094 3160 2185 cognitio
3203 2094 3518 2169 sensiti-

1974 2228 2077 2280 va
2107 2214 2232 2284 θεῖ
2267 2210 2346 2282 in
2387 2210 2713 2283 homine
2776 2232 3160 2304 suprema
3203 2233 3522 2305 respec-

1978 2330 2059 2399 tu
2108 2327 2328 2399 illius
2396 2326 2916 2421 cognitionis,
2991 2350 3164 2421 quae
3208 2330 3289 2402 in
3340 2350 3521 2422 pro·

1977 2465 2208 2516 cessu
2254 2444 2509 2519 totius
2568 2448 2886 2518 naturae
2917 2449 3042 2518 est
3105 2445 3522 2538 posterior

1976 2563 2056 2631 et
2100 2559 2392 2634 ultima
2430 2583 2443 2627 ε
2480 2560 2713 2653 cujus
2759 2561 2976 2633 ratio
3010 2563 3161 2642 est,
3207 2558 3396 2652 quia
3440 2559 3520 2631 in

1976 2675 2306 2748 homine
2388 2675 3004 2770 conjunguntur
3071 2675 3347 2750 infima
3398 2699 3562 2784 su·-

1978 2795 2309 2888 premis,
2340 2815 2724 2887 suprema
2750 2793 3048 2866 infimis
3084 2819 3100 2877 ;
3147 2814 3347 2886 ergo
3381 2795 3524 2868 illa

1973 2918 2097 2987 cst
2150 2933 2535 3006 suprema
2573 2913 2961 3005 cognitio,
3019 2933 3196 3005 quae
3249 2911 3330 2984 in
3389 2912 3526 2987 ho-

1977 3032 2192 3104 mine
2249 3015 2808 3125 praesupponit
2868 3031 3118 3103 aliam
3197 3029 3523 3105 inferio-

1977 3170 2176 3233 rem,
2215 3152 2295 3224 et
2362 3149 2504 3223 illa
2581 3149 2828 3223 aliam
2899 3171 3153 3244 usque
3200 3152 3297 3226 ad
3353 3151 3518 3226 infi-

1976 3288 2246 3349 mum;
2307 3287 2507 3358 ergo
2560 3267 2638 3339 in
2712 3267 3039 3342 homine
3104 3274 3229 3345 est
3286 3291 3520 3343 omne

1976 3404 2230 3475 genus
2263 3384 2758 3475 cognitionis
2811 3383 3249 3460 sensitivae.
3603 3374 3610 3381 ’

2070 3511 2300 3593 Item,
2356 3514 2533 3585 tota
2591 3511 2808 3584 linea
2883 3511 3381 3604 cognitionis
3443 3512 3523 3585 in

1979 3649 2218 3702 sensu
2288 3628 2746 3713 inchoatur,
2810 3633 2891 3703 et
2967 3629 3047 3704 in
3108 3629 3526 3705 intellectu

1981 3747 2524 3828 terminatur;
2569 3768 2714 3821 nec
2773 3752 3048 3841 potest
3104 3747 3261 3825 diei
3323 3747 3531 3841 quod

1981 3884 2144 3936 non
2274 3863 2382 3938 sit
2474 3883 2632 3935 una
2728 3864 2966 3949 linea,
3085 3864 3275 3957 quia
3401 3866 3527 3940 vis

1982 3978 2422 4070 cognitiva,
2459 3983 2538 4054 et
2581 3979 2847 4073 ipsum
2879 3980 3299 4072 cognitum
3359 4002 3534 4055 cor·

1985 4095 2330 4170 relative
2382 4095 2803 4178 dicuntur;
2840 4116 3051 4169 nunc
3085 4100 3357 4173 autem
3399 4119 3532 4170 ea-

1979 4213 2158 4285 dem
2220 4232 2350 4284 res
2393 4214 2828 4285 secundum
2885 4213 3292 4287 diversam
3350 4234 3535 4306 cog-

1982 4329 2378 4402 nitionem
2466 4333 2591 4404 est
2652 4328 3059 4403 sensibilis
3126 4335 3208 4405 et
3303 4332 3530 4406 intel-

1982 4441 2343 4533 ligibilis,
2392 4444 2604 4519 sicut
2658 4444 2860 4517 idem
2927 4449 3053 4520 est
3140 4449 3520 4522 Socrates

1980 4562 2059 4631 et
2113 4558 2384 4632 homo.
2452 4564 2551 4634 Et
2612 4561 2761 4635 boc
2815 4581 3079 4654 arguo
3128 4588 3142 4631 :
3207 4563 3356 4637 Ubi
3402 4568 3525 4638 est

1982 4676 2411 4760 terminus,
2497 4677 2604 4752 ibi
2690 4682 2813 4752 est
2904 4681 2998 4761 id,
3063 4681 3293 4775 cujus
3403 4687 3528 4757 cst

1979 4793 2433 4877 terminus,
2509 4799 2596 4869 ut
2678 4795 2809 4868 ubi
2899 4801 3315 4890 punctum,
3418 4798 3524 4871 ibi

1981 4907 2244 4981 linea:
2329 4911 2462 4983 sed
2522 4909 2603 4984 in
2670 4909 2998 4984 homine
3049 4917 3171 4985 est
3250 4914 3528 4987 termi-

1991 5047 2144 5099 nus
2252 5027 2482 5100 lineae
2581 5028 3120 5120 cognitionis,
3222 5030 3533 5106 scilicet

1981 5133 2502 5219 intellectus;
2580 5155 2779 5227 ergo
2841 5140 3020 5211 tota
3085 5136 3339 5220 linea;
3406 5159 3533 5210 er-

1988 5272 2089 5341 go
2155 5251 2573 5335 sensitiva,
2647 5258 2889 5345 atque
2944 5253 3061 5328 ita
3137 5253 3536 5329 Aristote-

1968 5367 2087 5440 les
2147 5373 2214 5441 3.
2275 5372 2355 5438 de
2394 5373 2664 5450 Anima,
2704 5383 2865 5439 lea-l.
2909 5372 3022 5442 59.
3079 5382 3140 5437 et
3186 5372 3529 5461 deinceps,

1965 5486 2261 5577 probat
2277 5487 2481 5579 quod
2499 5485 2805 5558 animal
2826 5486 3276 5580 perfectum
3294 5485 3536 5563 habet

1964 5624 2244 5677 omnes
2277 5626 2586 5688 sensus,
2632 5626 2957 5679 sumens
2992 5604 3396 5681 rationem
3438 5628 3538 5680 ex
