4252 6393
640 379 716 440 28
1807 377 1952 437 LlB.
2006 376 2046 436 1.
2097 374 2644 439 METEORORUM

631 541 1052 612 naturales
1115 540 1688 612 inclinationes
1753 535 2175 628 oppositas

634 657 1325 737 inclinationibus,
1363 676 1564 747 quas
1596 654 1894 727 habent
1934 672 2171 745 aqua,

630 778 711 845 ct
754 776 983 846 terra
1019 799 1033 842 :
1077 772 1355 863 igitur,
1394 776 1547 843 etc.
1599 768 1870 862 Major
1921 771 2171 861 patet,

631 886 818 980 quia
859 888 1162 967 eadem,
1208 885 1337 958 vel
1378 884 1835 956 consimilis
1877 888 2177 957 natura

626 1004 904 1075 eodem
967 1003 1228 1084 modo,
1298 1003 1428 1074 vel
1485 1000 1896 1075 consimili
1954 998 2176 1074 incli-

628 1125 795 1194 nat.
843 1123 944 1195 Et
980 1120 1250 1194 minor
1288 1124 1658 1214 apparet,
1694 1139 1884 1192 nam
1913 1138 2176 1210 vapor

628 1242 711 1309 et
752 1235 1166 1312 exhalatio
1208 1259 1308 1310 ex
1356 1238 1524 1309 suis
1567 1236 1888 1309 naturis
1948 1234 2171 1308 incli-

629 1359 932 1428 nantur
972 1353 1176 1428 ferri
1220 1374 1573 1435 sursum,
1631 1354 1761 1427 sed
1815 1356 2042 1426 terra
2090 1355 2173 1424 et

631 1490 842 1562 aqua
872 1472 1278 1543 deorsum.

373 1605 512 1679 0031-
723 1588 1083 1661 Secunda
1117 1587 1541 1660 conclusio
1589 1590 1737 1668 est,
1792 1586 1997 1677 quod
2040 1604 2171 1655 va-

292 1667 484 1790 ιῗιῖἑζῧῖἷ)
513 1668 600 1778 ἷὲι
632 1726 783 1797 por
823 1710 946 1779 est
986 1706 1076 1778 de
1127 1710 1424 1779 natura
1466 1703 1707 1776 aeris.
1767 1703 2173 1775 Probatur

282 1792 596 1901 gagatem
630 1821 923 1911 primo,
961 1822 1146 1913 quia
1188 1842 1447 1913 vapor
1480 1820 1717 1893 habet
1750 1820 2170 1893 naturales

624 1936 1206 2028 dispositiones
1241 1936 1485 2018 aeris,
1534 1935 1848 2009 scilicet
1899 1936 2168 2009 calidi-

624 2058 876 2127 tatem
909 2059 989 2127 et
1022 2054 1625 2135 humiditatcm;
1669 2053 2167 2127 caliditatem

624 2170 945 2244 ratione
984 2172 1328 2261 agentis,
1367 2173 1572 2263 quod
1604 2173 1869 2244 elevat
1905 2172 2166 2264 ipsum

621 2287 719 2357 ab
778 2306 1022 2379 aqua3
1085 2293 1166 2361 et
1223 2288 1785 2363 humiditatem
1848 2288 2167 2361 ratione

592 2404 870 2496 passi,
909 2423 955 2475 a
999 2424 1155 2496 quo
1197 2404 1591 2477 elevatur.

716 2522 1101 2603 SecundO,
1149 2521 1220 2593 si
1269 2541 1428 2592 non
1469 2524 1684 2594 esset
1724 2522 1815 2592 de
1865 2524 2166 2593 natura

622 2637 877 2720 aeriS,
962 2637 1311 2710 maxime
1396 2641 1614 2711 esset
1688 2639 1779 2710 de
1865 2641 2164 2711 natura

622 2776 876 2847 aquae,
930 2777 1026 2828 eo
1071 2758 1277 2848 quod
1323 2756 1486 2829 alia
1544 2756 1944 2829 elementa
2002 2776 2162 2828 non

624 2875 1126 2970 participant
1221 2873 1815 2954 humiditatem,
1928 2873 2163 2945 modo

623 3013 1127 3084 consequens
1219 2992 1542 3064 falsum.
1638 2991 1916 3063 Primo
2018 3010 2166 3082 per

626 3110 1209 3203 proecedentem
1297 3108 1932 3181 conclusionem.
2035 3110 2161 3179 Se-

621 3227 904 3306 cundo,
970 3224 1158 3322 quia
1220 3229 1411 3298 tunc
1472 3244 1731 3317 vapor
1780 3246 1939 3297 non
1981 3246 2163 3297 con-

619 3345 1088 3416 verteretur
1122 3342 1202 3413 in
1232 3362 1552 3433 aquam,
1592 3342 1797 3432 quod
1828 3345 1953 3415 est
1986 3361 2166 3413 con-

622 3464 753 3534 tra
784 3459 1400 3551 experientiam.
1438 3461 1537 3533 Et
1570 3459 1965 3551 probatur
1988 3478 2165 3530 con-

624 3575 1078 3669 sequentia,
1137 3577 1326 3668 quia
1371 3575 1572 3648 idem
1624 3597 1785 3648 non
1832 3595 2163 3648 conver-

620 3697 827 3770 titur
862 3695 941 3767 in
973 3700 1357 3768 naturam
1384 3694 1796 3786 suiipsius,
1822 3695 1946 3765 vel
1980 3713 2163 3765 con-

621 3812 997 3885 similem.

415 3955 462 4001 5.
710 3931 987 4003 Tertia
1020 3930 1438 4003 conclusio
1479 3932 1630 4010 est,
1678 3927 1887 4019 quod
1928 3927 2165 3999 exha-

364 4017 505 4066 Gon-

307 4077 557 4130 01„„·03,
625 4046 826 4118 latio
924 4050 1313 4138 quantum
1398 4045 1493 4116 ad
1586 4043 2165 4136 dispositiones

271 4139 595 4252 essxssffffi‘}
626 4162 1153 4254 qualitativas
1199 4162 1531 4253 primas,
1580 4164 1703 4233 est
1744 4161 1834 4231 de
1867 4165 2167 4233 natura

267 4265 593 4386 ξζζζῗηξῇξίἳ
626 4280 864 4370 ignis.
914 4279 1348 4358 Probatur,
1394 4297 1581 4349 nam
1629 4276 1724 4356 id,
1783 4277 1989 4367 quod
2040 4279 2165 4349 est

624 4399 969 4471 calidum
1028 4401 1107 4470 et
1170 4397 1500 4476 siccum,
1545 4399 1669 4468 est
1721 4394 1812 4464 de
1864 4399 2165 4467 natura

624 4514 869 4604 ignis;
926 4513 1059 4586 sed
1108 4510 1522 4585 exhalatio
1574 4515 1699 4584 cst
1752 4509 2163 4602 hujusmo-

620 4632 728 4713 di;
771 4652 996 4721 ergo,
1032 4635 1184 4703 etc.
1233 4631 1442 4702 Nam
1476 4629 1721 4703 aliter
1753 4650 1914 4700 non
1947 4635 2164 4702 esset

624 4748 979 4822 faciliter
1056 4747 1682 4820 inflammabilis.
1777 4747 2160 4829 Secunde,

625 4866 813 4958 quia
890 4864 1128 4937 habet
1205 4862 1706 4936 caliditatem
1788 4868 2163 4954 respectu

622 4981 976 5072 agentis,
1067 4985 1148 5052 et
1236 4979 1698 5052 siccitatem
1792 4981 2163 5070 respectu

632 5099 879 5193 passi,
916 5119 963 5170 a
997 5119 1152 5190 quo
1186 5099 1578 5170 elevatur.

366 5246 506 5294 con-
714 5219 1023 5299 Quarta
1053 5213 1470 5286 conclusio
1505 5217 1652 5295 est,
1692 5213 1895 5303 quod
1927 5212 2164 5284 exha-

293 5306 556 5428 (35ἱὲῗῖΞῷ
625 5335 823 5408 latio
856 5354 1016 5405 non
1048 5337 1170 5404 est
1201 5332 1292 5402 de
1327 5335 1620 5402 natura
1658 5330 1890 5419 ignis,
1923 5349 2165 5420 quan-

269 5434 425 5484 non?

624 5458 797 5526 tum
849 5452 943 5522 ad
996 5450 1345 5521 formam
1395 5467 1625 5519 suam
1680 5445 2165 5519 substantia-

626 5572 805 5644 lem.
880 5567 1312 5645 Probatur,
1382 5563 1894 5658 supponendo
1960 5564 2166 5654 quod

2290 554 2452 606 non
2513 533 2889 626 quaelibet
2949 533 3323 607 caliditas
3384 531 3687 604 sufficit
3737 530 3831 601 ad

2292 650 2904 742 generationem
2951 651 3190 742 ignis,
3229 650 3394 722 imo
3459 646 3688 721 nulla
3730 648 3832 720 ci·

2291 771 2424 841 tra
2457 787 2882 850 summam,
2955 766 3115 839 nisi
3176 765 3426 839 fuerit
3487 762 3834 837 materia

2293 885 2595 978 optime
2663 885 3060 977 disposita
3128 884 3224 956 ad
3301 880 3830 957 introductio-

2289 1023 2470 1076 nem
2523 1003 2808 1076 formae
2861 1002 3101 1094 ignis
3159 1004 3330 1076 Ista
3371 999 3829 1094 suppositio

2288 1124 2538 1214 patet,
2593 1141 2782 1192 nam
2823 1119 3071 1193 aliter
3117 1140 3279 1192 non
3322 1120 3601 1211 posset
3631 1115 3829 1188 assi-

2288 1236 2521 1327 gnari
2567 1237 2746 1328 quis
2791 1237 3092 1327 gradus
3137 1233 3551 1309 sufficeret
3591 1234 3685 1306 ad
3718 1235 3828 1307 in-

2288 1354 2885 1429 troductionem
2949 1353 3187 1445 ignis,
3267 1358 3350 1428 et
3399 1351 3579 1445 quis
3637 1372 3822 1426 non.

2286 1477 2501 1546 Tunc
2570 1471 2721 1543 hoc
2792 1471 3245 1564 supposito,
3319 1473 3542 1562 patet
3622 1470 3828 1561 qued

2285 1596 2514 1665 terra
2592 1590 2700 1664 sit
2781 1589 3013 1662 valde
3088 1588 3358 1680 inepte
3431 1586 3830 1679 disposita

2284 1709 2381 1780 ad
2458 1705 3147 1807 introductionem
3225 1703 3513 1775 formae
3582 1702 3822 1793 ignis,

2287 1826 2476 1916 quia
2521 1825 2599 1897 in
2673 1824 2848 1917 ipsa
2889 1842 3051 1895 non
3092 1823 3367 1914 potest
3416 1820 3826 1893 introduci

2283 1940 2553 2013 forma
2627 1940 2863 2031 ignis,
2929 1936 3085 2009 nisi
3156 1935 3408 2008 fuerit
3477 1936 3824 2009 multum

2285 2057 2628 2137 intensa,
2694 2056 2883 2148 quia,
2940 2055 3126 2127 dato
3191 2051 3401 2143 quod
3452 2052 3594 2133 sic,
3650 2052 3825 2144 jam

2281 2177 2853 2270 experiremur
2901 2168 3171 2245 videre
3213 2170 3712 2245 caliditatem
3749 2170 3825 2242 in

2281 2296 2456 2387 ejus
2499 2312 2868 2373 ascensu,
2923 2290 3130 2382 quod
3186 2293 3312 2362 est
3357 2287 3679 2360 falsum.

2370 2414 2678 2484 Contra
2712 2407 3142 2481 secundam
3176 2404 3810 2487 conclusionem,
3967 2402 4024 2504 ἒ·

2282 2551 2454 2623 quae
2505 2529 2699 2601 dicit
2759 2527 2967 2618 quod
3024 2548 3234 2614 vapor
3288 2537 3380 2593 ese
3437 2527 3517 2592 de
3574 2536 3817 2592 natura
3872 2493 4150 2606 ξὶέξζῖἷὲἐ

2276 2653 2476 2731 aeris,
2525 2645 2908 2735 arguitur
2941 2644 3146 2735 quod
3177 2662 3362 2722 non,
3400 2641 3588 2733 quia
3620 2640 3815 2713 illud
3845 2620 4020 2670 ⁰⁰²²⁰¹·

2277 2782 2436 2833 non
2476 2765 2601 2835 est
2639 2762 2730 2833 de
2779 2764 3078 2833 natura
3118 2757 3362 2840 aeris,
3416 2758 3623 2849 quod
3674 2777 3820 2850 per

2279 2879 2676 2950 modicam
2710 2877 3114 2951 actionem
3146 2878 3419 2968 potest
3450 2876 3818 2948 converti

2280 2996 2357 3068 in
2395 3014 2686 3087 aquam
2734 3021 2748 3064 :
2800 2994 2932 3066 sed
2977 3013 3237 3085 vapor
3284 3012 3433 3084 per
3481 3011 3818 3083 parvam

2275 3112 2679 3185 actionem
2706 3109 3361 3205 potestconverti
3385 3108 3464 3180 in
3496 3128 3814 3201 aquam,

2276 3237 2355 3305 et
2410 3232 2526 3304 ita
2567 3230 2954 3304 similiter
3006 3230 3098 3303 de
3139 3250 3328 3300 aere
3382 3227 3658 3301 mediae
3702 3248 3817 3298 re-

2277 3348 2580 3440 gionis;
2635 3367 2861 3438 ergo,
2908 3350 3063 3420 etc.
3115 3349 3215 3419 Et
3257 3346 3529 3418 minor
3578 3365 3816 3437 appa·

2278 3470 2429 3550 ret,
2493 3487 2681 3538 nam
2722 3485 3009 3558 vapor,
3045 3485 3145 3536 ex
3196 3485 3352 3556 quo
3404 3467 3643 3537 natus
3693 3464 3819 3534 est

2280 3601 2418 3653 ros
2470 3581 2876 3670 generari,
2933 3579 3552 3673 superveniente
3595 3575 3816 3667 frigi-

2276 3698 2527 3770 ditate
2595 3697 2860 3771 noctis
2920 3696 3148 3769 valde
3208 3700 3565 3789 repente,
3636 3717 3818 3769 con-

2278 3814 2637 3887 vertitur
2669 3815 2749 3886 in
2782 3834 3104 3905 aquam.

2370 3931 2730 4002 Secundo
2780 3930 3164 4021 arguitur
3205 3950 3350 4021 per
3392 3932 3818 4022 quamdam
3852 3931 4098 3994 ObJ'ecu‘o
4126 3930 4174 3979 2·

2279 4044 2871 4137 experientiam
2949 4045 3298 4128 Albcrti,
3400 4047 3536 4138 qui
3627 4047 3821 4121 dicit

2283 4162 2488 4251 quod
2543 4162 2612 4233 si
2665 4164 3098 4249 argentum
3147 4161 3423 4235 vivum
3469 4169 3822 4256 ponatur

2283 4276 2360 4347 in
2421 4299 2630 4369 aqua
2696 4297 3070 4358 rosacea,
3144 4279 3311 4351 cite
3385 4279 3822 4353 exhalatur

2282 4393 2475 4466 illud
2516 4401 2984 4482 argentum;
3038 4399 3119 4469 et
3181 4397 3250 4470 si
3311 4402 3822 4489 supponatur

2277 4534 2422 4584 vas
2467 4513 2846 4605 spissum,
2890 4518 2971 4587 et
3025 4512 3437 4603 frigidum,
3494 4518 3683 4586 tunc
3736 4513 3819 4587 il-

2280 4632 2410 4704 lud
2488 4636 2922 4722 argentum
2997 4632 3272 4704 vivum
3350 4630 3820 4705 exhalatum

2282 4748 2578 4821 iterum
2650 4747 3167 4821 convertitur
3238 4748 3318 4820 in
3387 4753 3818 4839 argentum

2277 4868 2578 4947 vivum,
2656 4865 2863 4957 quod
2924 4884 3086 4938 non
3155 4866 3418 4959 possit
3485 4866 3689 4948 fieri,
3754 4866 3821 4938 si

2280 4985 2469 5057 illud
2530 4986 2963 5073 argentum
3015 5005 3162 5078 per
3218 4984 3821 5060 exhalationem

2278 5100 2566 5172 fuisset
2591 5119 3079 5172 conversum
3114 5100 3193 5171 in
3244 5121 3545 5173 aerem.
3602 5104 3821 5192 Ergo

2278 5238 2325 5290 a
2367 5216 2641 5296 simili,
2689 5237 2950 5308 vapor
3000 5217 3428 5291 exhalatus
3472 5218 3570 5290 ab
3614 5239 3824 5311 aqua

2278 5356 2434 5406 non
2486 5333 2768 5407 statim
2825 5335 3342 5408 convertitur
3394 5336 3473 5407 in
3515 5356 3815 5417 aerem,

2282 5452 2412 5524 sed
2456 5450 2712 5522 adhuc
2750 5456 3020 5525 manet
3070 5472 3305 5543 aqua.

2371 5568 2479 5639 Ad
2533 5568 2915 5661 primum,
2969 5570 3043 5640 id
3091 5572 3265 5661 quod
3299 5594 3423 5661 per
3460 5572 3813 5655 modicam,
3889 5538 4166 5668 legions.
