4252 6393
395 5589 651 5641 Dubium·
714 5577 1093 5672 praedicta
1143 5602 1156 5644 ε
1205 5597 1386 5648 cum
1449 5575 1662 5648 enim
1708 5576 1970 5648 omnis
2035 5597 2255 5649 men-
2368 5579 2624 5670 doque
2684 5580 3019 5662 excedit,
3086 5582 3553 5674 quandoque
3609 5584 4202 5657 excedi-dinem

500 5523 576 5576 16.

373 3130 1042 3248 35-1511et·0-cenna‘‚
1109 3126 1174 3199 si
1273 3128 1706 3220 ignora-tur

724 401 846 467 646

710 562 927 634 enim
960 566 1176 636 esset
1218 563 1491 655 aliqua
1534 561 1989 634 substantia
2039 582 2261 653 sepa-

714 683 921 760 rata,
972 700 1145 770 quae
1186 683 1399 750 esset
1441 699 1819 751 mensura
1878 678 2257 761 aliorum,

712 795 791 866 in
828 794 1002 887 ipsa
1044 798 1258 866 esset
1295 798 1560 868 status
1600 796 1678 866 in
1726 794 2255 876 ascendendO‚

711 916 789 983 et
834 933 1081 1004 supra
1135 914 1358 985 illam
1410 935 1566 984 non
1610 919 1824 987 esset
1876 912 2260 985 factibilis

715 1027 1094 1120 superior
1138 1055 1150 1097 :
1202 1029 1332 1099 sed
1399 1030 1832 1101 secundum
1877 1029 2262 1101 assertio-

713 1163 893 1213 nem
951 1143 1340 1235 ipsorum,
1398 1145 1706 1215 nullum
1750 1165 2001 1233 uenus
2044 1165 2262 1216 crea-

710 1263 793 1331 tu
815 1279 921 1329 rae
999 1257 1232 1331 habet
1307 1265 1612 1334 statum
1697 1262 1772 1332 in
1846 1282 2256 1353 supreme,

714 1375 902 1466 quin
938 1376 1314 1468 superior
1363 1398 1456 1449 ea
1499 1378 1660 1449 alia
1706 1378 1965 1470 possit
2008 1399 2051 1448 a
2094 1380 2259 1450 Deo

711 1492 928 1572 fieri,
973 1514 1065 1564 eo
1102 1495 1308 1585 quod
1344 1496 1723 1586 qi1mlibet
1759 1495 2259 1586 semperdis-

711 1611 832 1680 tat
887 1610 967 1682 in
1039 1610 1443 1683 infinitum
1516 1633 1559 1683 a
1634 1613 2091 1685 substantia
2153 1613 2259 1685 in-

711 1730 1019 1799 creata.
1066 1730 1160 1802 Et
1213 1729 1383 1800 ideo
1438 1732 1871 1802 secundum
1933 1752 2259 1803 sensum

712 1842 1040 1915 articuli
1077 1845 1345 1916 nullus
1384 1847 1735 1937 Angelus
1786 1853 1910 1919 est
1956 1847 2260 1940 simpli-

711 1960 920 2032 citer
956 1981 1335 2032 mensura
1372 1962 1732 2033 omnium
1762 1964 2260 2054 Angelorum

711 2073 1220 2159 factibilium,
1285 2083 1365 2151 et
1408 2079 1839 2160 sactorum,
1890 2084 2260 2172 quamvis

712 2194 847 2284 qui
913 2195 1142 2265 modo
1205 2201 1328 2269 est
1390 2196 1769 2289 superior
1812 2197 1890 2268 in
1933 2201 2257 2282 natura,

712 2309 972 2401 possit
1046 2311 1234 2403 poni
1324 2312 1679 2385 aliorum
1774 2314 2261 2388 inferiorum

715 2445 1122 2498 mensura.
1179 2429 1324 2500 Sed
1387 2429 1464 2500 in
1529 2430 1798 2501 infima
1872 2437 2257 2504 creatura

710 2542 834 2611 est
878 2545 1169 2625 statim,
1210 2544 1520 2617 scilicet
1561 2545 1635 2615 in
1688 2545 1959 2618 anima
2014 2548 2260 2620 ratio-

712 2657 927 2729 nali:
1001 2663 1339 2751 propter
1392 2661 1591 2752 quod
1648 2662 1833 2752 quia
1882 2683 2262 2735 mensura

712 2780 836 2848 est
881 2780 1131 2858 certa,
1188 2777 1328 2849 alii
1367 2785 1821 2871 posuerunt
1863 2801 2043 2851 eam
2085 2804 2262 2854 esse

718 2912 1183 2966 mensuram
1222 2895 1578 2967 omnium
1615 2897 2262 2971 substantiarum

716 3016 1337 3102 separatarum:
1412 3012 1622 3103 quia,
1683 3019 1770 3087 ut
1834 3015 2024 3089 dicit
2079 3017 2264 3089 Avi-

1802 3131 2263 3204 intellectus

718 3243 1155 3336 possibiliS‚
1221 3248 1411 3316 tunc
1471 3267 1627 3317 non
1692 3247 1953 3320 scitur
1995 3270 2265 3320 nume-

718 3391 855 3442 rus
889 3371 1532 3444 substantiarum
1574 3379 2174 3464 separatarum.

808 3490 1024 3570 Quod
1065 3491 1337 3560 autem
1369 3488 1670 3562 (lictum
1706 3496 1829 3564 est
1865 3490 2018 3570 hic,
2062 3495 2265 3583 quod

721 3605 801 3677 in
846 3604 1273 3677 individuis
1323 3606 1801 3697 inquantum
1841 3608 2267 3693 individua,

717 3741 879 3793 non
922 3724 1188 3814 potest
1250 3722 1504 3814 accipi
1572 3730 2131 3799 mensuratum
2189 3734 2269 3802 et

722 3857 1129 3918 mensura,
1171 3835 1377 3908 sicut
1414 3858 1664 3929 supra
1705 3839 1893 3922 dixi,
1946 3841 2267 3914 aestimo

720 3977 895 4029 esse
939 3954 1235 4025 falsum
1283 3979 1296 4022 τ
1346 3954 1530 4047 quia
1580 3957 1948 4047 quamvis
1995 3959 2269 4032 indivi-

717 4074 955 4145 duum
984 4091 1157 4144 rem
1183 4092 1342 4143 non
1367 4072 1596 4143 addat
1635 4095 1883 4166 supra
1919 4077 2267 4168 speciem

720 4188 799 4259 in
861 4187 1309 4270 latitudine,
1382 4192 1658 4261 tamen
1718 4191 2013 4283 speciei
2085 4197 2273 4266 sunt

719 4304 955 4376 multi
1026 4305 1367 4394 gradus;
1454 4326 1800 4395 quorum
1874 4307 2012 4379 alii
2086 4315 2273 4383 sunt

722 4421 981 4512 magis
1074 4422 1414 4513 perfecti
1507 4423 1729 4504 aliis,
1834 4427 2269 4499 secundum

717 4559 917 4628 quos
961 4537 1137 4630 ipsa
1180 4540 1261 4612 in
1337 4540 1649 4612 dividua
1691 4544 2269 4632 producuntur,

713 4665 790 4726 et
827 4654 999 4728 ideo
1034 4677 1277 4729 unum
1320 4662 1444 4731 est
1478 4679 1853 4730 mensura
1898 4660 2270 4733 alterius·

1204 4975 1633 5033 ARTICULUS
1708 4977 1776 5032 11.

712 5160 839 5235 An,
895 5165 955 5220 ct
1003 5156 1295 5241 qualiter
1353 5155 1525 5219 Deus
1565 5156 1649 5219 sic
1692 5176 2001 5221 mensura
2041 5179 2266 5223 rerum

1106 5274 1403 5337 omnium
1435 5283 1809 5337 creatarum
1835 5275 1866 5337 ἶ)

802 5463 945 5536 Sed
980 5459 1232 5532 adhuc
1267 5458 1580 5532 occurit
1610 5460 2002 5532 dubitatio
2039 5460 2258 5532 circa

1878 403 1977 464 DE
2024 402 2288 465 RERUM
2333 399 2718 465 PRINCIPIO

2377 583 2463 633 su
2481 582 2572 633 ra
2595 566 2907 654 {equetii
2924 582 2963 632 r
2988 563 3484 641 mensurato,
3509 560 3633 632 vel
3657 564 3902 651 aequet

2379 700 2550 750 rem
2616 682 3204 760 mensuratam,
3258 677 3382 749 vel
3442 697 3586 769 per
3628 698 3736 759 se,
3791 679 3901 747 vel

2379 814 2523 886 per
2593 795 2716 866 sui
2789 794 3433 887 replicationem,
3487 792 3902 867 videturid

2374 932 2532 981 non
2573 933 2750 983 esse
2809 933 3092 983 verum
3154 912 3244 984 de
3310 913 3476 983 Deo
3547 913 3902 1002 respectu

2375 1030 2804 1100 creatura).
2853 1030 3033 1099 Non
3093 1027 3307 1100 enim
3349 1027 3666 1100 videtur
3718 1027 3905 1119 quod

2373 1142 2642 1213 divina.
2681 1143 3040 1216 essentia
3076 1142 3516 1223 illimitata‚
3553 1135 3632 1215 et
3668 1141 3905 1213 intini-

2373 1261 2482 1339 ta‚
2523 1258 2809 1331 habeat
2844 1258 3246 1331 rationem
3309 1280 3709 1330 mensurae
3762 1279 3907 1329 res·

2376 1381 2608 1467 pectu
2644 1377 3020 1450 essentiae
3049 1382 3371 1457 creatae,
3421 1396 3606 1449 cum
3649 1381 3907 1450 tamen

2374 1493 2672 1566 dictum
2739 1494 2912 1575 sit‘‚
2981 1495 3187 1585 quod
3261 1493 3476 1566 ratio
3520 1514 3908 1566 mensurae
3972 1528 4150 1578 „uma

2377 1610 2817 1703 perfectius
2861 1613 3231 1683 salvatur
3295 1610 3372 1682 in
3441 1613 3634 1692 Deo,
3681 1631 3907 1702 quam

2378 1727 2455 1798 in
2527 1747 2910 1799 mensura
2983 1727 3330 1819 alicujus
3393 1728 3743 1818 generis,

2941 1954 3347 2011 SCHOLIUM.

2444 2133 2662 2190 Omnia
2696 2133 2919 2199 ferme,
2955 2147 3096 2202 quae
3128 2130 3232 2188 hie
3266 2131 3492 2188 diffuse
3524 2138 3749 2191 tractat
3783 2137 3918 2190 Doc-

2371 2239 2489 2301 tor,
2523 2233 2638 2289 sub
2671 2233 2889 2303 majori
2923 2230 3289 2302 compendio
3320 2230 3504 2288 habet
3535 2235 3600 2288 iu
3631 2236 3688 2288 2.
3752 2232 3809 2289 d.
3866 2235 3915 2288 2.

2373 2348 2430 2404 q.
2465 2336 2519 2387 2.
2553 2336 2606 2398 §-
2643 2332 2724 2385 Ad
2752 2331 3051 2384 secundam
3079 2334 3294 2398 purtem
3330 2350 3350 2383 .·
3382 2334 3442 2385 et
3473 2330 3537 2385 in
3600 2331 3918 2402 Metaphy-

2374 2433 2484 2489 sic.
2521 2431 2627 2487 lib.
2661 2430 2713 2484 5.
2749 2433 2965 2500 quaest.
2997 2428 3052 2484 9.
3087 2443 3257 2484 num.
3291 2430 3345 2483 3.
3395 2434 3455 2485 et
3505 2430 3570 2485 in
3626 2429 3754 2486 alia
3802 2433 3921 2486 Me·

2372 2530 2543 2601 taph.
2582 2528 2836 2584 textuali
2873 2541 3117 2582 summa
3151 2528 3354 2594 unica,
3387 2543 3524 2599 cap.
3544 2530 3600 2585 6.
3629 2543 3804 2585 num.
3834 2530 3915 2582 57.

2374 2632 2434 2685 et
2466 2641 2636 2699 seqq.
2675 2626 2826 2682 Vide
2857 2640 2997 2696 quae
3029 2624 3192 2681 dicta
3226 2629 3370 2682 sunt
3400 2631 3514 2682 art.
3555 2627 3602 2681 1.
3639 2641 3814 2682 num.
3868 2627 3916 2681 3.

2375 2732 2435 2783 et
2465 2741 2639 2797 seqq.

2450 2904 2559 2974 Au
2581 2903 2813 2995 cujus
2837 2901 3319 2975 evidentiam
3341 2904 3464 2974 est
3491 2903 3918 2986 sciendum,
4048 2932 4107 2984 ιτ.
4207 2896 4208 2927 ²

2379 3020 2801 3112 quodcum
2845 3019 2977 3091 hic
3022 3020 3454 3110 loquamur
3493 3020 3586 3093 de
3621 3042 3925 3093 mensu·
3994 2997 4162 3127 {233³

2379 3155 2472 3208 ra
2514 3136 2981 3210 extrinseca
3061 3135 3550 3228 quantitatis
3625 3135 4174 3255 perfec-Jffiffi

2381 3256 2633 3327 tionis
2656 3256 3120 3329 essentialis
3154 3257 3296 3338 rei,
3334 3278 3495 3329 non
3528 3260 3926 3350 quantita·
3950 3255 4187 3363 ’32122‘222

2380 3375 2485 3446 tis
2532 3373 3046 3465 simpliciter,
3109 3393 3249 3444 nec
3291 3373 3782 3456 durationis,
3823 3380 3926 3447 ta-

2379 3488 2480 3560 lis
2519 3507 2919 3559 mensurae
2977 3490 3099 3558 cst
3144 3487 3447 3579 triplex
3490 3509 3774 3580 genuS,
3852 3494 3926 3563 et

2381 3604 2815 3678 secundum
2853 3603 3000 3675 hoc
3025 3603 3328 3696 triplex
3367 3605 3579 3678 ratio
3617 3628 3926 3679 mensu-

2383 3720 2611 3792 randi
2693 3741 2837 3811 per
2896 3719 3141 3792 talem
3213 3739 3711 3793 mensuram.
3789 3725 3928 3796 Est
3976 3743 4172 3796 Primum

2380 3836 2594 3909 enim
2639 3835 3000 3927 quaedam
3047 3855 3455 3918 mensura,
3508 3859 3685 3929 qufe
3731 3807 4196 3915 sem-⁹²⁴5&

2382 3974 2529 4046 per
2585 3953 3004 4025 exceditur
3061 3971 3108 4022 a
3181 3959 3683 4037 mensurato,
3763 3957 3933 4029 ideo
3957 3941 4181 4040 ’'¹⁶⁸3''sp

2387 4070 2647 4162 ipsum
2709 4090 2864 4140 non
2929 4074 3372 4149 mensurat,
3428 4070 3586 4142 nisi
3632 4070 3765 4142 sui
3819 4091 3933 4142 re·

2386 4186 2819 4280 plicatione
2868 4210 2879 4252 :
2949 4185 3177 4257 verbi
3255 4185 3551 4276 gratia,
3629 4188 3931 4266 unitas.

2386 4326 2558 4396 quae
2592 4308 2715 4375 est
2761 4302 3274 4394 principium,
3315 4307 3393 4376 et
3429 4303 3939 4396 simplicissi-

2387 4441 2605 4491 mum
2644 4419 2721 4491 in
2780 4418 3171 4499 numeris,
3227 4424 3307 4492 et
3348 4441 3443 4490 ex
3490 4442 3572 4492 se
3605 4427 3810 4496 nota
3864 4423 3936 4494 in

2387 4557 2532 4608 sua.
2583 4534 3063 4625 quantitate,
3111 4554 3269 4606 non
3325 4543 3759 4612 mensurat
3808 4560 3941 4610 nu-

2384 4672 2683 4732 merOS,
2729 4648 2886 4721 nisi
2933 4671 3077 4722 sua
3124 4651 3687 4744 replicatione.
3747 4656 3941 4726 Tan-

2385 4772 2516 4839 tus
2604 4765 2817 4838 enim
2907 4766 3436 4857 cognoscitur
3517 4790 3701 4841 esse
3803 4790 3940 4841 nu-

2384 4904 2683 4964 meruS,
2749 4882 3068 4974 quoties
3132 4883 3213 4954 in
3256 4905 3351 4956 eo
3404 4886 3943 4976 cognoscitur

2380 5001 2652 5075 unitas
2714 4999 3103 5091 replicari
3162 5026 3174 5069 :
3241 5002 3658 5074 ternarius
3722 5004 3938 5075 enim

2379 5117 3174 5208 cognosciturtantae
3198 5118 3720 5208 quantitatiS,
3752 5121 3940 5212 quia

2380 5237 2506 5305 ter
2548 5233 2626 5304 in
2667 5251 2760 5302 eo
2804 5230 3075 5305 unitas
3112 5232 3582 5325 replicatur,
3685 5240 3772 5308 et
3825 5236 3940 5307 sic

2372 5347 2463 5418 de
2506 5347 2688 5418 aliis
2747 5347 3163 5440 speciebus
3198 5369 3764 5422 numerorum.

2465 5464 2607 5534 Est
2649 5462 2895 5536 etiam
2964 5484 3373 5546 mensura,
3439 5487 3610 5557 quae
3685 5451 4209 5583 sluan-Jjffiff‘ffl
