4252 6393
723 420 802 490 42
1905 432 2051 494 LlB.
2100 434 2145 494 1.
2191 432 2732 499 METEORORUM

628 578 633 583 ’
706 593 1112 670 aeternum
1162 589 1392 661 modo
1462 587 1543 660 in
1599 589 2014 683 perpetuis
2100 610 2260 662 non

708 708 834 778 est
876 705 1304 797 quaerenda
1350 725 1596 778 causa
1645 705 2028 789 efficiens,
2087 707 2259 779 ideo

710 821 887 894 dico
950 822 1155 914 quod
1206 842 1473 895 causae
1522 828 2133 906 conservanteS,
2179 829 2259 897 et

715 938 1222 1015 intendentes
1258 944 1600 1034 possunt
1637 941 1911 1016 reduci
1944 943 2039 1014 ad
2073 964 2259 1036 qua-

466 1067 681 1142 ,Cauw
714 1061 930 1140 tuor,
1007 1079 1351 1150 quarum
1431 1058 1699 1152 prima
1775 1060 2256 1153 principalis

358 1143 839 1269 JssssfftifuJfis-est
872 1195 1172 1268 corpus
1205 1174 1553 1257 coeleste,
1593 1179 1983 1267 quantum
2016 1178 2112 1250 ad
2136 1197 2256 1249 as-

357 1254 686 1318 fagnanum
717 1294 848 1364 tra
903 1289 1402 1381 frigidantia.
1452 1293 1711 1374 Patet,
1759 1292 1946 1384 quia
1992 1294 2254 1366 omnis

710 1407 978 1481 virtus
1051 1407 1320 1480 mundi
1369 1408 1791 1481 inferioris
1862 1408 2253 1502 guberna-

712 1529 851 1597 tur
881 1523 980 1597 ab
1024 1524 1225 1617 ipso,
1283 1528 1372 1597 ut
1403 1525 1706 1599 dictum
1740 1524 2152 1619 fuitpriuS.

798 1641 1158 1715 Secunda
1188 1662 1435 1714 causa
1453 1646 1602 1723 est,
1629 1648 1970 1735 propter
2011 1663 2252 1735 quam

706 1758 1121 1851 praemitto
1173 1759 1369 1832 tria:
1420 1758 1789 1831 Primum
1840 1764 1988 1841 est,
2044 1761 2251 1853 quod

696 1895 953 1947 *unum
1004 1875 1521 1948 contrarium
1580 1875 2247 1968 approximatum

699 1991 945 2065 alteri
1023 1996 1309 2066 natum
1380 1995 1506 2067 est
1591 1991 1874 2081 fugere
1949 1992 2242 2087 ipsum.

701 2109 1110 2185 Probatur
1177 2131 1323 2204 per
1378 2111 2014 2206 experientiam;
2087 2111 2248 2205 pri·

701 2246 857 2307 mo,
948 2226 1136 2319 quia
1227 2231 1568 2320 propter
1646 2228 1797 2302 hoc
1880 2228 2244 2301 videmus

699 2339 1202 2415 caliditatem
1274 2343 1419 2414 sub
1486 2347 1717 2416 terra
1786 2345 1867 2417 in
1925 2343 2238 2436 hyeme,

699 2465 782 2535 et
814 2459 1353 2553 frigiditatem
1390 2463 1469 2536 in
1502 2468 1813 2539 aestate.
1853 2468 2238 2549 Secundo,

699 2578 889 2670 quia
928 2598 1073 2672 per
1122 2578 1273 2652 hoc
1314 2580 1448 2654 dat
1493 2580 2037 2676 Philosophus
2082 2603 2243 2657 mo-

697 2698 883 2770 dum
962 2702 1521 2791 generationis
1613 2704 2058 2795 grandinis,
2156 2712 2243 2782 ut

699 2819 922 2910 patet
956 2817 1035 2889 in
1066 2818 1218 2892 hoc
1262 2820 1555 2912 primo.

784 2935 1086 3019 Terti0‚
1134 2936 1323 3028 quia
1363 2957 1572 3030 aqua
1613 2936 1849 3013 bullit
1907 2938 1987 3012 in
2049 2940 2237 3024 olla,

693 3072 787 3123 eo
832 3053 1040 3144 quod
1073 3056 1267 3128 nata
1297 3058 1421 3127 est
1456 3054 1743 3144 fugere
1787 3077 2020 3128 suum
2057 3078 2238 3129 con-

693 3168 1074 3252 trarium,
1140 3170 1453 3246 scilicet
1506 3172 1798 3263 iguem,
1866 3176 2237 3266 quamvis

691 3306 836 3378 per
884 3288 1380 3376 gravitatem
1435 3293 1718 3381 postea
1784 3291 2233 3366 descendat.

692 3407 1026 3485 Quarto,
1068 3405 1254 3496 quia
1285 3405 1649 3478 videmus
1682 3426 1977 3499 aquam
2009 3411 2238 3481 exire

690 3540 788 3591 ex
869 3521 1036 3611 igni
1113 3523 1709 3614 approximatis
1781 3524 1975 3614 igni,
2033 3527 2238 3617 quod

691 3655 852 3708 non
883 3641 1124 3718 esset,
1167 3637 1325 3710 nisi
1367 3658 1576 3731 aqua
1620 3639 1760 3712 illa
1790 3644 1985 3715 nata
2019 3646 2239 3715 esset

693 3751 976 3843 fugere
1021 3752 1250 3824 illum
1313 3752 1605 3844 ignem.

481 3865 556 3918 ¹3·
783 3869 1138 3942 Secundo
1166 3870 1608 3963 praemitto,
1647 3873 1851 3963 quod
1882 3894 1981 3945 ex
2015 3874 2237 3947 unio-

692 4006 790 4056 ne
833 3985 1193 4077 partium
1228 3986 1573 4079 alicujus
1617 3989 1993 4080 corporis
2040 3989 2117 4061 in
2153 4012 2236 4064 se

694 4100 1038 4173 invicem
1072 4101 1594 4184 fortifica-tur,
1641 4106 1721 4176 et
1792 4103 2238 4180 intenditur

690 4219 961 4293 virtus
1040 4219 1257 4291 illius
1337 4220 1743 4314 corporis.
1827 4223 2236 4299 Probatur

693 4355 839 4427 per
923 4335 1538 4430 experientiam,
1614 4337 1801 4429 quia
1873 4339 2233 4413 videmus

696 4450 903 4542 quod
937 4450 1015 4521 in
1057 4449 1278 4522 ferro
1338 4455 1792 4546 compacte,
1838 4458 1963 4527 est
2004 4455 2236 4527 calor

695 4566 1121 4648 intensior,
1171 4587 1409 4657 quam
1453 4567 1532 4639 in
1590 4568 1920 4641 flamma
1981 4571 2228 4645 tenui.

694 4682 1094 4757 Similiter
1143 4682 1504 4755 videmus
1542 4682 1624 4755 in
1691 4704 1899 4776 aqua
1949 4705 2233 4777 conge-

688 4801 859 4874 lata
902 4801 1302 4892 majorem
1355 4800 1915 4891 frigiditatem,
1991 4824 2231 4895 quam

694 4921 774 4992 in
816 4939 1005 4990 aere
1063 4918 1520 5008 congelato,
1583 4923 1926 5013 propter
1976 4919 2233 4994 tenui-

690 5042 949 5110 tatem
1000 5036 1425 5130 majorem.
1490 5037 1791 5119 Tertio,
1849 5039 2037 5130 quia
2087 5060 2230 5112 cae·

692 5153 894 5227 teris
928 5153 1285 5246 paribus,
1323 5157 1625 5244 quanto
1667 5153 1941 5246 aliqua
1983 5157 2234 5247 quali-

692 5276 819 5344 tas
900 5269 1152 5343 fuerit
1228 5269 1492 5341 minus
1570 5273 1932 5352 extensa,
2000 5276 2230 5346 tanto

688 5391 813 5460 est
858 5386 1119 5477 magis
1181 5387 1497 5460 intensa
1539 5408 1637 5459 ex
1697 5388 1992 5461 unione
2052 5411 2232 5482 par-

690 5505 921 5576 tium.
987 5504 1220 5578 Patet
1271 5505 1871 5595 consequentia,
1933 5508 2121 5598 quia
2164 5509 2232 5582 si

685 5622 954 5696 virtus
1013 5622 1388 5713 corporis
1432 5627 1877 5715 poneretur
1946 5625 2022 5694 in
2076 5645 2232 5697 me-

380 1659 649 1713 Saeunda.

2371 592 2669 668 dietate
2715 594 2977 678 istiuS,
3026 594 3185 668 ista
3228 596 3614 671 medietas
3671 598 3797 669 est
3840 596 3920 668 in

2371 707 2613 802 duplo
2657 711 3089 794 intensior,
3154 731 3396 804 quam
3450 716 3742 785 totum.
3816 714 3917 785 Et

2371 828 2918 901 consimiliter
2949 833 3169 904 esset
3199 827 3290 900 de
3324 827 3706 909 difformi,
3734 849 3914 901 cum

2373 942 2635 1015 omnis
2715 943 3211 1017 ‘difformitas
3311 944 3726 1018 reducitur
3821 944 3916 1016 ad

2370 1059 3049 1137 uniformitatem.

2456 1178 2733 1252 Tertio
2786 1178 3226 1272 praemitto,
3274 1177 3478 1271 quod
3535 1177 3913 1272 superior

2368 1292 2584 1364 aeris
2667 1293 2896 1384 regio
2983 1298 3107 1367 est
3195 1293 3479 1376 calida,
3571 1298 3911 1387 propter

2371 1412 2681 1483 motum
2744 1410 3025 1503 ipsius,
3081 1416 3161 1485 et
3212 1410 3909 1505 propinquitatem

2367 1527 2463 1600 ad
2514 1525 2920 1620 sphaeram
2964 1528 3203 1619 ignis.
3241 1532 3342 1604 Et
3396 1526 3741 1601 inferior
3791 1548 3946 1624 ref·
4185 1616 4186 1621 Ν

2367 1644 2502 1734 gio
2539 1646 2757 1719 aeris
2787 1651 2913 1721 est
2959 1648 3220 1720 calida
3263 1652 3603 1742 propter
3637 1646 3905 1719 radios
3987 1696 3990 1697 ν
4091 1660 4094 1663 ·

2367 1761 2680 1835 solares
2725 1763 3129 1838 refractos
3171 1785 3217 1836 a
3261 1768 3514 1838 terra.
3560 1766 3680 1835 Ex
3723 1762 3905 1836 istis

2365 1879 2737 1971 sequitur
2795 1900 3047 1953 causa
3105 1880 3344 1955 istius
3393 1879 3900 1970 frigiditatis,

2363 1996 2552 2089 quia
2628 2017 2775 2089 per
2842 1998 3196 2091 primam
3263 1996 3897 2076 conclusionem,

2364 2111 2622 2184 media
2688 2111 2905 2185 aeris
2956 2112 3185 2205 regio
3242 2115 3369 2186 est
3427 2110 3747 2203 frigida,
3822 2114 3905 2186 et

2360 2248 2507 2320 per
2547 2229 2882 2303 tertiam
2916 2228 3589 2325 suppositionem,
3638 2228 3902 2321 ipsam

2358 2344 2906 2422 circumstant
2980 2347 3133 2420 duo
3194 2365 3552 2440 corpora
3601 2344 3895 2424 calida:

2359 2463 2615 2555 igitur
2663 2484 2810 2556 per
2849 2464 3226 2556 primam,
3296 2463 3474 2557 ipsa
3532 2466 3726 2537 nata
3775 2465 3947 2554 est·
4034 2485 4100 2529 .·÷

2356 2583 2640 2672 fugere
2673 2580 3080 2674 quodlibet
3131 2579 3747 2654 contrariorum
3799 2578 3918 2650 is-'

2357 2703 2632 2773 torum
2719 2695 3475 2776 circumstantium,
3575 2700 3655 2770 ct
3751 2714 3899 2788 per

2354 2837 2859 2909 consequens
2940 2837 3038 2887 ex
3123 2814 3263 2887 illa
3348 2813 3538 2905 fuga
3616 2819 3895 2907 partes
3950 2843 3956 2848 ·

2356 2931 2611 3024 ipsius
2663 2930 3047 3004 unientur
3078 2930 3174 3003 ad
3205 2928 3550 3002 invicem
3586 2955 3599 2999 :
3640 2931 3898 3021 igitur

2355 3068 2498 3142 per
2541 3046 2873 3121 tertiam
2941 3046 3584 3139 suppositionem
3625 3048 3894 3122 virtus

2355 3164 2630 3239 media).
2676 3164 3037 3255 regionis
3099 3164 3547 3239 intenditur
3593 3171 3674 3240 et
3731 3165 3893 3241 for-

2352 3286 2741 3366 tificatur,
2793 3284 3005 3357 sicut
3049 3283 3310 3376 ipsum
3372 3285 3894 3377 qualificatur

2354 3423 2498 3496 per
2538 3402 2705 3477 anti
2720 3401 3186 3494 peristasin,
3224 3401 3435 3475 sicut
3467 3423 3895 3477 conserva-

2351 3524 2511 3597 tur,
2550 3522 2630 3592 et
2683 3515 3129 3590 intenditur
3162 3515 3569 3608 frigiditas
3616 3521 3892 3595 mediae

2357 3635 2744 3726 regionis⁸
2883 3627 2888 3632 ’

2438 3752 2710 3825 Tertia
2756 3757 3158 3826 causaest
3221 3759 3489 3828 motus
3530 3758 3888 3850 superio-
3975 3769 4138 3885 Txe'ia

2351 3870 2466 3941 ris
2513 3870 2874 3961 regionis
2914 3869 3156 3952 aeris,
3219 3889 3408 3942 nam
3467 3893 3612 3965 per
3653 3894 3888 3947 suum
4145 3868 4156 3883 '

2349 3989 2660 4059 motum
2730 3984 2887 4060 ista
2963 3987 3191 4076 regio
3266 3989 3591 4070 rarefit;
3660 3991 3889 4062 inodo

2353 4103 2764 4179 rarefacta
2814 4124 2972 4175 una
3016 4108 3250 4196 parte
3290 4105 3567 4178 mediae
3633 4107 3890 4198 regio·

2348 4219 2473 4293 nis
2541 4220 2785 4300 aeris,
2861 4223 3186 4312 oportet
3253 4220 3501 4295 aliam
3573 4227 3890 4316 partem

2348 4339 2566 4411 aeris
2604 4338 2755 4411 sibi
2791 4338 3332 4430 propinquam
3378 4339 3886 4425 condensari,

2346 4460 2427 4529 et
2468 4475 2613 4548 per
2643 4474 3142 4546 consequens
3178 4453 3682 4546 infrigidari;
3730 4478 3893 4529 mo-

2343 4574 2442 4646 do
2487 4572 2745 4646 media
2805 4571 3033 4662 regio
3092 4572 3309 4645 aeris
3376 4577 3501 4645 est
3569 4575 3892 4668 propin-

2347 4688 2742 4783 quissima
2767 4686 3179 4781 superiori
3205 4688 3550 4792 regioni.
3577 4696 3886 4773 Quarta
3964 4693 4176 4749 amm.
4213 4733 4214 4736 κ

2346 4826 2623 4887 causa,
2660 4805 2850 4897 quia
2889 4824 3266 4897 vapores,
3321 4809 3401 4879 et
3440 4806 3886 4882 exhalatio-

2346 4945 2487 4997 nes
2545 4923 2881 4997 elevatae
2948 4921 3046 4994 ab
3121 4922 3303 4997 istis
3365 4922 3890 4997 inferioribus

2347 5040 2602 5112 adhuc
2675 5039 3257 5131 quodammodo
3320 5041 3675 5117 retinent
3730 5042 3891 5114 vir-

2346 5162 2605 5232 tutem
2678 5157 3045 5250 ipsorum
3132 5156 3643 5241 inferiorum,
3719 5159 3888 5232 ideo

2345 5296 2528 5349 cum
2596 5272 2891 5348 elevati
2987 5272 3294 5348 fuerint
3372 5274 3466 5346 ad
3545 5276 3887 5350 mediam

2349 5391 2764 5482 regionem
2825 5410 2970 5483 per
3020 5391 3420 5464 modicam
3483 5392 3887 5466 actionem

2345 5508 2849 5599 frigiditatis,
2897 5511 3240 5600 possunt
3284 5505 3549 5579 redire
3579 5509 3674 5581 ad
3711 5530 3889 5601 pro-

2345 5625 2569 5717 prias
2602 5628 2967 5705 naturaS,
3005 5625 3098 5696 ad
3132 5644 3329 5716 quas
3363 5645 3548 5697 oum
3583 5625 3883 5701 fuerint
