4252 6393
412 834 654 888 Tertium
670 871 678 880 .

411 3523 695 3577 Quartum.

733 429 850 494 530

723 591 1042 686 objecti,
1113 591 1574 665 intellectus
1606 592 1878 662 autem
1909 588 2266 662 essentia

726 727 1036 779 summe
1081 727 1440 800 praesens
1472 711 1597 781 est
1639 707 1814 778 sibi.

815 826 1193 915 Arguunt
1238 825 1488 900 etiam
1529 846 1628 897 ex
1673 828 1902 917 parte
1939 805 2261 916 objecti,

725 942 1191 1035 accipiendo
1279 945 1451 1017 tres
1513 941 2012 1014 conditiones
2089 939 2266 1032 ejus

727 1063 1104 1154 respectu
1208 1059 1615 1153 potentiae.
1722 1058 2002 1132 Prima
2112 1059 2262 1137 est,

727 1177 934 1269 quod
965 1197 1063 1250 ex
1106 1177 1420 1271 objecto
1453 1179 1532 1250 ot
1581 1176 1997 1249 intellectu
2040 1175 2270 1248 debet

725 1294 905 1367 fieri
947 1314 1218 1367 unum.
1275 1294 1633 1369 Secunda
1683 1297 1831 1375 est,
1892 1293 2098 1386 quod
2144 1293 2269 1365 ob-

721 1409 1033 1502 jectum
1067 1410 1530 1485 intellectus
1565 1409 2062 1503 intelligitur
2092 1431 2271 1484 esse

733 1529 916 1621 quid
970 1529 1459 1602 universale.
1532 1529 1809 1603 Tertia
1850 1533 2000 1611 est,
2065 1530 2272 1622 quod

734 1645 1140 1739 objectum
1229 1646 1694 1721 intellectus
1792 1647 1872 1719 in
1952 1645 2273 1720 ratione

729 1760 1329 1854 cognoscibilis,
1364 1767 1489 1839 est
1531 1784 1887 1856 praesens
1922 1763 2274 1837 intellec-

734 1877 881 1951 tui.
929 1881 1049 1951 Ex
1101 1879 1368 1972 prima
1408 1880 1867 1954 conditione
1917 1885 2276 1970 arguunt

735 1993 850 2068 sic
895 2019 910 2061 ε
958 1997 1041 2070 Si
1099 1997 1408 2090 species
1461 1997 1939 2090 requiritur,
1996 2000 2083 2071 ut
2143 1996 2277 2071 ob-

728 2109 1038 2204 jectum
1072 2134 1253 2186 cum
1289 2113 1702 2188 intellectu
1745 2113 1888 2188 fiat
1923 2114 2278 2187 nnumin

741 2228 1059 2303 ratione
1101 2229 1706 2321 cognoscibiliS,
1770 2231 2078 2323 species
2147 2251 2278 2303 au-

740 2347 903 2420 tem
960 2343 1363 2440 impressa
1423 2348 1503 2421 in
1565 2347 1976 2423 intellectu
2032 2347 2279 2422 faciet

740 2480 1014 2543 unum,
1061 2461 1274 2536 sicut
1318 2462 1664 2536 materia
1739 2483 1923 2536 cum
1984 2461 2277 2548 forma,

743 2598 918 2670 quae
962 2578 1232 2653 unitas
1283 2584 1409 2656 est
1470 2579 1817 2654 multum
1875 2580 2142 2653 aliena
2200 2582 2280 2652 ct

739 2695 1062 2768 diversa
1093 2695 1192 2768 ab
1224 2696 1561 2779 unitate,
1622 2717 1863 2790 quam
1904 2697 2131 2769 debet
2165 2694 2282 2767 sa-

742 2830 928 2883 cere
977 2811 1394 2903 cognitum
1453 2833 1638 2885 cum
1712 2815 2279 2904 cognoscente,

741 2929 822 2999 ct
857 2946 1000 3020 per
1049 2947 1573 3020 consequens,
1640 2928 1707 3000 si
1748 2948 1909 3000 non
1969 2928 2283 3021 supple·

743 3046 883 3118 tur
929 3064 1111 3127 una,
1184 3065 1326 3117 nec
1386 3044 1473 3119 fit
1536 3065 1680 3138 per
1721 3046 2010 3126 alia1u;
2055 3045 2281 3117 nullo

747 3160 980 3234 modo
1031 3161 1354 3236 videtur
1405 3162 1612 3255 quod
1663 3167 2004 3257 propter
2061 3162 2283 3235 unio-

745 3296 927 3350 nem
978 3279 1550 3370 cognoscibilis
1583 3300 1763 3353 cum
1799 3299 2287 3371 cognoscen-

747 3397 831 3467 te
869 3394 1147 3468 debeat
1191 3396 1379 3489 poni
1414 3396 1722 3488 species
1768 3397 2194 3489 impressa.

844 3512 1073 3593 Item,
1119 3533 1217 3585 ex
1260 3515 1604 3587 secunda
1646 3514 2105 3588 conditione
2165 3534 2291 3585 ar-

752 3633 1009 3719 guunt
1068 3629 1184 3703 sic
1244 3658 1260 3702 =
1334 3630 1756 3724 Objcctum
1829 3631 2291 3706 intellectus

750 3765 911 3817 non
979 3747 1511 3838 cognoscitur
1578 3748 1678 3821 ab
1744 3771 1864 3830 eo,
1919 3749 2078 3821 nisi
2150 3749 2295 3822 sub

755 3860 1074 3934 ratione
1166 3862 1654 3936 universalis
1709 3886 1725 3929 τ
1792 3865 1927 3937 sed
1981 3865 2293 3958 species

753 3998 928 4069 quae
1008 3978 1338 4070 ponitur
1390 3959 1818 4073 impressa,
1884 3981 2086 4054 nihil
2169 4004 2294 4074 po-

755 4107 918 4177 test
956 4110 1575 4195 repraesentare,
1614 4107 1769 4180 nisi
1798 4109 1941 4179 sub
1976 4108 2294 4181 ratione

755 4230 1385 4321 singularitatis.
1460 4235 1814 4309 Probant
1895 4235 2295 4308 minorem

758 4356 872 4428 sic
921 4382 935 4424 :
983 4356 1402 4447 Objectum
1455 4358 1917 4432 universale
1972 4382 2131 4434 non
2174 4367 2297 4437 est

763 4482 840 4552 in
889 4501 1165 4553 rerum
1209 4487 1529 4564 natura,
1594 4485 1750 4557 nisi
1795 4487 1939 4557 sub
1979 4487 2298 4560 ratione

754 4605 1384 4697 singularitatis,
1431 4630 1602 4685 non
1635 4616 1758 4686 est
1791 4612 2006 4685 enim
2044 4613 2119 4684 in
2167 4634 2300 4684 na-

757 4734 950 4804 tura
983 4730 1249 4816 homo,
1303 4733 1459 4806 nisi
1495 4736 1603 4809 sit
1649 4736 1800 4810 iste
1833 4736 2074 4809 homo
2114 4764 2128 4805 ε
2168 4739 2300 4810 sed

756 4858 1376 4951 unumquodque
1419 4880 1648 4932 suam
1683 4861 2300 4937 similitudinem

751 4980 1039 5072 gignit,
1084 4986 1165 5057 et
1191 4984 1589 5077 imprimit
1639 4987 2073 5059 secundum
2099 4989 2303 5080 quod

753 5113 878 5183 est
923 5108 1002 5180 in
1064 5131 1342 5182 rerum
1384 5116 1678 5185 natura
1715 5136 1731 5194 ;
1791 5134 1991 5203 ergo
2037 5114 2302 5186 solum

761 5228 1116 5329 poteritc
1155 5240 1600 5333 imprimer
1643 5239 1994 5332 speciem
2050 5243 2304 5335 parti-

739 5364 1126 5448 cularem,
1171 5369 1250 5439 et
1282 5387 1454 5458 quae
1486 5366 1593 5440 sit
1637 5369 2311 5460 repraesentativa

745 5492 1310 5583 particularis,
1348 5498 1428 5566 et
1466 5493 1689 5566 nullo
1720 5496 1950 5567 modo
1989 5496 2305 5566 univer-

754 5615 949 5686 salis
995 5640 1010 5697 ;
1056 5636 1254 5707 ergo
1303 5617 1468 5689 hmo
1532 5619 1842 5710 species
1903 5639 2062 5690 non
2105 5617 2305 5693 sacit

1891 429 1994 490 DE
2039 425 2306 490 RERUM
2349 421 2736 491 PRINCIPIO

2384 587 2788 680 objectum
2833 587 3317 669 universale,
3375 587 3609 680 quale
3662 591 3881 681 requi-

2384 704 2491 777 rit
2546 705 2910 797 potentia
2947 704 3469 779 intellectiva.

2472 825 2701 906 Item,
2773 845 2870 896 ex
2914 824 3163 899 tertia
3239 823 3879 906 consideratione,

2382 940 2695 1015 scilicet
2723 961 2821 1013 ex
2859 941 3175 1014 ratione
3218 940 3883 1034 praesentialitatis

2384 1058 2704 1151 objecti,
2750 1063 3105 1150 arguunt
3151 1059 3265 1134 ita
3310 1085 3327 1131 ε
3372 1059 3692 1154 Species
3750 1080 3887 1133 non

2382 1179 2506 1249 est
2547 1195 2794 1249 causa
2842 1175 3546 1269 praesentialitatis
3599 1176 3886 1269 objecti,

2386 1293 2519 1366 scd
2551 1315 2591 1366 e
2619 1293 3067 1377 contrariO,
3110 1293 3321 1368 sicut
3371 1296 3595 1387 patet
3628 1294 3709 1366 in
3746 1314 3893 1366 sen·

2387 1431 2524 1492 su;
2595 1411 3035 1502 praesentia
3102 1410 3408 1484 coloris
3478 1414 3716 1484 extra
3789 1415 3895 1483 est

2386 1545 2637 1598 causa
2698 1527 2903 1619 quod
2945 1525 3255 1620 species
3317 1525 3625 1601 coloris
3687 1525 3896 1599 sitin

2390 1644 2651 1730 ocule,
2703 1648 2784 1718 et
2848 1663 3009 1715 non
3082 1643 3583 1717 econtrario
3634 1670 3649 1715 ε
3720 1641 3899 1736 quod

2392 1763 2614 1853 patet
2681 1761 2759 1832 in
2832 1759 3018 1842 illis,
3083 1759 3219 1851 qui
3259 1758 3594 1834 fortiter
3662 1759 3903 1834 Solem

2392 1875 2866 1968 respiciunt,
2903 1880 2981 1950 et
3031 1881 3314 1970 postea
3371 1875 3651 1949 clauso
3695 1874 3902 1948 oculo

2395 1997 2761 2066 remanet
2841 1994 3150 2085 species
3220 1997 3560 2085 propter
3634 1992 3906 2064 fortem

2394 2110 3043 2208 impressionem,
3087 2117 3168 2187 et
3202 2116 3474 2187 tamen
3522 2115 3783 2204 potest
3811 2131 3909 2182 es·

2394 2250 2503 2309 se,
2550 2228 2754 2320 quod
2797 2248 2928 2300 res
2986 2249 3147 2301 non
3217 2229 3324 2302 sit
3364 2249 3749 2322 praesens.
3788 2226 3910 2298 Vel

2396 2345 2464 2417 si
2519 2366 2662 2437 per
2693 2365 2941 2436 agens
2985 2345 3615 2439 supernaturale
3666 2344 3912 2438 impri-

2397 2465 2671 2536 matur
2731 2463 3040 2554 species
3085 2463 3166 2535 in
3219 2463 3478 2548 oculo,
3523 2462 3654 2535 vel
3704 2462 3769 2535 si
3806 2481 3912 2532 su-

2395 2577 3046 2670 pernaturaliter
3087 2583 3629 2653 conservetur
3661 2579 3913 2653 absen-

2396 2696 2476 2767 te
2514 2714 2625 2776 rc,
2662 2715 2823 2766 non
2865 2693 3173 2769 faceret
3210 2716 3383 2768 rem
3419 2698 3911 2789 praesentem.

2400 2811 2527 2885 Sic
2583 2811 2759 2885 dico
2794 2813 2999 2904 quod
3056 2813 3368 2906 species
3412 2813 3814 2906 impressa
3853 2810 3917 2883 in

2400 2927 2816 3002 intellectu
2867 2948 3028 3001 non
3072 2928 3269 3002 facit
3314 2928 3722 3021 objectum
3764 2945 3921 3000 esse

2399 3065 2783 3137 praesens,
2818 3045 2947 3116 sed
2981 3067 3023 3117 e
3053 3046 3509 3128 contrario;
3535 3065 3737 3138 ergo
3763 3061 3925 3118 cum

2401 3166 2743 3255 propter
2783 3162 3089 3235 nullam
3140 3162 3386 3237 aliam
3428 3183 3764 3237 causam
3814 3176 3929 3252 po·

2401 3285 2670 3362 natur,
2706 3280 3023 3354 frustra
3066 3283 3423 3375 ponitur.

2494 3400 2611 3469 Ex
2674 3402 2907 3490 parte
2946 3398 3194 3471 etiam
3238 3400 3539 3493 speciei
3587 3399 3931 3492 arguunt
3978 3416 4152 3465 sexeum·

2407 3516 2855 3608 tripliciter
2924 3539 2937 3580 ε
3012 3515 3318 3607 species
3385 3517 3605 3591 enim
3678 3518 3934 3612 potest

2406 3633 2853 3727 tripliciter
2884 3634 3384 3707 considerari
3421 3658 3437 3701 ε
3482 3657 3645 3710 uno
3691 3636 3932 3711 modo,

2412 3755 2497 3825 ut
2531 3754 3066 3841 comparatur
3125 3750 3221 3822 ad
3254 3751 3665 3843 objectum
3745 3746 3937 3843 quod

2413 3870 2999 3959 repraesentat:
3047 3867 3417 3948 secundo,
3485 3870 3570 3940 ut
3633 3883 3939 3957 compa-

2414 3987 2651 4057 ratur
2726 3983 2820 4054 ad
2900 3982 3348 4074 potentiam
3420 4002 3663 4073 quam
3712 3980 3942 4054 insor-

2414 4105 2581 4174 mat
2642 4128 2655 4168 ε
2722 4099 2993 4179 tertio,
3068 4102 3156 4170 ut
3224 4096 3799 4171 consideratur
3873 4095 3943 4167 in

2414 4241 2520 4289 se.
2564 4219 2677 4288 Ex
2725 4215 2990 4308 primo
3025 4217 3380 4306 arguunt
3422 4213 3535 4286 sic
3571 4248 3587 4284 ε
3635 4216 3945 4288 Natura

2413 4333 2611 4407 nihil
2645 4332 2818 4423 agit
2860 4332 3198 4414 frustra,
3235 4352 3379 4403 nec
3412 4330 3684 4406 deficit
3720 4332 3799 4404 in
3833 4350 3949 4401 ne·

2413 4450 2823 4528 cessariis,
2879 4452 2963 4522 ut
3003 4447 3396 4520 dicitur2.
3460 4451 3631 4515 Coeli
3678 4462 3741 4516 ee
3775 4450 3950 4515 Mun·

2412 4570 2511 4649 cli,
2576 4580 2734 4634 tere.
2805 4570 2914 4637 50.
2987 4562 3192 4655 quod
3249 4569 3487 4638 extra
3546 4565 3951 4638 rationem

2415 4686 2655 4764 esset,
2704 4682 2910 4774 quod
2942 4684 3242 4754 natura
3274 4680 3619 4755 dedisset
3666 4678 3949 4758 stellis,

2418 4807 2505 4875 ut
2584 4803 2914 4893 possent
2985 4797 3322 4879 moveri,
3410 4798 3661 4870 etiam
3738 4800 3952 4870 motu

2420 4916 2975 5013 progressivo,
3062 4919 3142 4987 et
3211 4934 3371 4985 non
3427 4914 3782 4988 dedisset
3847 4911 3958 4984 eis

2421 5054 2731 5125 organa
2765 5032 2858 5103 ad
2906 5029 3149 5104 talem
3185 5033 3494 5102 motum
3538 5033 3736 5123 apta
3784 5054 3798 5110 ;
3844 5046 3958 5100 er·

2420 5172 2521 5243 go
2596 5151 2917 5222 videtur
2977 5146 3181 5236 quod
3242 5144 3627 5219 similiter
3700 5145 3960 5219 incon·

2419 5270 2748 5341 veniens
2792 5266 2897 5338 sit
2930 5264 3220 5345 dicere,
3259 5264 3464 5355 quod
3500 5262 3965 5337 intellectus

2424 5382 2825 5472 intelligat
2912 5398 3057 5471 per
3122 5379 3454 5470 species,
3525 5382 3605 5451 et
3668 5380 3965 5450 natura

2422 5523 2579 5574 non
2622 5499 2827 5571 dedit
2862 5498 2932 5569 ei
2987 5517 3266 5567 omncs
3328 5496 3637 5588 specics
3689 5515 3964 5568 rerum

2421 5614 3057 5707 intelligibilium
3103 5639 3118 5681 ε
3178 5617 3260 5687 et
3327 5618 3517 5688 tunc
3572 5634 3768 5686 cum
3809 5610 3964 5685 sint

3936 833 4111 951 ngIunt
