4252 6393
676 441 795 502 554

656 601 1143 693 Quandoque
1177 601 1392 674 enim
1423 606 1547 675 est
1572 622 1618 674 a
1653 622 1889 674 sensu
1927 622 2203 694 accep-

655 726 858 802 tum,
937 719 1146 801 visu,
1191 721 1320 792 vel
1365 718 1669 798 auditu,
1735 717 1862 789 vel
1918 716 2199 798 simili,

658 839 868 913 sicut
910 858 1095 911 cum
1134 839 1496 911 videmus
1542 835 1984 911 utilitatem
2050 856 2203 907 me-

654 956 966 1037 dicinae,
1011 956 1137 1028 vel
1173 956 1270 1028 ab
1304 956 1464 1028 alio
1516 955 1917 1036 audimus,
1983 957 2063 1026 et
2106 973 2204 1023 ex

662 1073 807 1146 hac
843 1073 1203 1146 utilitate
1250 1073 1581 1153 scimus,
1638 1071 1824 1163 quid
1872 1076 1997 1144 est
2054 1091 2205 1142 mc-

655 1192 945 1265 dicina.
993 1192 1480 1282 Quandoque
1540 1196 1665 1264 est
1708 1187 2208 1262 naturaliter

651 1308 1069 1399 judicium,
1154 1309 1358 1399 quod
1429 1307 1777 1380 maxime
1865 1310 2209 1398 apparet

656 1422 739 1493 in
813 1421 1220 1495 habitibus
1315 1421 1754 1501 virtutum,
1859 1439 2207 1510 quarum

655 1539 852 1612 fines
948 1538 1446 1612 naturaliter
1567 1538 2000 1630 conjectat,
2121 1540 2209 1609 ut

659 1661 883 1748 patet
924 1656 1014 1727 de
1048 1655 1402 1750 justitia,
1477 1676 1651 1747 quze
1701 1658 1825 1728 est
1879 1654 2209 1726 reddere

658 1773 1086 1864 unicuique
1130 1773 1334 1865 quod
1377 1794 1608 1845 suum
1652 1775 1807 1844 cst.
1846 1771 2208 1854 Quando-

658 1911 808 1982 que
840 1911 1039 1964 vero
1075 1894 1198 1963 est
1240 1889 1629 1963 divinitus
1696 1889 2073 1968 infusum,
2124 1891 2211 1960 ut

660 2006 741 2079 in
774 2029 938 2099 spe,
976 2012 1055 2081 et
1090 2007 1523 2090 charitate,
1559 2011 1639 2079 et
1671 2006 1844 2078 fide.
1883 2007 1985 2078 Et
2021 2004 2210 2096 quia

660 2123 910 2197 etiam
971 2123 1051 2195 in
1091 2123 1321 2196 nobis
1365 2123 1773 2198 naturalis
1844 2121 2209 2212 cognitio

658 2263 756 2314 ex
808 2242 1079 2314 divina
1146 2242 1702 2317 illustratione
1760 2239 2206 2320 deducitur,

657 2359 968 2433 veritas
1069 2359 1148 2432 in
1229 2364 1578 2450 utroque
1666 2357 1746 2429 in
1824 2359 2210 2428 creatura

659 2476 1142 2550 consulitur.
1191 2475 1409 2545 Unde
1451 2473 1869 2567 judicium,
1917 2471 1998 2542 in
2051 2490 2209 2562 quo

658 2592 1118 2685 completur
1167 2591 1527 2681 cognitio
1585 2590 1675 2661 de
1738 2591 2032 2661 natura
2079 2585 2211 2657 ha-

573 2789 578 2794 ,
658 2709 902 2790 bitus,
940 2708 1068 2780 vel
1100 2712 1224 2781 est
1258 2707 1693 2779 secundum
1738 2705 1953 2785 illud,
2004 2703 2209 2794 quod

661 2845 707 2895 a
750 2845 989 2897 sensu
1043 2823 1531 2916 accepimuS,
1595 2823 1721 2893 vel
1776 2820 2209 2893 secundum

664 2940 881 3021 illud,
931 2939 1136 3031 quod
1190 2940 1269 3012 in
1328 2943 1714 3013 creatura
1770 2936 2211 3009 veritatem

660 3057 1189 3131 consulimus.

314 3184 630 3302 Habffism
754 3178 843 3251 In
912 3175 1379 3269 cognitione
1448 3180 1746 3257 autem,
1814 3194 1969 3267 qua
2027 3193 2209 3263 cog-

311 3315 464 3364 nom
492 3330 604 3364 esse
660 3294 1101 3375 noscimuS,
1149 3313 1250 3364 an
1282 3292 1603 3366 habitus
1640 3292 1720 3364 in
1753 3291 1982 3362 nobis
2019 3290 2204 3372 sint,

313 3378 604 3503 οὲξῗιῖἷῖξξῗ
659 3415 784 3485 est
823 3412 977 3483 duo
1011 3408 1430 3483 considera
1451 3431 1565 3491 re;
1615 3409 1929 3482 scilicet
1996 3407 2210 3477 habi·

373 3504 542 3553 ’Μ’
663 3526 1102 3602 tudinalem
1146 3526 1721 3617 cognitionem,
1784 3530 1863 3598 et
1933 3528 2208 3598 actua-

661 3643 842 3715 lem.
925 3642 1381 3717 Actualitcr
1449 3648 1721 3715 autem
1791 3640 2209 3731 cognosci-

663 3779 838 3831 mus
863 3780 1011 3831 nos
1037 3758 1674 3832 habitushabere
1706 3780 1802 3830 cx
1839 3758 2211 3850 ipsorum

660 3875 1145 3958 actionibuS,
1203 3896 1401 3968 quas
1475 3876 1551 3947 in
1622 3874 1852 3946 nobis
1896 3876 2210 3967 experi-

661 4013 845 4065 mur
907 4016 922 4059 ε
983 3991 1185 4064 unde
1253 3990 1795 4084 Philosophus
1865 3991 2061 4064 dicit
2138 3995 2204 4063 2.

660 4114 954 4180 Ethicor.
1027 4135 1173 4200 cap.
1217 4112 1283 4183 3.
1333 4109 1537 4202 quod
1620 4112 1905 4197 Sigynmn
1958 4124 2214 4197 oportet

659 4233 883 4315 facere
925 4231 1244 4310 habitum,
1290 4231 1863 4316 supervenientem
1913 4230 2211 4315 volupta-

659 4359 808 4425 tem,
881 4347 984 4413 vel
1059 4348 1431 4413 tristiciam.
1497 4345 1714 4415 Tunc
1785 4348 2056 4415 autem
2118 4344 2215 4415 ad

658 4458 1150 4533 habitualem
1241 4458 1794 4550 cognitionem
1885 4457 2211 4532 habitus

657 4578 1008 4668 seipsam
1062 4577 1508 4667 cognoscit,
1583 4576 1770 4667 quia.
1821 4596 1967 4667 per
2033 4575 2210 4653 hoc,

656 4692 863 4785 quod
922 4692 1192 4765 anima
1234 4692 1471 4767 habet
1542 4693 1892 4772 habitus,
1943 4697 2214 4783 potest

659 4810 1041 4904 progredi
1086 4810 1165 4883 in
1197 4811 1754 4900 cognitionem
1802 4810 2213 4882 actualem

660 4929 1028 5021 ipsorum
1094 4952 1107 4994 :
1174 4926 1340 5000 talc
1425 4930 1694 4999 autem
1784 4947 1927 5018 per
2006 4927 2215 5017 quod

660 5043 1029 5138 potentia
1066 5048 1335 5136 potest
1390 5043 1774 5136 progredi
1808 5044 1889 5115 in
1933 5048 2210 5115 actum

659 5160 1210 5255 cognitionis,·
1280 5161 1583 5234 dicitur
1676 5159 2213 5233 habitualiter

659 5276 1074 5367 cognosci

310 5398 608 5522 20:355&
753 5396 896 5467 Sed
938 5393 1393 5466 differentia
1437 5398 1560 5465 cst
1630 5394 1844 5468 inter
1887 5393 2209 5465 habitus

310 5525 474 5573 ciliva
500 5539 601 5586 1²0-
660 5511 1046 5603 potentiae
1088 5510 1699 5602 cognoscitivae,
1774 5516 1853 5582 ct
1909 5509 2209 5582 affecti-

312 5589 629 5718 '‘Je'fssi’n‘iff'
659 5651 802 5709 vae,
853 5630 1056 5723 quod
1100 5629 1422 5702 habitus
1466 5628 2043 5719 cognoscitivzr
2086 5630 2210 5698 est

1855 441 1955 502 DE
2004 440 2268 504 RERUM
2314 439 2702 502 PRlNClPlO

2320 600 2841 693 principium,
2907 605 2986 673 et
3058 597 3313 691 ipsius
3382 600 3640 678 actus,
3717 616 3867 688 quo

2318 718 2850 810 cognoscitur
2891 717 3242 798 habituS,
3279 720 3359 789 et
3398 715 3656 789 etiam
3692 732 3871 805 cog-

2318 835 2682 916 nitionis,
2723 857 2880 927 qua
2924 833 3401 927 percipitur,
3463 832 3653 924 quia
3695 831 3869 925 ipsa

2318 953 2669 1026 actuali-s
2701 953 3068 1043 cognitio
3101 972 3199 1023 ex
3222 949 3496 1023 habitu
3534 968 3870 1040 cognos-

2318 1073 2587 1146 citivae
2642 1071 3025 1165 potentiae
3078 1069 3468 1164 procedit.
3543 1069 3691 1143 Sed
3744 1067 3871 1139 ha-

2319 1189 2537 1263 bitus
2598 1189 2992 1262 affectivae
3063 1187 3326 1280 partis
3387 1190 3513 1260 est
3576 1185 3871 1278 princi-

2325 1307 2543 1399 pium
2582 1307 2799 1379 illius
2851 1311 3109 1388 actus,
3148 1325 3302 1397 quo
3337 1302 3873 1394 cognoscitur

2322 1423 2672 1505 habitus,
2766 1422 2898 1494 sed
2951 1442 3109 1493 non
3187 1425 3311 1494 est
3380 1419 3873 1514 principium

2323 1541 2842 1632 cognitionis,
2945 1560 3099 1632 qua
3194 1538 3680 1631 percipitur,
3789 1541 3875 1610 ut

2323 1659 2647 1733 habitus
2734 1655 3315 1748 cognoscitivae
3385 1655 3495 1730 sit
3574 1653 3880 1748 princi-

2326 1777 2546 1869 pium
2630 1775 3129 1868 proximum,
3210 1773 3336 1845 vel
3437 1777 3875 1855 remotum,

2326 1893 2515 1986 quia
2549 1913 2707 1965 non
2739 1892 2899 1963 nisi
2946 1911 3087 1984 per
3124 1889 3302 1974 hoc,
3343 1890 3550 1982 quod
3589 1894 3880 1963 causat

2324 2014 2632 2091 actum;
2681 2008 2881 2080 undo
2923 2007 3456 2096 cognoscitur
3496 2026 3656 2078 non
3697 2023 3882 2096 cog-

2324 2124 2658 2207 nitione,
2706 2144 2861 2216 qua
2916 2124 3399 2217 percipitur.

2420 2245 2519 2316 Et
2560 2241 2710 2314 hoc
2770 2245 2917 2322 est,
2966 2241 3171 2332 quod
3230 2240 3425 2314 dicit
3484 2239 3878 2330 Augusti·
4003 2235 4072 2288 ¹⁴·

2326 2381 2475 2431 nus
2509 2363 2616 2432 10.
2653 2359 2744 2430 dc
2778 2358 3067 2432 Trinit.
3117 2378 3261 2450 per
3305 2361 3567 2431 totum
3602 2377 3877 2429 conse-

2328 2480 2702 2569 quentem
2751 2474 2954 2567 quod
3007 2479 3229 2548 artes
3264 2478 3877 2565 cognoscuntur

2326 2615 2471 2686 per
2506 2613 2737 2665 suam
2800 2591 3350 2685 mogontiam,
3399 2590 3613 2665 sicut
3644 2589 3881 2664 affec-

2327 2713 2591 2788 tiones
2644 2712 2934 2783 animae
2997 2730 3142 2804 per
3210 2730 3400 2782 suas
3470 2710 3875 2784 notiones.

2327 2831 2455 2904 Sic
2502 2827 2756 2921 igitur
2798 2828 3071 2899 anima
3113 2826 3533 2918 cognoscit
3576 2847 3661 2898 se
3702 2847 3883 2899 csse

2327 2951 2510 3020 actu
2552 2966 2697 3040 per
2731 2967 2922 3018 suos
2957 2949 3224 3027 actus;
3264 2967 3347 3016 se
3382 2949 3659 3018 autem
3702 2965 3885 3016 esse

2323 3065 2605 3137 habitu
2675 3082 2821 3155 per
2867 3061 3311 3135 essentiam
3364 3081 3624 3141 suam,
3691 3060 3885 3152 quia

2327 3186 2413 3257 ut
2468 3186 2655 3256 actu
2704 3202 2786 3252 se
2828 3182 3300 3272 cognoscat,
3366 3199 3513 3251 nec
3569 3176 3880 3258 habitu,

2324 3320 2469 3372 nec
2557 3298 2820 3391 specie
2899 3297 3223 3387 indiget.
3320 3295 3520 3377 Quid
3567 3295 3675 3369 sit
3747 3315 3882 3368 au-

2327 3422 2489 3491 tem
2564 3413 3094 3507 apprehendit
3171 3433 3317 3505 per
3376 3413 3688 3505 species
3762 3434 3883 3486 re-

2329 3554 2534 3614 rum,
2599 3552 2799 3624 quas
2857 3529 3303 3622 cognoscit,
3375 3529 3587 3602 sicut
3629 3531 3886 3603 sensi-

2328 3650 2495 3725 tiva.
2566 3670 2711 3743 por
2796 3648 3132 3731 sormaS,
3209 3666 3407 3739 quas
3499 3647 3877 3739 recipit:

2326 3786 2738 3859 nunquam
2808 3771 3082 3839 tamen
3162 3762 3699 3857 apprehendit
3774 3766 3886 3838 in·

2328 3882 2618 3955 tuitive
2705 3880 2885 3972 quid
2977 3879 3109 3952 sit.
3193 3878 3514 3951 Judicat
3602 3882 3885 3954 autem

2308 3998 2534 4091 quod
2595 3997 2699 4071 sit
2746 3997 3045 4068 lumine
3116 3995 3613 4068 inviolabilis
3676 3996 3888 4068 veri-

2329 4114 2550 4195 tatis,
2617 4112 2849 4205 cujus
2936 4111 3381 4185 similitudo
3466 4117 3592 4186 est
3668 4132 3886 4185 men·

2326 4229 2542 4305 tibus
2603 4229 2914 4302 nostris
2986 4228 3412 4321 impressa,
3486 4233 3566 4302 et
3635 4249 3886 4319 quam

2328 4345 2799 4439 aliqualiter
2876 4345 3446 4436 cognoscimus
3545 4365 3694 4437 per
3803 4366 3886 4417 se

2327 4469 2631 4545 notam,
2707 4468 2947 4553 atque
3011 4460 3283 4534 omnia
3350 4460 3512 4532 alia
3579 4463 3886 4533 exami-

2327 4600 2613 4653 namus
2660 4579 3094 4651 secundum
3137 4578 3500 4651 eamdem
3574 4578 3655 4649 in
3711 4598 3883 4650 om-

2326 4698 2557 4769 nibus
2621 4695 3112 4787 judicantes,
3197 4698 3284 4768 ut
3372 4694 3486 4766 sic
3568 4699 3881 4787 pateat.

2330 4814 2534 4906 quod
2576 4812 2999 4903 cognoscit
3044 4832 3127 4882 sc
3170 4810 3710 4885 habitualiter
3746 4832 3892 4905 per

2329 4951 2558 5001 suam
2594 4928 3062 5009 essentiam,
3112 4949 3195 4999 se
3238 4947 3435 4999 vero
3506 4948 3689 5000 esse
3747 4949 3894 5022 per

2327 5067 2518 5118 suos
2589 5049 2847 5126 actus,
2927 5044 3110 5135 quid
3182 5043 3287 5117 sit
3357 5064 3503 5136 per
3573 5046 3890 5137 species

2324 5163 2677 5234 aliarum
2718 5160 3241 5252 1‘erum,quod
3261 5160 3366 5235 sit
3400 5161 3715 5253 judicat
3752 5182 3894 5255 per

2329 5280 2595 5350 lumen
2674 5277 3060 5358 divinum,
3116 5276 3581 5369 necaliquo
3645 5277 3884 5349 modo

2328 5395 2694 5468 intuetur
2728 5416 2836 5474 se,
2877 5393 3087 5484 quod
3142 5393 3272 5466 sit.
3323 5396 3421 5466 Et
3463 5391 3767 5465 habent
3801 5414 3884 5463 se

2327 5535 2468 5604 por
2504 5512 2866 5583 ordinem
2899 5511 3075 5583 istae
3109 5511 3651 5602 cognitiones;
3692 5510 3883 5601 quia

2326 5628 2592 5720 primo
2648 5650 2730 5697 so
2790 5650 2967 5698 osse
3028 5625 3456 5719 cognoscit
3512 5625 3876 5699 habitua-
