4252 6393
123 1302 375 1355 Quartum
385 1339 396 1351 .

87 2700 262 2762 Opposie
270 2716 375 2750 une.

1798 413 2160 492 QUAEsTlo
2207 416 2257 477 V
3531 423 3609 485 23

434 576 782 669 quentia,
821 575 1011 666 quia
1043 574 1111 646 si
1143 594 1350 645 nunc
1377 573 1651 666 aliqua
1695 571 1969 665 opinio
2081 574 2580 649 naturaliter
2655 576 3032 649 calefacit
3111 582 3462 670 stupam.
3530 580 3618 650 In

435 693 536 766 sit
566 712 786 774 vera,
814 696 898 766 et
922 692 1155 772 scita,
1191 694 1273 764 et
1296 689 1478 762 aliae
1515 689 1963 784 opinioneS,

438 811 513 883 in
545 829 743 902 quas
798 808 975 903 ipsa
1017 807 1495 889 mutabitur,
1543 808 1786 881 erunt
1826 805 1966 878 fal-

435 948 562 1008 sae,
598 930 678 1000 et
711 946 1110 1006 erroneae,
1147 928 1228 998 et
1270 945 1414 1018 per
1459 943 1965 1015 consequens

433 1062 570 1136 per
599 1043 920 1115 certum
969 1044 1289 1134 tempus
1332 1040 1701 1115 homines
1744 1060 1964 1113 erra-

428 1162 642 1234 bunt.

511 1280 850 1360 Quarto,
891 1276 1105 1348 sicut
1154 1293 1440 1346 sensus
1489 1292 1678 1346 nom
1727 1270 1960 1343 reite-

428 1399 553 1468 rat
612 1393 1011 1486 judicium
1075 1392 1167 1464 de
1237 1411 1385 1463 suo
1463 1388 1771 1471 sensili,
1845 1388 1961 1461 ita

422 1511 739 1583 videtur
781 1508 990 1602 quod
1023 1506 1490 1581 intellectus
1538 1524 1700 1577 non
1738 1503 1957 1578 debe·

422 1632 543 1700 ret
610 1626 1015 1699 reiterare
1090 1625 1182 1697 de
1253 1644 1400 1696 suo
1470 1620 1953 1702 intellectili,

416 1763 603 1815 nam
656 1742 872 1819 sicut
931 1760 1216 1813 sensus
1277 1740 1373 1811 ad
1414 1736 1775 1821 sensilia,
1839 1737 1954 1809 sic

417 1860 880 1933 intellectus
913 1858 1008 1929 ad
1055 1854 1605 1947 intelligibilia
1644 1880 1729 1923 ex
1766 1857 1833 1927 3.
1876 1857 1958 1923 de

410 1982 679 2045 Anima.
720 1978 820 2050 Et
851 1975 1329 2049 antecedens
1361 1974 1730 2067 apparet,
1770 1972 1956 2064 quia

411 2094 475 2164 si
541 2113 829 2164 sensus
882 2090 1188 2184 judicet
1246 2091 1338 2163 de
1397 2090 1673 2180 aliquo
1744 2088 1950 2179 quod

410 2210 518 2284 sit
568 2209 867 2290 album,
921 2229 1084 2280 non
1138 2206 1485 2280 reiterat
1533 2205 1750 2287 illud,
1796 2204 1954 2277 nisi

408 2328 663 2401 fuerit
734 2327 1083 2401 mutatio
1135 2345 1181 2398 a
1232 2329 1468 2418 parte
1531 2324 1688 2405 rei;
1753 2323 1954 2395 unde
1989 2412 2016 2441 ⁶

412 2465 703 2517 sensus
746 2443 944 2515 bene
975 2441 1423 2536 dispositus
1464 2460 1625 2513 non
1651 2439 1953 2532 judica-

411 2568 539 2636 ret
570 2562 663 2633 de
694 2561 935 2652 nigro
987 2559 1197 2652 quod
1225 2561 1441 2631 esset
1474 2556 1770 2629 album.

503 2679 991 2774 Oppositum
1033 2676 1422 2767 arguitur
1465 2694 1610 2767 per
1642 2673 1952 2746 Aristo-

403 2799 654 2872 telem
709 2798 787 2870 in
841 2795 1003 2869 isto
1044 2794 1313 2888 primo
1365 2793 1601 2873 libro,
1656 2811 1830 2883 cap.
1883 2793 1947 2861 3.

398 2915 540 2987 ubi
606 2914 803 2988 dicit
857 2939 871 2981 ε
928 2914 1074 2980 Non
1141 2914 1321 2979 enim
1381 2913 1604 2999 ulique
1662 2909 1954 2976 dicemus

390 3038 604 3105 semel
636 3055 845 3123 neque
884 3054 1045 3099 raro
1073 3029 1337 3097 easdem
1365 3030 1717 3117 opiniones
1754 3027 1950 3092 reite-

394 3166 592 3221 ratas
647 3154 798 3237 sore
838 3152 913 3216 in
971 3146 1370 3228 hominibus,
1431 3144 1545 3212 sed
1596 3143 1945 3226 infinities.

2085 691 2562 774 moralibus,
2609 693 2817 784 quod
2876 698 3112 785 pater
3183 697 3310 767 est
3378 692 3622 766 hono·

2083 808 2411 880 randus.
2451 809 2744 891 Quales
2775 809 3172 884 veritates
3217 813 3403 883 sunt
3436 830 3619 882 con-

2079 925 2491 999 clusiones
2553 927 3020 1001 meteoricae
3079 928 3620 1020 praesupposi-

2079 1041 2186 1115 tis
2222 1042 2675 1135 principiis,
2703 1047 2784 1117 et
2815 1042 3041 1116 circa
3072 1043 3281 1117 tales
3319 1043 3616 1118 verita·

2078 1162 2199 1232 tes
2230 1180 2395 1233 non
2438 1159 2733 1235 accidit
2774 1160 3134 1234 variatio
3179 1159 3261 1232 in
3307 1160 3613 1252 opinio-

2074 1297 2257 1348 nem
2308 1276 2847 1359 contrariam,
2887 1276 3259 1368 quamvis
3281 1277 3478 1349 bene
3531 1277 3611 1349 in

2075 1392 2654 1485 ignorantiam.

2159 1511 2361 1583 Aliae
2421 1516 2610 1586 sunt
2667 1511 3088 1593 veritates,
3159 1512 3251 1584 de
3321 1511 3608 1603 quibus

2070 1630 2366 1700 neutro
2402 1628 2636 1701 modo
2673 1628 3131 1721 opinamur,
3169 1625 3484 1701 scilicet
3514 1628 3610 1699 ad

2068 1743 2303 1836 quus
2358 1748 2739 1817 neutram
2787 1748 3106 1838 partem
3149 1743 3607 1817 contradic-

2070 1858 2320 1932 tionis
2356 1862 2627 1952 potest
2667 1860 2948 1934 adduci
2988 1860 3263 1953 aliqua
3323 1860 3606 1953 proba-

2070 1975 2213 2058 tio,
2257 1996 2447 2049 cum
2490 1976 2757 2051 altera
2814 1997 3005 2069 pars
3066 1977 3175 2051 sit
3241 1997 3463 2060 vera,
3526 1981 3606 2048 et

2065 2090 2562 2174 neccssaria,
2601 2092 2816 2166 sicut
2860 2092 2941 2164 in
2982 2091 3136 2175 his,
3180 2096 3388 2162 stelloe
3450 2105 3605 2162 sunt

2066 2231 2286 2300 pares,
2366 2212 2573 2278 stellae
2630 2222 2783 2278 sunl
2839 2212 3153 2298 impares,
3241 2212 3321 2283 et
3380 2209 3605 2282 circa

2070 2325 2276 2400 tales
2361 2345 2524 2397 non
2613 2323 2905 2398 accidit
2997 2324 3356 2399 variatio
3443 2324 3604 2417 opi-

2067 2441 2428 2514 nionum.

2155 2559 2357 2633 Aliae
2400 2561 2613 2640 sunt,
2652 2579 2998 2651 quarum
3032 2564 3380 2650 utraque
3412 2577 3604 2650 pars

2065 2680 2191 2750 est
2241 2675 2716 2768 aliqualiter
2754 2674 3226 2769 probabilis,
3270 2675 3400 2746 vel
3447 2693 3605 2746 una

2068 2792 2470 2866 modicum
2514 2792 2776 2883 magis
2837 2811 3079 2884 quam
3137 2791 3324 2873 alia,
3362 2791 3597 2871 sicut,

2063 2910 2449 3002 numquid
2530 2909 2804 2982 anima
2874 2908 2981 2982 sit
3057 2914 3393 2989 aeterna,
3473 2908 3601 2979 vel

2064 3032 2345 3102 utrum
2389 3027 2742 3120 qualitas
2814 3025 3182 3118 symbola
3279 3030 3601 3099 maneat

2060 3147 2336 3219 eadem
2364 3145 2445 3219 in
2486 3148 2878 3237 generato
2910 3148 2989 3219 ct
3021 3147 3467 3238 corrupto?
3502 3146 3601 3219 Et

2059 3264 2285 3337 circa
2309 3264 2516 3339 tales
2556 3264 2954 3337 veritates
2996 3262 3260 3335 solum
3304 3262 3597 3336 accidit

2058 3380 2415 3454 variatio
2488 3380 2960 3473 opinionum
3029 3379 3111 3450 in
3171 3378 3593 3472 opiniones

2056 3498 2554 3580 contrarias,
2591 3518 2751 3571 non
2825 3502 3163 3590 propter
3213 3496 3591 3571 mutatio·

196 3317 237 3366 ρ,
492 3272 587 3342 In
651 3269 810 3340 ista
851 3262 1299 3359 quaestione
1353 3259 1620 3354 primo
1664 3257 1946 3331 videbi-

133 3442 311 3492 ωώὼ
392 3393 545 3460 tur
575 3405 753 3477 quae
796 3381 1216 3475 opiniones
1260 3380 1448 3450 sunt
1480 3375 1941 3456 variabiles,

76 3507 361 3562 omnious*
386 3510 473 3577 et
523 3524 701 3594 quae
733 3521 919 3581 non,
960 3503 1041 3573 et
1072 3499 1291 3571 circa
1328 3515 1528 3587 quas
1561 3493 1944 3567 scientias

385 3622 502 3695 sit
540 3618 1007 3713 hujusmodi
1049 3614 1404 3688 variatio
1440 3610 1938 3705 opinionum.

382 3737 762 3812 Secundo
830 3733 1235 3806 videbitur
1301 3731 1394 3802 de
1451 3747 1703 3803 causa
1776 3726 1939 3800 effl-

374 3857 656 3929 ciente
695 3853 775 3924 in
828 3848 1273 3923 universali
1314 3845 1781 3940 hujusmodi
1811 3865 1939 3917 va-

375 3970 804 4047 riationis.
841 3968 1119 4042 Tertio
1142 3968 1234 4039 de
1257 3986 1509 4039 causa
1540 3963 1940 4037 efficiente

378 4082 919 4180 particulari.
1002 4083 1101 4154 Et
1166 4082 1459 4171 quarto
1527 4078 1619 4150 de
1688 4095 1941 4149 causa

374 4201 641 4274 finan.

907 4522 1325 4583 ARTICULUS
1384 4527 1421 4580 Ι.

381 4715 549 4789 Qnoe
609 4709 962 4796 opiniones
1017 4706 1157 4772 sint
1200 4703 1585 4786 variabiles,
1642 4714 1705 4769 et
1758 4704 1938 4769 circa

463 4849 643 4917 quas
702 4826 1015 4892 scientias
1067 4826 1157 4890 sil
1188 4822 1573 4910 hujusmodi
1642 4820 1936 4887 variatio

461 4944 900 5034 opinionum.

77 5143 348 5270 nu'aiaeffi‘ssssss
467 5142 897 5225 Quantum
939 5136 1034 5208 ad
1076 5135 1461 5229 primum,
1522 5133 1930 5205 sciendum

373 5266 530 5337 est,
611 5253 823 5349 quod
866 5257 1055 5325 sunt
1117 5254 1478 5344 quaedam
1538 5253 1932 5325 veritates

376 5369 867 5448 necessario
901 5370 1343 5450 venientes,
1408 5369 1621 5442 sicut
1667 5368 1933 5462 prima

382 5488 828 5588 principia,
864 5490 945 5559 et
980 5486 1236 5559 multa
1270 5484 1675 5577 principia
1708 5490 1932 5560 natu-

383 5610 630 5690 ralia,
672 5612 754 5684 et
804 5603 1176 5686 moralia,
1217 5603 1430 5679 sicut
1474 5602 1681 5700 quod
1727 5602 1934 5698 ignis

2054 3637 2240 3689 nem
2271 3636 2369 3688 ex
2414 3619 2647 3707 parte
2683 3615 2826 3695 rei,
2873 3614 3063 3705 quia
3120 3614 3262 3688 illa
3317 3615 3594 3687 eodem

2055 3732 2293 3805 modo
2354 3750 2439 3803 se
2515 3730 2780 3813 habet,
2865 3731 2998 3802 sed
3082 3730 3594 3804 solummodo

2056 3851 2401 3941 propter
2427 3847 2965 3922 mutationem
2991 3845 3074 3940 Ain
3096 3845 3587 3927 hominibus,

2050 3970 2132 4038 et
2160 3964 2648 4045 rationibus,
2714 3964 3150 4037 secundum
3203 3984 3405 4056 quas
3456 3963 3592 4036 ho-

2055 4101 2186 4153 mo
2235 4080 2565 4154 ducitur
2632 4082 2727 4153 ad
2777 4080 3384 4154 assentiendum
3453 4082 3590 4153 uni

2052 4197 2298 4288 parti,
2343 4197 2471 4269 vel
2513 4196 2781 4272 alteri.

2143 4313 2344 4386 Aliae
2379 4319 2566 4388 sunt
2617 4314 3038 4394 veritates,
3089 4315 3316 4387 circa
3384 4334 3585 4406 quas

2052 4431 2457 4521 contingit
2479 4431 2837 4506 variatio
2860 4430 3332 4525 opinionum
3353 4452 3590 4526 prop-

2054 4552 2181 4621 ter
2223 4547 2763 4623 mutationem
2794 4569 2893 4619 ex
2927 4552 3162 4639 parte
3183 4546 3328 4630 rei,
3361 4548 3588 4622 verbi

2047 4664 2347 4754 gratia,
2378 4664 2815 4737 secundum
2833 4662 3360 4739 diversitates
3392 4668 3587 4740 tem-

2050 4800 2346 4872 porum
2378 4785 2857 4874 competunt
2879 4779 3206 4855 diversa
3246 4781 3582 4863 cibaria,

2042 4899 2412 4971 diversus
2435 4896 2715 4971 modus
2737 4897 3201 4979 aedificandi,
3221 4897 3590 4990 fingendi,

2046 5016 2416 5089 armandi
2461 5041 2476 5085 2
2521 5019 2602 5089 et
2645 5013 2834 5107 quia
2859 5014 2942 5086 in
2976 5014 3350 5086 omnibus
3396 5016 3589 5089 acti·

2045 5133 2192 5204 bus
2226 5130 2602 5204 humanis
2644 5130 2938 5206 accidit
2977 5131 3169 5205 talis
3200 5132 3584 5214 variatio,

2045 5249 2242 5323 etin
2292 5249 2594 5324 talibus
2637 5254 2763 5324 est
2797 5249 3371 5343 principaliter
3421 5272 3587 5323 mu-

2046 5366 2256 5440 tatio
2300 5386 2606 5444 rerum,
2657 5371 2737 5442 et
2784 5371 3386 5459 consequenter
3421 5388 3583 5441 mu-

2047 5483 2256 5560 tatio
2303 5483 2805 5576 opinionum.

2141 5605 2258 5678 Ex
2308 5601 2487 5677 istis
2536 5604 2906 5697 apparet,
2961 5621 3133 5692 quae
3178 5600 3284 5683 sit
3343 5604 3587 5682 matc—
3648 5596 3933 5696 opin'zones

3744 5560 3774 5609 8
