4252 6393
153 559 177 606 6

142 596 310 684 »jeaio

140 702 215 742 Μ.

1677 386 2036 464 QUAESTlo
2083 385 2244 449 xxfl

415 555 725 626 Contra
770 552 931 624 ista
966 549 1375 643 objicitur,
1406 550 1671 642 primo
1693 567 1875 621 con-

331 675 459 742 tra
509 667 688 750 hoc,
738 669 949 760 quod
997 667 1297 741 dicitur
1343 667 1548 759 quod
1581 664 1718 738 nix
1752 668 1876 739 cst

331 787 543 862 sicca
590 786 859 877 magis
905 806 1145 878 quam
1189 785 1486 878 pluvia,
1539 783 1727 876 quia
1766 782 1875 855 vi·

323 903 593 974 demus
635 902 734 974 ad
771 901 1367 996 experientiam
1398 900 1606 993 quod
1647 918 1874 992 aquae

328 1018 584 1110 magis
634 1023 1278 1110 augmentantur
1340 1021 1523 1110 post
1592 1034 1873 1089 casum

327 1137 557 1219 nivis,
636 1157 879 1230 quam
949 1141 1134 1230 post
1201 1155 1482 1209 casum
1548 1135 1866 1228 pluviae,

330 1254 528 1346 quod
566 1275 728 1326 non
770 1258 1015 1334 esset,
1061 1253 1218 1325 nisi
1263 1253 1401 1325 nix
1444 1257 1661 1327 esset
1710 1274 1868 1326 ma-

328 1371 448 1462 gis
516 1370 871 1443 humida.
944 1372 1191 1444 Tenet
1258 1371 1865 1462 consequentia,

331 1488 512 1581 quia.
591 1508 805 1581 aqua
864 1508 1024 1559 non
1076 1491 1664 1578 augmentatur
1712 1487 1869 1561 nisi

332 1605 733 1679 mediante
764 1603 1115 1676 humido.

415 1720 781 1792 Secundo
829 1723 1124 1792 contra
1162 1717 1339 1798 hoc,
1406 1718 1614 1809 quod
1669 1717 1871 1792 dice·

327 1837 588 1918 batur,
629 1836 836 1930 quod
866 1841 1095 1910 terra
1128 1833 1577 1908 madefacta
1610 1834 1870 1925 magis

323 1955 785 2048 disponitur
853 1953 948 2025 ad
1008 1951 1624 2043 generationem
1708 1951 1870 2044 plu-

323 2070 493 2150 viae,
579 2070 771 2162 quia
843 2072 1032 2141 tunc
1102 2071 1588 2159 sequeretur
1665 2067 1871 2159 quod

325 2186 596 2279 pluvia
672 2184 1550 2278 deberet-perpetuari
1617 2183 1871 2257 conti-

322 2325 469 2374 nue
504 2329 521 2373 ε
559 2321 1065 2392 consequens
1123 2306 1250 2375 est
1298 2304 1589 2371 contra
1638 2320 1870 2392 expe-

326 2418 709 2491 rientiam
775 2444 789 2487 ε
856 2422 938 2490 et
996 2420 1218 2509 patet
1258 2414 1864 2507 consequentia,

321 2559 410 2608 ex
449 2557 615 2628 quo
652 2540 879 2608 terra
923 2534 1370 2607 madefacta
1412 2531 1677 2622 magis
1718 2532 1868 2604 dis-

327 2653 658 2744 ponitur
690 2652 786 2722 ad
820 2651 1201 2743 pluviam,
1240 2671 1480 2743 quam
1514 2671 1672 2722 non
1710 2670 1868 2722 ma-

293 2838 297 2841 .
321 2766 665 2839 defaeta.

133 2885 252 2939 mio.

132 4199 299 4253 P-adi.

404 2882 718 2961 Tertio,
792 2880 862 2954 si
931 2881 1069 2953 nix
1136 2886 1353 2956 esset
1409 2882 1502 2952 de
1571 2884 1870 2955 natura

322 2999 562 3078 aeris,
606 3003 1095 3090 sequeretur
1124 2997 1330 3089 quod
1366 3002 1705 3090 propter
1747 3018 1868 3068 so-

320 3116 473 3187 lam
555 3115 969 3189 actionem
1045 3114 1352 3187 caloris
1435 3115 1515 3186 in
1594 3133 1868 3186 aerem

320 3238 597 3326 posset
628 3254 731 3304 ex
759 3252 949 3305 aere
983 3232 1365 3323 generari
1398 3252 1633 3323 aqua.
1671 3236 1868 3306 Con·

318 3372 668 3442 sequens
710 3349 1036 3432 salsum,
1077 3350 1266 3441 quia
1297 3369 1509 3441 aqua
1542 3370 1698 3422 non
1742 3369 1867 3439 ge-

320 3474 667 3542 neratur
705 3487 805 3539 ex
846 3486 1061 3547 aere,
1115 3466 1273 3538 nisi
1335 3486 1479 3558 per
1534 3467 1867 3538 conden-

317 3588 756 3666 sationem;
788 3584 1022 3656 modo
1062 3584 1295 3657 calor
1328 3584 1596 3675 potius
1630 3583 1868 3657 habet

320 3703 817 3781 rarefacere,
884 3720 1123 3792 quam
1194 3700 1715 3782 condensare,
1786 3704 1867 3774 et

321 3826 535 3912 patet
602 3818 1206 3909 consequentia,
1275 3818 1463 3910 quia
1524 3838 1623 3890 ex
1685 3819 1867 3889 nive

320 3958 459 4028 per
513 3935 786 4008 solam
838 3934 1244 4008 actionem
1287 3934 1593 4008 caloris
1636 3954 1867 4023 gene-

323 4059 557 4127 ratur
608 4071 839 4143 aqua.

405 4172 519 4243 Ad
566 4171 755 4243 ista.
811 4169 923 4242 Ad
984 4167 1365 4262 primum,
1421 4168 1599 4241 dico
1660 4167 1866 4260 quod

320 4286 884 4377 augmentatio
952 4304 1352 4377 aquarum
1423 4305 1569 4378 per
1636 4285 1863 4357 nives

250 4408 257 4418 '
316 4425 469 4476 non
503 4403 888 4497 provenit
917 4424 1017 4474 ex
1052 4401 1353 4495 majori
1383 4401 1865 4475 humiditate

128 5456 184 5503 ald
202 5458 240 5507 2.
314 5483 328 5497 .

318 4521 524 4593 nivis
587 4540 833 4611 quam
894 4518 1214 4612 pluviae,
1280 4518 1417 4589 sed
1485 4518 1865 4611 provenit

315 4657 407 4708 ex
448 4636 631 4716 hoc,
680 4635 867 4727 quia
909 4634 1161 4715 nives,
1210 4634 1442 4726 quasi
1488 4635 1732 4708 simul
1777 4637 1863 4708 li-

320 4752 677 4843 quefiunt
754 4750 833 4822 in
899 4751 1254 4831 cumulo,
1337 4757 1417 4826 et
1488 4752 1882 4843 quodam·‹

323 4870 547 4942 modo
595 4875 927 4961 repente
970 4869 1284 4942 intrant
1339 4889 1672 4961 aquam;
1731 4871 1862 4942 sed

322 5005 525 5076 aqua
626 4984 1006 5078 pluvialis
1104 4983 1503 5077 paulatim
1605 4986 1863 5060 intrat

322 5122 637 5192 aquam,
714 5101 883 5174 ideo
974 5101 1240 5173 minus
1308 5102 1504 5173 bene
1595 5107 1863 5196 potest

323 5237 719 5310 apparere
803 5217 1365 5306 augmentatio
1455 5239 1601 5310 per
1700 5220 1862 5311 plu-

325 5334 560 5414 viam,
616 5353 854 5423 quam
905 5353 1051 5425 per
1091 5332 1383 5405 nivem.

410 5451 522 5521 Ad
568 5449 1029 5529 secundum,
1064 5450 1415 5522 concedo
1458 5452 1662 5541 quod
1701 5452 1862 5543 plu-

326 5565 451 5637 via
496 5569 1056 5658 perpetuatur,
1094 5586 1253 5637 non
1284 5566 1693 5648 continue,
1732 5569 1863 5639 sed

3434 379 3545 442 107

1987 546 2529 627 discontinue3
2573 550 2655 619 et
2707 544 2866 617 ista
2904 539 3531 616 discontinuitas

1991 664 2461 755 quandoque
2529 666 2655 736 est
2716 679 2995 753 parva,
3060 656 3533 749 quandoque

1991 797 2310 869 magna,
2357 779 2791 851 secundum
2822 771 3533 852 constellationem

1989 896 2728 991 supracoelestium,
2781 914 2955 986 quae
3001 891 3153 963 sibi
3188 888 3530 962 invicem

1988 1013 2448 1093 succedunt,
2486 1033 2532 1084 a
2566 1010 2851 1104 quibus
2883 1012 3094 1080 natae
3129 1010 3318 1080 sunt
3351 1025 3528 1098 pro·

1984 1113 2262 1202 venire
2318 1129 2571 1211 nich,
2616 1128 2742 1201 vel
2788 1127 3107 1221 pluviae.
3373 1201 3382 1204 -

2073 1246 2189 1321 Ad
2219 1246 2581 1327 tertium,
2617 1243 3089 1318 conceditur
3120 1242 3324 1334 quod
3356 1259 3522 1321 aer,
3636 1236 3723 1288 Λᾶ
3749 1235 3797 1286 3·

1984 1364 2109 1435 vel
2153 1363 2456 1456 aliquid
2493 1363 2585 1435 de
2627 1366 2926 1435 natura
2968 1359 3209 1440 aeris,
3257 1359 3529 1451 potest

1983 1480 2416 1572 aliquando
2473 1478 2788 1572 disponi
2846 1479 2924 1551 in
2967 1474 3523 1569 qualitatibus,

1984 1601 2193 1694 quod
2238 1621 2380 1694 per
2429 1599 2689 1670 solam
2746 1596 3154 1671 actionem
3220 1591 3527 1665 caloris

1988 1721 2254 1809 potest
2303 1715 2674 1789 converti
2719 1715 2800 1787 in
2849 1731 3180 1805 a·quam;
3246 1709 3379 1781 sed
3435 1708 3528 1780 de

1984 1854 2176 1905 aere
2227 1855 2459 1927 puro,
2503 1834 2631 1906 vel
2675 1833 2877 1905 satis
2923 1829 3377 1925 propinquo
3430 1826 3525 1898 ad

1985 1971 2260 2025 aerem
2330 1969 2621 2043 purum
2691 1969 2848 2020 non
2914 1950 3041 2019 est
3113 1942 3520 2037 possibile.

1987 2071 2158 2144 Hoc
2190 2070 2282 2141 de
2327 2067 2618 2160 prim0.

2485 2390 2916 2449 amiantus
2975 2373 3021 2444 ii

1984 2580 2078 2644 De
2113 2577 2542 2664 yeneratimw
2577 2573 2778 2652 roris,
2823 2582 2881 2634 el
2921 2569 3005 2634 de
3032 2573 3175 2657 ejus
3211 2569 3525 2636 acciden-

2651 2688 2843 2755 tibus.

2079 2889 2486 2967 Quantum
2557 2883 2652 2954 ad
2730 2881 3189 2960 secundum,
3273 2879 3522 2951 scien-
3682 2907 3731 2958 γ,

1979 3002 2168 3080 dum
2209 3000 2414 3093 quod
2447 3020 2581 3070 ros
2615 3001 3059 3088 generatur
3090 3017 3189 3067 ex
3220 3015 3523 3087 vapore
3558 2969 3867 3096 9ff3„2,”„‘,¹.ff

1983 3117 2287 3190 subtili.
2341 3116 2559 3187 Unde
2597 3113 2970 3187 materia
3029 3112 3246 3185 roris
3309 3110 3524 3184 inter

1984 3236 2380 3310 materias
2459 3233 2819 3309 omnium
2890 3229 3523 3324 impressionum

1982 3373 2430 3446 aquearum
2479 3356 2603 3425 est
2647 3350 2994 3423 materia
3037 3349 3298 3439 magis
3351 3350 3534 3420 sub--

1980 3472 2179 3552 tilis,
2226 3470 2459 3563 cujus
2494 3468 2816 3557 signum
2867 3470 3017 3545 est,
3055 3465 3244 3557 quia
3289 3484 3522 3556 prop-

1981 3595 2111 3665 ter
2163 3589 2287 3660 sui
2333 3584 2875 3659 subtilitatem
2915 3581 3240 3655 facilius
3278 3580 3523 3651 resol-

1978 3708 2205 3780 vitur
2237 3726 2283 3777 a
2323 3704 2599 3776 calore
2645 3701 2882 3775 Solis.
2931 3699 3382 3773 Secundum
3425 3697 3522 3769 si-

1982 3844 2227 3915 gnum
2288 3827 2437 3909 est,
2502 3820 2692 3913 quia
2746 3821 3083 3912 propter
3125 3814 3536 3888 subtilita--

1977 3945 2143 4015 tem
2186 3938 2405 4010 roris
2449 3958 2550 4009 ex
2593 3936 2770 4029 ipso
2823 3936 3272 4025 generatur
3315 3932 3521 4024 lapis

1982 4058 2418 4152 pretiosus,
2483 4059 2573 4128 ut
2634 4053 3116 4143 margarita,
3178 4072 3352 4143 qum
3403 4058 3518 4125 ta-

1981 4195 2161 4247 mcn
2212 4194 2372 4245 non
2433 4175 2702 4266 potest
2753 4167 3134 4260 generari
3185 4190 3283 4240 ex
3334 4168 3519 4240 aliis

1980 4290 2678 4384 impressionibus,

2066 4407 2426 4481 Secundo
2456 4405 2867 4477 sciendum
2899 4404 2990 4474 de
3024 4402 3255 4473 modo
3290 4421 3540 4491 gene--
3600 4426 3866 4482 Quomodo

1978 4523 2327 4597 rationis
2370 4521 2614 4601 roris,
2671 4520 2804 4611 qui
2859 4523 2983 4590 est
3026 4518 3244 4592 talis.
3298 4518 3515 4590 Unde
3541 4497 3850 4554 ⁹‘'²‘'’'⁶“‘''‘

1974 4643 2066 4712 de
2096 4639 2221 4712 die
2264 4659 2407 4732 per
2444 4638 2806 4712 calorem
2852 4635 3063 4707 Solis
3096 4635 3523 4708 elevantur

1977 4757 2185 4831 tales
2215 4775 2566 4847 vapores
2600 4752 2962 4831 subtiles,
3004 4750 3359 4823 maxime
3392 4772 3523 4822 an-

1978 4876 2057 4944 te
2090 4889 2470 4943 occasum
2512 4866 2748 4948 Solis,
2787 4866 2923 4958 qui
2957 4866 3524 4958 supervenien-

1978 4993 2056 5062 te
2098 4985 2550 5077 frigiditate
2592 4983 2856 5056 noctis
2897 4982 3522 5065 condensantur,

1976 5108 2057 5176 et
2124 5105 2721 5175 convertuntur
2801 5100 2878 5172 in
2948 5119 3241 5191 aquam
3314 5097 3540 5170 infra¹

1982 5219 2324 5291 mediam
2373 5217 2789 5307 regionem
2836 5216 3053 5288 aeris
3096 5215 3299 5289 satis
3345 5235 3523 5308 pro-

1982 5358 2074 5429 pe
2107 5340 2446 5415 terram,
2485 5334 2620 5426 qui
2650 5355 2999 5427 vapores
3033 5333 3149 5404 sic
3192 5353 3521 5403 conver-

1982 5452 2048 5524 si
2095 5451 2175 5523 in
2216 5471 2509 5542 aquam
2560 5452 2853 5522 cadunt
2903 5469 3043 5542 per
3093 5453 3366 5542 partes
3412 5448 3518 5520 in-

1982 5567 2411 5641 sensibiles
2463 5568 2557 5638 ad
2609 5572 2949 5649 terram,
3004 5588 3179 5657 quae
3243 5570 3515 5659 partes
