4252 6393
133 5236 290 5343 iiam

137 5421 222 5464 ΠΩ.

1611 383 1974 460 QUAESTIO
2024 384 2154 446 Vlll

322 545 499 623 tate,
535 547 876 637 propter
915 562 1202 615 eorum
1234 542 1659 624 defectum,
1724 564 1850 616 cu-

314 660 649 752 jusmodi
702 665 890 735 sunt
938 661 1312 743 materia,
1380 667 1703 753 tempus
1771 663 1849 733 et

318 778 636 859 similia;
682 782 761 850 ct
813 778 929 852 sic
994 778 1373 870 privatur
1422 776 1521 849 ab
1566 777 1683 850 eis
1726 797 1854 849 ac-

318 900 434 967 tus
467 895 845 987 perfectae
869 895 1248 969 essentiae
1276 894 1849 987 proportiona-

318 1012 492 1084 liter
575 1012 672 1084 ad
770 1012 1249 1084 movendum
1341 1010 1849 1084 intellectum

315 1132 675 1201 nostrum
708 1128 1038 1201 directe.
1087 1129 1251 1201 Nec
1292 1128 1546 1200 etiam
1584 1147 1847 1199 move·

313 1244 417 1317 bit
454 1244 806 1339 aliquem
870 1264 1222 1326 sensum,
1271 1245 1459 1337 quia
1502 1244 1845 1338 qualita-

310 1363 421 1433 tes
486 1361 913 1434 sensibiles
953 1382 1116 1435 non
1183 1359 1626 1434 fundantur
1687 1358 1845 1432 nisi

311 1476 385 1549 in
413 1478 937 1571 corporibus;
986 1477 1201 1550 ratio
1238 1480 1511 1550 autem
1553 1495 1847 1569 corpo-

312 1593 415 1666 ris
442 1597 566 1667 est
607 1599 849 1668 extra
883 1595 1291 1669 rationem
1335 1593 1705 1669 materiae
1753 1593 1844 1664 de

312 1731 411 1792 se,
464 1714 548 1786 et
599 1711 762 1785 isto
817 1712 1052 1785 modo
1096 1711 1479 1805 privatur
1520 1732 1565 1784 a
1602 1715 1845 1783 mate-

310 1825 425 1898 ria
477 1831 737 1909 actus,
802 1826 937 1920 qui
1005 1827 1345 1900 debetur
1411 1827 1844 1900 accidenti-

304 1941 461 2014 bus.
516 1941 911 2016 Privatur
968 1943 1223 2016 etiam
1285 1941 1541 2018 tertio
1584 1943 1682 2015 ab
1747 1962 1844 2014 ea

307 2061 547 2141 actus,
586 2058 722 2152 qui
773 2063 899 2132 est
951 2059 1355 2153 operatio,
1412 2079 1575 2132 non
1624 2060 1842 2132 enim

305 2180 419 2251 est
463 2176 955 2271 principium
991 2177 1302 2271 agendi,
1353 2177 1486 2250 sed
1533 2178 1843 2271 patien-

306 2292 397 2374 di,
479 2293 696 2386 quia,
770 2298 857 2369 ut
913 2293 1216 2368 dicitur
1273 2297 1342 2368 3.
1415 2296 1499 2363 de
1565 2298 1836 2375 Anima,

307 2423 453 2480 text.
514 2414 623 2485 10.
667 2416 887 2501 Aqens
929 2435 1189 2502 semper
1243 2416 1680 2504 praestantius
1747 2425 1841 2481 est

302 2549 505 2615 passo.
568 2528 793 2612 Quod
848 2534 976 2604 est
1017 2529 1134 2602 sic
1195 2527 1834 2620 intelligendum,

304 2664 453 2718 non
488 2647 678 2739 quin
719 2646 1150 2740 aliquando
1186 2646 1539 2718 nobilius
1578 2647 1838 2739 patia-

302 2765 429 2834 tur
485 2763 582 2835 ab
623 2762 983 2855 ignobili,
1035 2762 1105 2836 si
1148 2767 1413 2837 totum
1461 2782 1709 2855 agens
1742 2763 1840 2836 ad

301 2881 555 2954 totum
622 2900 957 2973 passum
1056 2882 1608 2972 comparetur,
1703 2879 1839 2952 sed

304 2995 479 3085 quia
544 3016 957 3088 nunquam
1018 2998 1445 3089 pateretur
1507 3015 1838 3086 passum

302 3110 391 3182 ab
420 3115 733 3206 agente,
777 3112 933 3185 nisi
975 3111 1301 3205 aliquod
1345 3111 1839 3206 principium

305 3226 726 3318 ignobilius
812 3233 1029 3303 esset
1094 3229 1175 3301 in
1243 3249 1363 3311 eo,
1444 3229 1610 3310 illo,
1697 3249 1840 3321 per

305 3346 496 3435 quod
562 3365 811 3438 agens
879 3346 1077 3437 agit.
1149 3346 1369 3418 Unde
1426 3365 1838 3437 nunquam

305 3459 499 3553 ignis
534 3465 960 3555 pateretur
981 3463 1082 3534 ab
1101 3480 1336 3554 aqua,
1364 3461 1522 3534 nisi
1546 3461 1625 3533 in
1659 3461 1840 3554 igne

303 3583 506 3653 esset
536 3578 857 3671 aliquod
885 3578 1318 3672 ignobilius
1344 3578 1838 3671 principium

300 3690 574 3768 formae
614 3716 850 3789 aqua,
915 3695 1369 3790 cujusmodi
1411 3699 1537 3767 est
1583 3701 1840 3771 mate-

301 3809 437 3880 ria.
502 3814 699 3885 Cum
744 3810 999 3905 igitur
1042 3811 1393 3884 materia
1432 3811 1524 3883 de
1576 3831 1661 3883 se
1728 3810 1834 3884 sit

302 3924 650 3998 infimum
691 3949 861 4010 ens,
905 3931 985 4001 et
1038 3926 1191 4001 hoc
1236 3926 1504 4000 minus
1546 3926 1837 3999 habeat

302 4040 385 4113 de
420 4043 789 4125 entitate,
856 4064 1100 4137 quam
1145 4042 1471 4136 aliquod
1542 4040 1841 4136 princi-

301 4158 533 4249 pium,
576 4160 804 4234 nullo
842 4161 1077 4233 modo
1113 4164 1382 4253 potest
1416 4181 1595 4232 esse
1631 4158 1841 4251 prin-

302 4274 585 4368 cipium
626 4275 986 4350 activum
1032 4280 1403 4368 respectu
1457 4275 1833 4369 alicujus,

301 4394 373 4463 et
408 4391 523 4465 sic
590 4390 974 4484 privatur
1042 4394 1139 4464 ab
1208 4412 1305 4465 ca
1365 4393 1622 4475 actus,
1701 4390 1840 4483 qui

299 4505 612 4580 debetur
636 4509 956 4582 formae.
1003 4511 1213 4582 Nam
1232 4513 1603 4601 apparet,
1629 4507 1840 4600 quod

307 4624 635 4698 materia
722 4624 965 4700 habet
1044 4615 1290 4697 unum
1352 4646 1531 4697 csse
1642 4624 1833 4707 tale,

305 4738 597 4817 scilicet
638 4742 1152 4835 simpliciter,
1200 4763 1339 4815 seu
1385 4742 1466 4814 in
1499 4745 1712 4823 actu,
1753 4745 1842 4815 ut

307 4862 419 4931 est
480 4859 813 4934 effectus
852 4858 1000 4934 Dei
1054 4859 1133 4933 in
1195 4857 1687 4952 composito,
1759 4860 1840 4932 et

306 4975 556 5049 tamen
601 4977 737 5051 ille
768 4981 1002 5051 actus
1035 4997 1196 5049 non
1229 4974 1610 5059 excludit,
1648 4975 1840 5068 quin

309 5090 402 5163 sit
436 5092 526 5164 de
568 5115 654 5167 se
690 5093 1082 5187 potentia.

390 5207 636 5284 Habet
701 5211 955 5283 etiam
1023 5230 1202 5281 osse
1261 5208 1415 5282 hoc
1475 5209 1599 5281 vel
1662 5230 1840 5281 csse

133 5358 289 5402 ·-πιιιιε
249 5307 476 5406 ”¹‚tale
513 5332 590 5402 et
630 5327 783 5401 hoc
827 5350 887 5399 s
896 5328 973 5399 1b
1013 5326 1279 5419 duplic
1292 5325 1835 5407 i‹lifferontia;

310 5436 524 5515 habet
559 5444 774 5516 enim
808 5463 1055 5515 unum
1094 5465 1298 5525 esse,
1363 5443 1839 5535 inquantum

318 5560 429 5629 est
494 5562 850 5633 omnium
938 5559 1401 5633 foimarum
1478 5559 1840 5652 quaedam

3405 379 3527 445 367

1966 543 2406 636 capacitas,
2500 543 2932 615 secundum
3040 542 3246 633 quod
3322 540 3516 614 dicit

1966 661 2496 752 Augustinus,
2596 661 2688 733 de
2764 680 2961 733 vera
3061 658 3511 751 Religione.

1963 802 2108 868 cap.
2157 782 2264 852 18.
2332 785 2590 849 Bonum
2649 779 2970 871 (inquit)
3028 792 3121 846 cst
3163 782 3339 847 enim
3384 799 3519 844 esse

1961 900 2352 982 formatum,
2390 920 2523 965 non
2561 899 2823 965 nullum
2853 920 3010 985 erqo
3041 898 3281 964 bonnm
3321 906 3414 962 est
3454 904 3514 959 et

1962 1014 2299 1098 capacitas
2357 1015 2619 1097 forme.
2670 1014 2766 1084 Et
2820 1011 2911 1084 de
2952 1014 3251 1084 natm-a
3296 1007 3510 1090 boni,

1960 1150 2107 1216 cap.
2174 1130 2282 1199 18.
2347 1131 2550 1198 Habet
2626 1128 2977 1221 (inquit,)
3016 1132 3198 1197 enim
3236 1139 3298 1196 et
3366 1128 3516 1213 ipsa

1960 1245 2395 1328 capacitatem
2469 1247 2873 1330 formarum,
2951 1265 3111 1311 nam
3220 1245 3283 1310 si
3319 1265 3506 1332 cape·

1958 1376 2034 1422 re
2090 1357 2470 1444 impositam
2538 1358 2619 1424 ab
2686 1359 2950 1441 artifice
3015 1361 3307 1444 formam
3377 1379 3507 1424 non

1955 1486 2196 1561 posset,
2238 1497 2356 1541 nec
2384 1477 2695 1542 materies
2723 1477 2948 1562 utiquc
2988 1475 3348 1542 diceretur.
3399 1475 3510 1546 IS-

1959 1588 2097 1662 tud
2136 1591 2409 1661 autem
2454 1590 2615 1662 tale
2657 1611 2835 1662 esse
2868 1611 3030 1664 non
3063 1590 3302 1661 habet
3341 1610 3510 1662 rna-

1954 1704 2112 1779 tei
2096 1726 2197 1787 la,
2243 1709 2330 1778 ut
2363 1709 2484 1778 est
2528 1705 2862 1780 effectus
2899 1707 3248 1801 quidam,
3297 1707 3508 1781 sicut

1955 1821 2158 1894 dixi
2189 1821 2279 1894 de
2314 1821 2476 1894 alio
2512 1823 2778 1915 primo
2812 1844 2990 1896 esse
3023 1822 3575 1915 simpliciter
3603 1845 3660 1894 ‹1-
3644 1830 3840 1963 2qu

1955 1945 2036 2014 et
2102 1941 2431 2023 actuali,
2488 1942 2619 2014 sed
2662 1962 2709 2015 a
2759 1962 2905 2013 sua
2944 1945 3270 2025 natura,
3328 1963 3504 2034 quae

1955 2061 2081 2130 est
2120 2057 2501 2131 differens
2561 2080 2707 2153 per
2746 2060 3190 2134 essentiam
3243 2081 3290 2131 a
3351 2060 3508 2134 for-

1958 2194 2112 2256 ma,
2151 2179 2232 2249 et
2264 2176 2362 2247 ab
2403 2177 2624 2249 omni
2658 2176 2820 2249 alia
2844 2198 2970 2258 re;
3008 2182 3089 2250 et
3122 2176 3362 2253 habet
3390 2183 3505 2253 ta-

1959 2291 2028 2362 le
2084 2313 2288 2374 esse,
2334 2297 2414 2366 ct
2459 2292 2794 2386 respicit
2835 2296 3093 2367 Deum
3137 2294 3214 2366 in
3253 2295 3500 2369 ratio-

1953 2428 2051 2480 ne
2104 2408 2482 2482 formalis
2564 2433 2770 2494 esse,
2843 2416 2931 2484 ut
2992 2411 3230 2486 habet
3283 2415 3504 2483 ideam

1954 2527 2392 2601 secundum
2474 2528 2876 2601 rationem
2940 2529 3019 2602 in
3096 2530 3266 2603 Deo
3346 2530 3505 2603 dis-

1953 2642 2321 2727 tinctam,
2377 2647 2618 2739 juxta
2650 2650 2729 2719 et
2784 2647 3219 2720 secundum
3263 2667 3504 2740 quam

1952 2760 2145 2835 talis
2186 2762 2600 2854 capacitas
2666 2763 3128 2836 formabilis
3197 2767 3364 2848 est;
3421 2769 3503 2839 et

1951 2881 2042 2953 de
2074 2879 2224 2955 tali
2263 2901 2441 2952 esse
2481 2883 2605 2953 est
2663 2901 2952 2954 verum
2993 2881 3259 2954 dicere
3302 2881 3509 2973 quod

1952 2996 2287 3069 illorum
2353 3020 2488 3065 esse
2530 3000 2718 3072 sunt
2755 2998 3101 3080 diversa,
3158 3018 3507 3090 quorum

1950 3111 2327 3186 essentiae
2399 3116 2588 3187 sunt
2641 3112 3008 3195 diversae,
3086 3113 3276 3207 quia
3345 3115 3508 3189 tale

1951 3252 2131 3313 esse
2163 3236 2288 3305 est
2328 3252 2507 3304 esse
2548 3230 2950 3304 essentiae.

2043 3346 2241 3416 Esse
2283 3348 2559 3417 autem
2589 3343 2932 3416 tertium
2967 3342 3207 3418 habet
3249 3350 3505 3420 mate-

1955 3460 2080 3533 ria
2114 3482 2259 3554 per
2301 3460 2520 3543 illud,
2559 3461 2767 3553 quod
2804 3460 3094 3554 recipit
3157 3482 3303 3555 per
3332 3461 3503 3535 for-

1955 3597 2199 3650 mam.
2249 3580 2500 3652 Omne
2558 3576 2800 3659 enim,
2848 3578 3056 3669 quod
3113 3578 3507 3651 essentia-

1951 3693 2146 3766 liter
2178 3691 2462 3766 unitur
2493 3690 2768 3773 alicui,
2814 3697 3090 3766 actum
3135 3714 3371 3766 suum
3430 3692 3504 3766 ei

1950 3809 2529 3891 communicat,
2620 3814 2707 3884 ut
2784 3810 3059 3883 anima
3153 3811 3492 3939 corpori

1948 3925 2233 4007 vitam,
2280 3945 2633 4007 sensum,
2669 3928 2751 3998 et
2787 3930 3126 4008 motum
3170 3929 3252 4000 et
3286 3926 3506 3998 simi-

1950 4043 2086 4116 lia.
2135 4045 2236 4117 Et
2278 4041 2490 4135 quia,
2530 4045 2616 4113 ut
2659 4041 2962 4116 dictum
3013 4047 3139 4117 est
3183 4043 3266 4115 in
3303 4065 3505 4137 prae·
3532 4060 3814 4190 Νὲιιωωξᾳι.

1950 4160 2262 4234 cedenti
2287 4159 2759 4251 quaestione,
2787 4160 3160 4234 formade
3187 4183 3227 4234 1
3232 4162 3506 4236 atione

1952 4298 2100 4350 sua
2140 4282 2266 4351 est
2302 4277 2691 4370 perfectio
2727 4279 3088 4370 quaedam
3119 4280 3506 4353 determi-

1948 4397 2170 4474 nata,
2218 4394 2430 4467 sicut
2492 4394 2844 4469 materia
2918 4416 3050 4469 res
3113 4396 3500 4488 quaedam,

1952 4528 2091 4581 seu
2135 4507 2548 4600 capacitas
2593 4508 3247 4594 indeterminata,
3332 4513 3505 4586 ideo

1954 4624 2307 4698 materia
2348 4646 2395 4697 a
2454 4624 2723 4698 forma
2779 4627 3074 4720 recipit
3137 4649 3318 4701 esse
3376 4631 3504 4702 de-

1951 4743 2518 4826 terminatum,
2586 4743 2798 4817 sicut
2841 4745 3020 4837 ipsa
3079 4748 3350 4821 forma
3383 4754 3510 4824 est

1951 4860 2251 4951 gradus
2291 4860 2844 4935 determinati.
2892 4862 3113 4936 Unde
3166 4868 3512 4957 uterque

1951 4980 2183 5050 actus
2220 4976 2655 5069 praedictus
2690 4980 3062 5053 materiae
3093 4985 3219 5055 est
3254 4981 3337 5054 in
3375 5003 3510 5075 po-

1954 5093 2214 5168 tentia
2258 5099 2635 5188 respectu
2680 5094 2920 5169 istius
2962 5096 3193 5171 tertii
3247 5103 3507 5183 actus,

1954 5230 2192 5301 quem
2259 5210 2499 5286 habet
2540 5230 2587 5283 a
2627 5211 2925 5295 forma,
3005 5214 3215 5289 sicut
3266 5235 3313 5287 a
3359 5236 3506 5288 suo

1952 5323 2312 5397 formali.
2381 5328 2579 5399 Esse
2621 5331 2896 5401 autem
2966 5330 3286 5403 actuale
3347 5350 3508 5401 non

1950 5439 2193 5515 habet
2225 5441 2324 5513 ab
2353 5442 2533 5535 ipsa
2573 5442 3082 5527 formaliter;
3119 5467 3262 5519 nec
3294 5444 3509 5518 enim

1954 5558 2305 5631 materia
2338 5558 2805 5633 formaliter
2832 5581 2976 5653 per
3004 5562 3357 5635 formam
3381 5565 3507 5640 est
