4252 6393
1702 433 2069 510 Qums'rio
2115 435 2277 503 xvi:
3428 464 3544 527 593

348 601 646 666 rorum,
695 586 826 658 sed
872 609 1023 659 nou
1057 589 1420 664 infinitus
1463 615 1874 666 numerus.

151 694 212 744 ⁴⁶*
422 702 568 775 Sed
659 705 913 778 adhuc
992 712 1155 781 stat
1252 717 1871 802 argumentum;

335 818 516 908 quia.
558 821 930 912 quamvis
973 825 1284 917 species
1343 848 1875 903 numerorum

331 953 485 1005 non
557 935 865 1014 saciant
933 961 1366 1015 numerum
1437 967 1683 1019 unum
1756 971 1874 1020 se-

332 1053 672 1124 cundum
763 1059 1138 1150 speciem,
1227 1065 1495 1134 tamen
1566 1063 1872 1139 faciunt

331 1166 720 1242 infinitam
796 1173 1420 1260 multitudinem,
1481 1183 1563 1251 et
1612 1182 1869 1273 sequi-

328 1288 459 1356 tur
499 1285 703 1374 (sive
763 1295 1121 1381 ponatur
1183 1292 1371 1365 talis
1438 1296 1868 1369 multitudo

325 1405 503 1473 actu
548 1405 1030 1490 existentiae,
1080 1409 1249 1481 sive
1312 1410 1576 1483 solum
1623 1413 1700 1484 in
1763 1415 1866 1486 di-

320 1517 505 1588 vina
591 1522 1116 1614 cognitione.)
1197 1527 1401 1598 idem
1499 1529 1868 1603 inconve-

320 1632 571 1705 niens.
656 1639 1008 1732 Propter
1076 1644 1281 1732 quod
1356 1645 1629 1718 dicunt
1700 1646 1861 1728 isti,

322 1751 522 1838 quod
564 1771 721 1825 non
755 1758 879 1829 est
913 1756 1177 1829 simile
1219 1760 1310 1830 de
1353 1759 1751 1835 infinitate
1787 1762 1863 1833 in

319 1865 778 1952 existentia,
851 1876 930 1945 et
989 1874 1259 1946 divina
1307 1876 1628 1958 notitia,
1678 1880 1865 1971 quia

323 2001 445 2055 res
479 1983 777 2060 habent
821 2010 1001 2062 esse
1040 1996 1223 2064 actu
1290 2015 1433 2086 per
1468 2016 1656 2067 suas
1686 2018 1861 2089 pro-

325 2102 544 2193 prias
596 2110 939 2179 naturas
975 2109 1190 2183 inter
1236 2133 1320 2183 se
1386 2113 1853 2188 distinctas:

315 2217 523 2290 Deus
559 2225 830 2294 autem
856 2243 1011 2295 non
1045 2228 1465 2316 cognoscit
1492 2251 1644 2312 res,
1675 2253 1861 2324 qua-

316 2334 380 2404 si
414 2334 738 2409 feratur*
769 2339 944 2433 ejus
989 2346 1366 2433 aspectus
1402 2367 1647 2439 super
1697 2368 1853 2431 res,

313 2451 678 2539 quamvis
755 2463 1200 2546 cognoscat
1290 2460 1509 2552 ipsas
1613 2484 1855 2537 veras

314 2583 464 2649 res,
541 2572 964 2660 cognoscit
1001 2592 1132 2645 res
1167 2595 1314 2667 per·
1345 2576 1727 2670 seipsum,
1768 2588 1854 2656 ut

311 2688 492 2755 sunt
532 2683 613 2757 in
649 2707 744 2758 eo
782 2708 1015 2762 :nam
1058 2711 1189 2762 res
1222 2691 1375 2766 etsi
1404 2695 1637 2768 aDeo
1671 2718 1857 2790 cog-

307 2804 776 2886 noscantur,
813 2811 1422 2894 cognoscuntur‘
1465 2814 1732 2883 tamen
1807 2833 1852 2883 a

308 2917 468 2988 Deo
507 2921 597 2990 ut
649 2921 832 2991 sunt
889 2918 967 2989 in
998 2941 1118 3003 eo,
1157 2921 1429 3014 potius
1475 2946 1715 3017 quam
1762 2934 1850 3003 ut

305 3039 486 3108 sunt
543 3034 624 3107 in
674 3056 800 3116 se;
848 3036 1036 3127 quia
1085 3039 1300 3113 ratio
1350 3043 1846 3133 cognitionis

300 3154 420 3225 est
471 3150 648 3245 ipse
691 3151 868 3234 sibi,
926 3160 1007 3228 et
1051 3175 1180 3228 res
1225 3155 1519 3234 habent
1575 3186 1709 3231 esse
1767 3163 1846 3236 in

300 3268 768 3360 cognitione
807 3270 979 3353 Dei,
1024 3292 1182 3345 non
1226 3278 1661 3350 secundum
1705 3300 1843 3352 na-

297 3387 531 3458 turas
572 3406 875 3470 rerum,
923 3388 1056 3461 sed
1106 3392 1542 3465 secundum
1597 3395 1838 3479 ideas,

296 3502 414 3574 vel
484 3503 911 3596 exemplar
961 3505 1155 3580 Dei:
1204 3509 1505 3583 entitas
1568 3518 1841 3586 autem

297 3640 448 3692 non
489 3622 874 3695 convenit
915 3623 1176 3704 rebus,
1216 3624 1370 3698 nisi
1407 3630 1840 3701 secundum

295 3741 677 3810 naturam
731 3736 1120 3829 ipsarum.
1176 3742 1354 3813 Non
1397 3747 1522 3816 est
1567 3749 1837 3818 autem

296 3851 891 3936 inconvenienS‚
957 3856 1160 3946 quod
1215 3856 1516 3949 aliquid
1557 3881 1840 3934 conve-

290 3971 457 4043 niat
521 3976 838 4045 naturae
897 3978 1500 4060 creaturarum,
1567 4000 1839 4051 secun·

290 4086 467 4159 dum
509 4091 896 4162 naturam
939 4090 1111 4171 Dei,
1164 4092 1334 4165 sive
1377 4098 1462 4166 ut
1515 4100 1701 4169 sunt
1757 4097 1830 4168 in

291 4202 476 4284 De0,
570 4207 649 4276 et
730 4203 932 4275 idem
1022 4207 1226 4297 quod
1296 4210 1535 4291 Deus,
1627 4213 1829 4302 quod

294 4321 561 4392 tamen
636 4339 793 4392 non
867 4326 1137 4413 potest
1205 4327 1640 4398 convenire
1715 4330 1828 4401 rei

289 4443 606 4520 creatae,
675 4440 1111 4511 secundum
1190 4446 1574 4517 naturam
1651 4467 1827 4538 pvo-

294 4553 552 4645 priam
599 4581 613 4625 :
665 4555 836 4629 ideo
872 4556 1087 4630 ratio
1126 4557 1445 4641 infiniti,
1491 4562 1613 4632 vel
1661 4562 1826 4633 infi-

288 4671 671 4756 nitorum,
707 4672 861 4746 etsi
896 4693 1054 4744 non
1099 4676 1357 4767 possit
1389 4680 1826 4751 convenire

290 4790 547 4873 rebuS,
591 4796 680 4865 ut
722 4794 909 4863 sunt
953 4796 1138 4865 actu
1178 4792 1646 4877 existentcS‚
1694 4817 1825 4889 po-

288 4909 438 4979 test
516 4910 789 4979 tamen
870 4907 1309 4980 convenire
1392 4910 1660 4991 rebus,
1739 4916 1822 4983 ut

287 5023 466 5093 sunt
501 5020 582 5092 in
621 5023 813 5102 Deo,
862 5020 1031 5092 sive
1093 5020 1172 5093 in
1221 5023 1491 5096 divina
1548 5027 1824 5115 cogni-

287 5134 523 5208 tione.
571 5135 717 5209 Sed
759 5134 1014 5210 adhuc
1054 5137 1376 5212 videtur·
1430 5145 1654 5215 stare
1712 5142 1821 5213 in·

286 5253 795 5333 conveniens;
870 5252 1059 5343 quia
1117 5275 1278 5327 non
1339 5277 1822 5349 comparan-

285 5369 372 5440 do
437 5391 567 5441 res
643 5369 736 5441 ad
815 5371 1104 5451 Deum,
1189 5372 1443 5446 adhuc
1516 5380 1822 5467 ponunt

289 5503 867 5579 quamcumque
912 5486 1395 5561 infinitatem
1450 5511 1823 5563 numera-

290 5600 434 5673 lem
477 5603 562 5674 in
598 5606 790 5685 DeO,
849 5602 1016 5675 sive
1078 5604 1158 5675 in
1211 5606 1431 5689 ideis,
1501 5609 1670 5682 sive
1741 5608 1819 5679 in

441 5730 568 5783 'l'om
618 5730 705 5782 lV.

2013 717 2491 803 rationibus
2572 730 2773 816 quod
2818 732 3133 804 videtur
3183 738 3552 814 claudere
3608 787 3765 838 1300„
3796 791 3876 842 „10

2013 830 2213 904 idem
2262 835 2829 915 inconveniens
2885 851 3088 938 quod
3133 853 3383 943 prius.
3456 861 3550 932 1⁴3t
3576 851 3903 975 pssgffiss‘ssss

2013 946 2182 1020 ideo
2226 952 2523 1026 (licitur
2564 959 2831 1032 aliter.
2882 969 3125 1035 Desunt
3156 973 3406 1058 aliqua.
3643 977 3814 1026 ctoris·

2376 1288 2835 1368 QUJESTIO
2938 1299 3189 1371 XVII.

2007 1475 2239 1542 Utrum
2281 1501 2481 1548 unum
2514 1488 2824 1554 accidens
2864 1513 3141 1559 numero
3167 1501 3381 1582 possit
3415 1523 3549 1567 esse

2382 1599 2453 1663 in
2486 1600 2772 1669 diversis
2798 1607 3159 1692 subjectis?

1996 1788 2212 1848 Aristot.
2263 1795 2315 1850 5.
2362 1797 2485 1852 Met.
2526 1814 2641 1867 cap.
2684 1800 2768 1857 10.
2812 1809 2939 1861 teoet.
2987 1807 3072 1863 15.
3104 1811 3166 1866 D.
3203 1809 3390 1869 Thom.
3422 1819 3539 1874 lece.

2073 1864 2154 1917 12.
2184 1869 2231 1918 et
2263 1864 2310 1919 3.
2346 1881 2402 1934 p.
2434 1876 2619 1936 quaese.
2649 1870 2736 1928 35.
2770 1880 2880 1929 arc.
2917 1878 2965 1931 5.
2994 1886 3040 1932 et
3076 1880 3120 1936 1.
3148 1897 3201 1951 p.
3235 1891 3417 1951 quaest.
3447 1887 3537 1944 85.

2067 1941 2179 1988 arc.
2217 1935 2266 1992 1.
2300 1943 2347 1991 et
2377 1946 2561 2008 queml.
2590 1939 2640 1996 8.
2669 1946 2732 1997 de
2761 1950 3011 2018 veritate,
3043 1959 3150 2007 art.
3185 1954 3267 2010 14.
3300 1957 3463 2013 Gabr.
3489 1964 3538 2015 et

2066 2005 2304 2062 Durand.
2339 2008 2389 2064 3.
2414 2013 2543 2066 dise.
2578 2012 2625 2067 8.
2659 2017 2911 2073 Hervaeus
2932 2022 3064 2077 ibid.
3097 2040 3148 2092 q.
3185 2027 3232 2081 1.
3266 2032 3314 2080 et
3341 2028 3535 2093 Quodl.

2063 2078 2117 2131 3.
2150 2085 2332 2146 φησι.
2359 2080 2411 2136 9.
2445 2083 2682 2155 Capi-eol.
2716 2091 2777 2140 in
2812 2089 2855 2142 1.
2896 2093 3019 2146 dist.
3052 2095 3099 2148 7.
3129 2105 3294 2162 quoest
3337 2098 3384 2153 2.
3425 2101 3539 2156 Ca-

2055 2145 2152 2219 jet.
2187 2150 2240 2203 3.
2268 2165 2323 2218 p.
2357 2161 2539 2221 quaest.
2574 2155 2660 2212 35.
2685 2165 2795 2214 are.
2822 2163 2870 2214 ἴ).
2891 2163 3109 2221 Soncin.
3146 2168 3196 2222 7.
3231 2170 3531 2239 Metapliys.

2063 2227 2252 2288 quaest.
2282 2225 2332 2279 4.
2364 2223 2599 2283 Jandun.
2634 2230 2681 2283 5.
2716 2232 2949 2301 Melaph.
2990 2245 3175 2303 qua‘sc.
3210 2239 3294 2294 36.
3331 2247 3530 2299 Ankon.

2062 2291 2209 2347 And.
2244 2302 2429 2361 quoest.
2475 2297 2526 2352 8.
2562 2303 2711 2355 FonS.
2741 2318 2857 2369 cap.
2904 2305 2989 2364 10.
3020 2315 3204 2375 quaest.
3240 2314 3286 2368 1.
3319 2320 3443 2370 sect.
3484 2315 3530 2368 1.

2062 2364 2217 2419 Suar.
2247 2373 2310 2418 in
2342 2369 2576 2438 Metaph.
2604 2374 2741 2440 disp.
2781 2374 2831 2428 ὃ.
2864 2383 2988 2434 sect.
3023 2380 3074 2433 8.
3108 2381 3238 2436 Vide
3285 2386 3435 2440 Doct.
3469 2390 3532 2440 in

2063 2434 2112 2489 1.
2146 2439 2275 2491 dise.
2304 2439 2355 2493 3.
2390 2446 2577 2508 quaest.
2612 2441 2664 2499 6.
2697 2450 2750 2510 ἓ.
2780 2447 2854 2499 ad
2882 2454 3233 2516 questionem
3268 2458 3531 2523 mitur-‚ec

2062 2508 2123 2560 ίη
2156 2510 2207 2564 3.
2242 2510 2369 2566 dist.
2400 2513 2448 2566 8.
2478 2521 2667 2580 quaest.
2710 2521 2901 2574 unica.

2078 2686 2579 2780 Responueo,
2635 2693 2788 2766 duo
2844 2703 3030 2770 sunt
3083 2697 3212 2773 hic
3262 2703 3530 2776 viden·
3688 2747 3740 2800 1,

1984 2801 2104 2872 da..
2153 2805 2456 2888 Primo,
2503 2828 2751 2882 causa
2795 2812 3135 2887 unita-tis
3178 2820 3528 2892 acciden-

1984 2917 2089 2989 tis
2169 2925 2291 2994 est
2372 2924 2953 3001 universaliter
3022 2933 3523 3025 inquirenda.

1984 3038 2365 3119 Secundo,
2418 3042 2761 3116 unitatis
2807 3045 3059 3136 ipsius
3110 3069 3358 3123 causa
3406 3055 3526 3127 (le-

1979 3150 2386 3236 claranda,
2426 3161 2504 3230 et
2551 3162 2976 3251 pvoposito
3020 3167 3520 3258 applicanda.

2472 3481 2898 3543 ARTICULUS
2973 3489 3012 3543 1.

1978 3652 2164 3718 Unde
2193 3654 2593 3724 desumenda
2627 3673 2720 3726 ese
2753 3666 2977 3731 unicas
3015 3668 3459 3739 accidentium
3486 3675 3518 3741 ?

2096 3850 2333 3925 Circa
2420 3855 2777 3946 primum
2860 3865 2983 3934 est
3074 3868 3507 3957 sciendum,
3541 3924 3830 3976 Abeodem

1970 3968 2177 4057 quod
2244 3969 2342 4041 ab
2394 3972 2670 4044 eodem
2733 3996 2861 4047 res
2923 3978 3161 4056 habet
3221 4011 3376 4071 esse,
3432 3996 3512 4063 et
3567 3988 3832 4098 ''2232‘22’5‘

1966 4082 2391 4168 unitatem,
2431 4090 2618 4180 quia
2658 4116 2762 4159 res
2804 4100 2884 4167 et
2934 4122 3135 4168 mmm
3179 4125 3509 4181 conver·
3565 4113 3852 4167 unitatem,

1966 4201 2276 4284 tuntur,
2341 4207 2429 4276 ut
2489 4210 2709 4296 patet
2777 4233 2789 4276 :
2863 4231 3049 4285 nam
3111 4241 3243 4287 esse
3303 4227 3508 4314 quod

1962 4318 2110 4396 est,
2176 4322 2315 4391 aut
2374 4318 2717 4414 simplex
2772 4330 2921 4408 est,
2987 4335 3124 4402 aut
3185 4356 3508 4431 compo-

1963 4431 2236 4505 situm.
2312 4436 2530 4516 Quod
2601 4445 2871 4513 autem
2945 4444 3289 4540 simplex
3354 4460 3503 4540 est,

1961 4550 2338 4639 quamdiu
2409 4557 2568 4632 est,
2645 4577 2968 4650 sempev
3038 4584 3282 4638 unum
3356 4578 3502 4652 est,

1961 4666 2147 4755 quia.
2198 4667 2679 4741 indivisibile
2739 4678 2888 4747 cst.
2955 4682 3172 4759 Quod
3233 4692 3505 4761 autem

1957 4782 2503 4873 compositum
2574 4791 2720 4867 est,
2798 4792 3125 4877 tamdiu,
3198 4806 3277 4873 et
3347 4824 3505 4877 non

1956 4896 2308 4988 amplius
2360 4904 2508 4980 est,
2573 4905 2947 4991 quamdiu
3017 4931 3259 4987 unum
3314 4926 3437 4994 cst
3484 4950 3496 4992 :

1953 5035 2143 5085 nam
2206 5015 2272 5087 si
2333 5017 2704 5100 divisum,
2763 5022 2936 5114 jam
2987 5048 3145 5100 non
3201 5039 3350 5117 est,
3418 5046 3503 5113 ut

1958 5134 2176 5223 patet
2232 5130 2308 5202 in
2350 5133 2611 5211 domo,
2679 5141 2758 5207 et
2803 5136 2881 5208 in
2924 5143 3277 5230 quolibet
3325 5153 3500 5225 toto

1957 5247 2343 5337 integrali
2418 5274 2430 5315 :
2500 5269 2733 5321 omne
2800 5274 2998 5345 ergo
3071 5265 3277 5350 quod
3345 5276 3495 5352 est,

1954 5365 2258 5437 tamdiu
2294 5369 2441 5447 est,
2484 5369 2858 5457 quamdiu
2903 5394 3150 5447 unum
3192 5386 3339 5455 est.
3380 5390 3499 5461 Ex

1955 5503 2107 5573 quo
2154 5490 2375 5574 patet
2411 5486 2617 5574 quod
2650 5486 2746 5556 ab
2777 5489 3050 5562 eodem
3086 5514 3216 5569 res
3259 5498 3500 5581 habet

1951 5623 2106 5679 esse,
2164 5604 2244 5672 et
2301 5601 2696 5675 unitatem
2744 5629 2757 5671 ε
2807 5606 3172 5685 accidens
3223 5624 3497 5698 autem

3279 5754 3338 5806 38
