4252 6393
240 5649 309 5699 29.

1718 428 2077 504 QuAEs'rio
2123 430 2258 490 xxi
3514 428 3634 492 683

437 595 999 673 numerantur,
1072 611 1247 682 quae
1325 588 1755 681 aliquando
1824 610 1984 661 non

443 711 941 801 permanent.

524 832 908 914 Quamvis
958 834 1233 905 autem
1286 836 1453 906 tam
1522 829 1981 903 exteriores

443 949 958 1041 operationes
1002 948 1314 1040 Angeli,
1361 969 1600 1039 quam
1654 947 1983 1019 interio-

443 1088 592 1149 reS,
630 1066 1065 1139 secundum
1101 1067 1425 1138 modum
1452 1065 1622 1160 jam
1649 1066 1978 1148 dictum,

438 1188 802 1277 tempore
879 1182 1234 1256 discreto
1313 1204 1408 1254 ex
1492 1183 1983 1257 instantibus

439 1300 896 1393 composito
950 1302 1554 1379 mensurentur,
1618 1298 1983 1371 differen-

436 1420 560 1489 ter
603 1421 878 1491 tamen
923 1439 936 1479 t
984 1417 1172 1510 quia
1223 1416 1586 1489 actiones
1658 1417 1984 1489 interio-

442 1555 565 1605 res
633 1533 948 1625 Angeli,
1015 1533 1467 1625 cujusmodi
1530 1538 1716 1606 sunt
1764 1533 1985 1605 intel·

447 1648 856 1731 lectiones,
949 1650 1535 1721 mensurantur
1620 1651 1988 1740 tempore

438 1769 816 1848 discreto,
854 1766 1314 1858 composito
1356 1788 1455 1837 ex
1501 1763 1989 1837 instantibus

438 1885 1084 1968 indivisibilibus,
1159 1906 1335 1976 quaa
1404 1888 1581 1957 tota
1642 1888 1828 1955 sunt
1890 1905 1989 1954 si-

441 2003 629 2084 mul,
674 2007 753 2076 et
801 2003 1016 2077 inter
1069 2025 1152 2075 se
1201 2003 1579 2082 discreta,
1616 2022 1776 2073 non
1810 2022 1989 2073 con·

435 2121 691 2203 tinua;
736 2125 1216 2214 permanent
1266 2124 1540 2192 tamen
1586 2120 1663 2191 in
1716 2139 1983 2201 mora,

448 2238 650 2311 sicut
725 2258 1047 2309 moram
1116 2237 1414 2310 liabent
1470 2237 1550 2309 in
1620 2257 1763 2308 suo
1829 2262 1983 2325 esse,

438 2356 731 2429 durant
788 2359 869 2429 et
922 2359 1430 2447 permanent,
1514 2354 1640 2425 vel
1692 2354 1988 2426 durare

444 2475 804 2563 possunt,
872 2470 1252 2562 quaelibet
1314 2470 1987 2551 intellectionum,

362 2602 385 2616 ·‘
436 2590 558 2662 vel
638 2589 1270 2681 cogitationum,
1358 2610 1531 2680 quas
1612 2589 1827 2663 inter
1907 2612 1989 2661 se

438 2709 620 2779 sunt
674 2707 1075 2780 discretae..
1134 2710 1331 2780 Cum
1374 2706 1588 2777 enim
1635 2707 1988 2793 Angelus

434 2824 794 2916 aliquam
836 2823 1271 2898 veritatem
1307 2827 1568 2896 totam
1601 2828 1677 2896 et
1715 2824 1983 2913 simul,

429 2946 504 3015 et
539 2942 620 3014 in
656 2941 1000 3015 instanti
1037 2942 1470 3031 intelligat,
1511 2940 1788 3033 aliqua
1829 2963 1988 3013 mo-

439 3079 524 3131 ra
620 3058 846 3131 illam
941 3058 1446 3133 intellectam
1531 3057 1980 3139 continuat,

442 3177 569 3249 sed
602 3196 891 3249 verum
922 3178 1073 3259 cst,
1113 3176 1318 3270 quod
1345 3196 1501 3248 una
1538 3175 1984 3250 intellectio

440 3289 792 3364 succedit
826 3291 1071 3363 alteri
1103 3290 1403 3383 absque
1438 3312 1672 3364 mora
1713 3291 1986 3382 aliqua

441 3409 720 3481 media.
781 3413 977 3482 Cum
1039 3408 1252 3480 enim
1324 3431 1482 3480 una
1542 3409 1985 3482 intellectio

444 3525 941 3618 processerit
993 3546 1135 3618 per
1186 3525 1783 3618 aliquantulum
1828 3547 1984 3597 mo-

440 3663 546 3715 rae
582 3643 852 3716 nostri
888 3644 1311 3736 temporis,
1351 3665 1511 3717 non
1561 3645 1736 3718 dico
1782 3646 1986 3735 quod

435 3781 666 3833 mora
700 3759 1280 3833 intellectionis
1304 3765 1593 3834 nostro
1616 3765 1985 3852 tempore

431 3882 973 3958 mensuretur,
1018 3878 1152 3948 sed
1183 3877 1362 3970 ejus
1398 3877 1810 3950 durationi
1856 3898 1987 3948 co-

432 3994 714 4068 existit
783 3994 863 4066 in
935 3995 1226 4066 ultimo
1301 3994 1644 4066 instanti
1721 3994 1987 4066 nostri

434 4113 857 4205 temporis,
929 4112 1057 4184 vel
1137 4111 1212 4183 in
1286 4111 1557 4203 aliquo
1650 4110 1987 4185 instanti

442 4228 803 4323 proprio,
835 4229 1038 4321 quod
1072 4228 1658 4320 correspondet
1694 4230 1990 4300 instan-

446 4348 504 4423 ti
555 4345 823 4420 nostri
875 4346 1300 4438 temporis,
1354 4347 1836 4439 producitur
1887 4346 1990 4417 si—

448 4465 609 4536 mul
653 4468 829 4538 tota
872 4463 1011 4535 illa
1058 4462 1528 4544 intellectio,
1564 4484 1736 4555 quse
1773 4463 1991 4535 simi-

444 4581 634 4654 liter
663 4581 901 4653 durat
938 4601 1082 4673 per
1113 4578 1469 4671 aliquam
1499 4580 1695 4651 liora
1712 4600 1785 4652 m
1810 4602 1988 4652 nos-

445 4698 552 4769 tri
620 4696 1046 4789 temporis,
1113 4696 1233 4767 illi
1304 4696 1614 4768 scilicet
1669 4718 1989 4768 corres—

446 4813 875 4906 pondendo.
933 4812 1330 4887 Similiter
1376 4814 1465 4885 de
1525 4812 1709 4886 aliis
1754 4813 1987 4887 intel-

447 4930 945 5004 lectionibus
1015 4931 1160 5003 Sed
1212 4950 1443 5001 mora
1487 4930 1645 5003 ista
1688 4935 1853 5002 tam
1906 4931 1987 5002 in

444 5047 1152 5128 intellectionibus,
1193 5067 1430 5137 quam
1468 5047 1544 5118 in
1580 5049 1984 5120 mensuris

441 5185 717 5236 earum
772 5167 1040 5257 potest
1089 5184 1265 5236 esse
1321 5165 1611 5257 major,
1656 5164 1782 5238 vel
1846 5166 1983 5237 mi-

444 5302 615 5362 nor,
660 5282 1095 5353 secundum
1139 5281 1345 5372 quod
1386 5282 1739 5372 Angelus
1775 5283 1977 5375 plus,

439 5399 563 5470 vel
610 5399 875 5471 minus
924 5398 1097 5470 vult
1160 5420 1688 5491 perseverare
1749 5399 1825 5471 in
1886 5422 1981 5474 ea

442 5515 1012 5599 intellectione,
1048 5518 1171 5591 vel
1203 5518 1618 5591 volitionc.

529 5634 761 5706 Vides
820 5654 1044 5720 ergo,
1121 5635 1328 5727 quod
1396 5635 1813 5716 instantia,
1877 5656 1970 5708 ex

2101 588 2386 682 quibus
2428 589 2952 682 componitur
2992 594 3312 683 tempus
3352 591 3647 666 discre-

2095 707 2309 786 tum,
2394 729 2548 799 quo
2631 714 3214 789 mensurantur
3281 711 3645 786 actiones

2095 823 2383 913 Angeli
2457 824 2922 907 interiores,
2999 831 3184 901 sunt
3253 827 3648 903 instantia

2100 944 2690 1033 permanentia,
2741 965 3058 1017 moram
3096 944 3447 1037 longam,
3485 967 3644 1018 ma-

2088 1058 2384 1148 jorem,
2421 1062 2548 1133 vel
2586 1061 3014 1143 minorem,
3052 1064 3486 1136 secundum
3515 1086 3647 1138 vo-

2095 1176 2498 1251 luntatem
2580 1180 2868 1271 Angeli
2947 1180 3353 1264 habentia,
3437 1182 3645 1258 sicut

2098 1293 2296 1385 ipsae
2331 1294 2947 1379 intellectiones,
3001 1298 3130 1370 vel
3175 1298 3639 1374 volitiones,

2102 1413 2201 1482 Et
2237 1410 2407 1483 ideo
2441 1413 2629 1495 dixi,
2670 1415 2879 1505 quod
2920 1414 3069 1487 hoc
3123 1421 3443 1509 tempus
3493 1416 3643 1490 dis·
3738 1450 3924 1498 oracta

2099 1531 2417 1600 cretum
2451 1534 2573 1604 est
2608 1531 2870 1603 simile
2906 1532 3287 1616 orationi,
3326 1556 3498 1628 quae
3520 1542 3644 1611 est

2100 1647 2516 1737 quantitas
2585 1650 2935 1724 discreta
2996 1678 3010 1722 :
3086 1655 3360 1744 partes
3426 1654 3640 1726 enim

2103 1763 2293 1835 talis
2328 1764 2753 1848 orationis,
2793 1788 2964 1859 quae
3007 1767 3384 1840 consistit
3431 1770 3642 1861 prin-

2103 1881 2484 1974 cipaliter
2543 1884 2620 1955 in
2693 1885 3151 1977 prolatione
3210 1888 3641 1971 vocalium,

2103 2021 2287 2074 cum
2331 2000 2614 2092 quibus
2660 2001 3004 2085 mixtim,
3057 2004 3186 2074 sed
3231 2004 3462 2096 quasi
3509 2006 3646 2078 im-

2107 2117 2751 2209 perceptibiliter
2829 2122 3125 2191 sonant
3201 2141 3648 2194 consonan-

2106 2238 2258 2315 ter,
2304 2234 2541 2315 tales,
2578 2234 2776 2316 dioc,
2816 2239 3094 2327 partes
3148 2235 3386 2308 simul
3433 2241 3644 2317 sunt,

2103 2349 2255 2423 hoc
2325 2356 2473 2433 est,
2549 2351 2788 2423 simul
2859 2352 3461 2445 proferuntur:
3518 2353 3650 2425 sed

2103 2469 2310 2541 tales
2374 2472 2649 2560 partes
2707 2469 2874 2540 sive
2924 2491 3206 2542 earum
3263 2470 3645 2564 prolatio,

2102 2604 2263 2655 non
2307 2584 2587 2657 statim
2633 2589 3089 2668 transeunt,
3145 2588 3278 2660 sed
3312 2592 3505 2662 totae
3548 2588 3647 2661 si-

2108 2703 2274 2773 mul
2337 2706 2664 2775 manent
2715 2723 2859 2794 per
2910 2703 3262 2795 aliquam
3327 2725 3642 2777 moram

2102 2817 2531 2911 temporis,
2582 2823 2662 2893 et
2695 2818 2844 2892 hoc
2880 2820 3201 2913 majori,
3236 2821 3362 2893 vel
3397 2820 3646 2894 mino-

2107 2936 2177 3008 ri
2267 2958 2538 3017 mora.,
2626 2939 3057 3009 secundum
3134 2940 3647 3013 voluntatem

2106 3053 2601 3146 proferentis
2646 3082 2660 3124 ε
2715 3056 2924 3129 sicut
2979 3059 3225 3148 patet,
3274 3058 3340 3129 si
3388 3056 3647 3149 profe-

2102 3176 2396 3245 rantur
2418 3172 2738 3245 vocales
2774 3172 3253 3264 singillatim
3295 3200 3360 3257 a,
3405 3201 3461 3257 e,
3499 3179 3546 3257 i,
3583 3200 3644 3256 0,

2103 3314 2180 3371 ιι,·
2259 3290 2383 3361 vel
2447 3291 2513 3361 si
2569 3289 3104 3382 proferantur
3183 3292 3648 3366 indistincte

2099 3406 2451 3488 dicendo,
2517 3411 2797 3475 Domine
2864 3412 3209 3478 Dominus.
3276 3409 3646 3483 prolatio

2102 3521 2532 3615 cujuslibet
2573 3524 2908 3606 vocalis,
2952 3525 3120 3596 sive
3158 3545 3297 3617 per
3331 3547 3439 3608 se,
3479 3526 3648 3599 sive

2105 3638 2563 3712 indistincte
2616 3642 3118 3734 proferatur,
3182 3646 3358 3715 tota
3405 3643 3646 3716 simul

2104 3756 2550 3849 profertur,
2613 3763 2690 3830 et
2752 3764 3020 3852 potest
3099 3759 3342 3832 homo
3413 3781 3648 3834 mora

2102 3874 2373 3966 aliqua
2400 3877 2574 3967 ejus
2612 3876 3157 3968 prolationem
3191 3882 3494 3960 tenere,
3535 3901 3647 3950 se-

2102 3994 2446 4066 cundum
2481 3996 2688 4086 quod
2723 3995 3172 4088 proferenti
3218 3997 3481 4089 placet
3517 4024 3529 4068 ε
3570 3979 3650 4072 et

2105 4111 2315 4184 sicut
2339 4111 2663 4184 vocales
2690 4118 2874 4186 sunt
2901 4112 3114 4187 inter
3143 4135 3225 4186 sc
3247 4114 3646 4195 discretae,

2107 4230 2221 4301 sic
2300 4251 2585 4301 earum
2686 4231 3042 4322 prolatio
3125 4235 3653 4304 mensuratur

2108 4364 2491 4416 mensura
2549 4344 2926 4419 discreta.
2991 4346 3180 4418 Tale
3249 4365 3446 4436 ergo
3501 4346 3654 4418 ins—

2109 4467 2314 4543 tans,
2356 4463 2560 4553 quod
2592 4467 2716 4537 est
2752 4484 3132 4536 mensura
3179 4463 3657 4537 intellectio-

2111 4578 2236 4649 nis
2262 4578 2571 4669 Angeli,
2600 4583 2680 4651 et
2704 4583 2826 4652 est
2853 4600 3041 4672 pars
3075 4581 3475 4674 temporis
3506 4581 3656 4655 dis-

2103 4695 2335 4776 creti,
2374 4701 2498 4769 est
2534 4696 2800 4778 simul,
2841 4698 3008 4769 sive
3051 4699 3435 4772 coexistit
3467 4720 3649 4772 cum

2102 4813 2372 4904 aliqua
2411 4816 2643 4905 parte
2689 4812 3085 4905 temporis
3139 4815 3430 4896 nostri,
3489 4835 3649 4887 ma-

2093 4930 2303 5021 jore,
2355 4929 2480 5002 vel
2541 4930 2881 5012 minore,
2945 4934 3375 5005 secundum
3440 4935 3644 5025 quod

2099 5047 2457 5136 Angelus
2505 5046 2583 5119 in
2627 5068 2780 5118 una
2825 5047 3373 5123 intellectione
3433 5049 3637 5141 plus,

2096 5166 2223 5238 vel
2268 5163 2532 5237 minus
2576 5169 3073 5258 perseverat.

2190 5282 2315 5355 Sic
2352 5301 2550 5374 ergo
2607 5281 3000 5356 instantia
3038 5283 3435 5373 temporis
3494 5284 3642 5356 dis-

2094 5402 2336 5484 creti,
2404 5424 2559 5492 quo
2624 5401 3142 5493 operationes
3203 5400 3641 5474 interiores

2094 5527 2703 5601 mensurantur,
2773 5525 2955 5595 sunt
3017 5521 3412 5597 instantia
3468 5545 3640 5616 per-

2093 5639 2542 5719 manentia,
2647 5659 2958 5712 morem
3053 5637 3463 5724 habentia,
3558 5647 3638 5716 et

3697 1513 3956 1574 quomodo

3669 1583 3743 1621 est
3768 1576 3985 1637 quami-

3669 1645 3754 1685 ταῦ·
3782 1638 3986 1685 ‹lisere-

3782 1706 3856 1747 ea.

3797 5309 3874 5360 30.
