4252 6393
1634 428 1994 515 QuAEs'rlo
2044 433 2142 502 vu

336 619 458 693 per
530 603 852 672 terram.
946 600 1047 675 Et
1132 620 1384 673 causa
1470 621 1631 672 non
1706 605 1831 674 est

336 714 491 794 alia,
534 713 708 805 quia
750 713 899 787 hoc
945 714 1241 788 habent
1291 736 1390 787 ex
1438 715 1828 791 instinctu

336 835 633 912 naturae,
722 831 890 904 sive
971 833 1407 906 instinctus
1498 834 1631 906 ille
1724 835 1831 909 sit

338 946 680 1037 cognitio,
736 947 905 1021 sive
946 969 1130 1020 non.

198 1085 315 1132 naun
406 1061 825 1133 Secundum
868 1062 1193 1153 signum
1256 1068 1382 1137 est
1424 1063 1830 1137 turbulen-

201 1771 290 1820 imn-

198 2487 291 2526 'ium-

197 3535 294 3579 ntum

337 1177 430 1250 tia
457 1199 667 1271 aquae
726 1187 1159 1272 puteorum
1194 1187 1274 1255 et
1319 1183 1659 1262 salsedo,
1706 1182 1832 1252 vel

334 1295 516 1371 alter
574 1318 828 1390 vapor
904 1297 1451 1381 inconsuetuS,
1543 1304 1622 1373 et
1681 1300 1831 1373 hoc

334 1417 437 1485 est
476 1420 800 1507 propter
871 1418 1544 1491 commixtionem
1595 1419 1835 1492 exha-

336 1529 623 1603 lationis
694 1532 907 1604 inl'ra
968 1538 1282 1608 terram
1363 1558 1547 1608 cum
1626 1557 1836 1629 aqua

337 1645 521 1718 illius
560 1650 801 1739 putei.

409 1763 747 1837 Tertium
792 1767 1115 1857 signum
1146 1773 1297 1849 est,
1355 1770 1669 1861 quando
1708 1790 1836 1841 res

334 1885 736 1959 existentes
819 1888 896 1960 in
957 1888 1171 1962 mari
1248 1890 1835 1981 quodammodo

334 2003 679 2085 tremunt,
743 2008 824 2077 et
886 2012 1318 2081 moventur
1395 2034 1408 2076 :
1472 2011 1555 2079 et
1622 2005 1838 2079 forte

319 2139 547 2205 ,causa
576 2124 723 2202 est,
762 2121 954 2212 quia
1001 2121 1475 2216 aliqualiter
1518 2142 1838 2194 moven-

332 2236 448 2305 tur
497 2256 539 2306 a
582 2241 813 2327 parte
853 2237 1404 2313 exhalationis
1463 2239 1837 2312 exeuntis

332 2347 672 2424 deterra.
1284 2413 1291 2418 .

404 2474 782 2551 Quartum
818 2471 1143 2561 signum
1186 2477 1312 2547 cst
1356 2477 1635 2546 tumor
1679 2493 1838 2544 ma-

332 2585 427 2657 ris
500 2587 1016 2664 inconsuetus
1108 2590 1280 2662 sine
1354 2596 1598 2663 vento
1674 2613 1688 2656 ε
1757 2595 1838 2662 et

330 2723 546 2775 causa
580 2704 814 2796 hujus
847 2711 998 2786 est,
1037 2707 1227 2797 quia
1272 2706 1837 2780 exhalationes

332 2818 633 2892 inclusae
703 2821 923 2893 infra
986 2827 1301 2895 terram
1362 2828 1837 2915 appetentes

332 2938 728 3011 ascendere
779 2960 1133 3020 sursum,
1177 2939 1269 3010 de
1303 2938 1525 3013 sacto
1568 2960 1839 3012 ascen-

330 3052 525 3135 dunt,
611 3056 898 3128 saltem
984 3060 1258 3148 partes
1336 3056 1835 3139 subtilioreS,

332 3188 479 3260 quae
518 3173 1159 3247 commiscentur
1211 3174 1421 3246 mari
1457 3174 1537 3246 in
1568 3195 1839 3248 ascen-

332 3306 429 3367 su,
469 3294 550 3362 et
584 3289 657 3361 in
690 3290 831 3362 illa
863 3291 1451 3364 commixtione
1486 3293 1841 3366 efficitur

332 3406 588 3477 tumor
636 3408 919 3479 mariS.

406 3522 773 3602 Quintum
857 3525 1181 3615 signum
1269 3530 1418 3605 est,
1504 3528 1595 3597 de
1683 3548 1840 3618 quo

335 3640 595 3727 quaerit
670 3641 1041 3732 quaestio,
1128 3647 1210 3715 et
1293 3643 1542 3715 etiam
1617 3644 1843 3735 ponit

334 3753 817 3839 AristoteleS‚
882 3757 1197 3831 scilicet
1252 3758 1837 3850 tranquillitas,

335 3870 498 3959 quia
554 3874 953 3949 existente
1022 3875 1650 3966 tranquillitate,
1715 3897 1844 3947 ex-

333 3983 611 4060 halatio
692 4011 867 4081 quae
944 3996 1068 4065 est
1144 3992 1493 4065 materia
1576 3993 1838 4073 venti,

333 4100 743 4180 includitur
786 4106 1002 4179 infra
1056 4113 1394 4197 terram,
1442 4113 1521 4182 et
1563 4131 1657 4180 ex
1695 4109 1843 4182 tali

334 4217 750 4295 inclusione
812 4230 1209 4298 causatur
1285 4230 1838 4307 terraemotuS,

336 4353 663 4411 unacum
696 4340 885 4413 aliis
928 4343 1224 4414 causis.

410 4455 543 4526 Sed
582 4457 1016 4538 sciendum,
1084 4464 1425 4552 propter
1478 4459 1841 4531 rationes

338 4566 405 4637 in
458 4574 938 4665 oppositum,
1004 4576 1210 4667 quod
1279 4576 1841 4668 tranquillitas

338 4703 474 4758 non
526 4696 644 4763 est
714 4692 1034 4782 signum
1097 4694 1632 4766 convertibile
1685 4698 1843 4768 ter-

342 4812 719 4889 raemotus,
768 4808 962 4900 quia
1029 4830 1240 4902 saepe
1301 4810 1840 4884 fiunt-terrae-

341 4927 601 5006 motus,
649 4932 733 4998 ut
794 4926 990 5000 dicit
1049 4916 1538 5000 Aristoteles
1588 4934 1655 4997 in
1716 4934 1842 4998 isto

335 5039 605 5112 secundo.
685 5059 846 5110 non
923 5039 1324 5113 existente
1384 5040 1841 5131 tranquilli-

337 5149 503 5220 tate.
561 5157 821 5227 Causa
905 5160 1054 5236 est,
1129 5156 1316 5246 quia
1414 5176 1571 5226 una
1650 5177 1838 5247 pars

338 5265 848 5344 exhalationis
885 5272 1195 5344 inclusa
1241 5277 1365 5346 est
1426 5272 1639 5343 infra
1685 5276 1839 5345 ter-

343 5399 516 5466 ram,
601 5395 677 5461 et
755 5388 919 5460 alia
998 5410 1273 5482 supra,
1370 5409 1511 5480 per
1598 5409 1837 5480 quam

343 5509 691 5576 causatur
749 5510 1064 5586 ventus,
1111 5511 1191 5579 et
1242 5506 1391 5577 hoc
1435 5504 1842 5593 contingit

343 5619 721 5714 quandoqn
827 5643 926 5696 ex
1012 5623 1189 5707 hoc,
1280 5624 1468 5718 quia
1550 5626 1842 5699 ventus

3356 433 3466 502 155

1942 601 2271 673 veniens
2314 602 2412 674 ab
2461 623 2621 674 una
2671 605 2905 695 parte
2949 604 3172 677 totus
3223 599 3483 676 intrat

1944 722 2259 791 terram
2295 741 2438 812 per
2475 721 2750 803 rimas,
2805 724 2886 793 et
2927 719 3485 792 concavitates

1944 835 2218 914 terrae,
2299 839 2379 906 ct
2454 838 2736 928 postea
2808 837 3099 906 ventus
3157 832 3488 905 veniens

1946 947 2046 1018 ab
2110 948 2274 1020 alia
2318 955 2552 1043 parte
2602 950 2906 1025 transit
2964 949 3079 1021 sic
3131 969 3276 1041 per
3335 953 3492 1023 ter·

1949 1084 2151 1135 ram.
2197 1069 2499 1140 Verum
2555 1070 2680 1140 est
2724 1072 2996 1141 tamen
3046 1066 3253 1157 quod
3299 1069 3491 1139 tunc

1945 1181 2147 1253 fiunt
2210 1184 2567 1275 majores
2633 1186 3184 1264 terraemotus,
3250 1203 3492 1275 quan-

1944 1298 2041 1369 (lo
2087 1302 2263 1372 tota
2320 1299 2738 1376 exhalatio
2784 1298 3222 1372 includitur
3277 1298 3492 1371 infra

1948 1419 2286 1496 terram,
2341 1420 2421 1490 et
2470 1421 2595 1490 cst
2639 1416 3197 1509 tranquillitas
3241 1436 3493 1509 supra

1950 1538 2076 1606 ter
2088 1555 2260 1606 ram
2277 1590 2290 1603 .

2040 1652 2400 1722 Secundo
2473 1657 2717 1745 patet,
2767 1655 2973 1745 quod
3023 1674 3183 1725 non
3226 1653 3333 1728 sit
3395 1653 3494 1725 si·

1950 1785 2198 1852 gnum
2258 1768 2815 1852 convertibile,
2881 1771 3069 1862 quia
3135 1791 3346 1862 saepe
3403 1769 3494 1843 fit

1949 1883 2510 1975 tranquillitas
2555 1907 2715 1957 non
2754 1886 3155 1960 existente
3215 1890 3494 1959 terrae-

1952 2003 2175 2071 motu
2243 2005 2399 2073 :et
2487 2001 2638 2075 hoc
2720 2023 2865 2094 pro
2955 2006 3221 2085 tante,
3306 2002 3495 2094 quia.

1952 2117 2515 2208 tranquillitas
2579 2118 2716 2190 illa
2757 2120 2846 2192 fit
2897 2124 3237 2211 propter
3286 2119 3492 2190 alias

1949 2251 2266 2315 causas,
2349 2255 2587 2326 quam
2653 2240 2991 2329 propter
3060 2235 3493 2310 introitum

1949 2350 2499 2426 exhalationis
2572 2352 2783 2426 infra
2886 2358 3224 2435 terram,
3304 2351 3494 2445 quia

1953 2472 2299 2561 propter
2379 2470 3090 2563 consumptionem
3171 2468 3494 2541 exhala-

1951 2586 2199 2659 tionis
2251 2608 2298 2659 a
2350 2589 2558 2668 Sole,
2630 2593 2770 2663 aut
2831 2609 2974 2681 per
3036 2586 3497 2661 conversio-

1951 2723 2131 2775 nem
2209 2705 2465 2798 ipsius
2535 2706 2615 2776 in
2657 2726 3051 2798 vaporem
3111 2709 3191 2779 et
3251 2708 3498 2777 mate·

1956 2820 2165 2893 riam
2214 2843 2468 2914 aquae,
2525 2823 2650 2894 vel
2700 2823 2949 2896 etiam
3001 2822 3163 2895 alio
3232 2821 3494 2901 modo,

1954 2939 2298 3020 scilicet,
2365 2940 2677 3033 quando
2731 2938 3147 3012 exhalatio
3197 2944 3323 3011 est
3370 2957 3497 3009 su-

1957 3076 2104 3148 pra
2149 3061 2486 3138 terram,
2532 3062 2610 3129 et
2644 3057 2956 3148 quando
3000 3060 3125 3128 est
3159 3075 3500 3145 magnus

1953 3176 2284 3255 ventus;
2357 3177 2438 3248 et
2498 3178 2686 3247 tunc
2757 3172 3167 3266 frigiditas
3225 3192 3502 3265 super-

1922 3291 2284 3395 ⁴veniens
2355 3291 2746 3384 praevenit
2815 3290 3348 3379 congelandO,
3419 3296 3501 3365 et

1954 3409 2585 3499 constringendo
2639 3428 2887 3500 poros
2943 3413 3190 3481 terrae
3243 3406 3502 3499 prius-

1957 3548 2196 3621 quam
2258 3524 2659 3597 subintret
2700 3523 3141 3603 exhalatio,
3188 3526 3269 3595 et
3310 3527 3500 3596 tunc

1957 3646 2358 3717 existente
2408 3642 2588 3729 gelu
2647 3641 2850 3713 fiunt
2909 3638 3183 3729 magni
3251 3639 3499 3713 venti.

2062 3764 2398 3833 Sextum
2504 3756 2828 3847 signum
2925 3759 3051 3829 est
3182 3756 3501 3847 quidam

1958 3899 2233 3958 sonus,
2339 3876 2433 3945 ad
2497 3873 2817 3944 modum
2899 3871 3284 3961 mugitus,
3373 3871 3503 3945 vel

1959 3994 2196 4076 tubae,
2250 3991 2569 4064 auditus
2617 3988 2828 4061 infra
2863 3991 3200 4062 terram.
3239 3992 3503 4062 Causa

1955 4113 2104 4190 est,
2181 4109 2370 4200 quia
2421 4111 2610 4180 tunc
2676 4103 3091 4176 exhalatio
3159 4104 3504 4178 interius

1957 4225 2273 4297 inclusa
2320 4223 2602 4315 incipit
2656 4220 3118 4302 fortificari,
3193 4225 3274 4294 et
3330 4241 3505 4313 per-

1957 4341 2273 4414 cutitur
2341 4341 2434 4412 ad
2515 4340 2779 4412 latera
2860 4341 3131 4418 terrae,
3217 4338 3503 4429 quibus

1956 4458 2453 4539 continetur,
2499 4461 2578 4530 et
2628 4476 2726 4527 ex
2779 4455 2920 4526 illa,
2975 4454 3502 4548 percussione

1956 4580 2348 4648 causatur
2390 4595 2662 4654 sonus,
2711 4572 2846 4664 qui
2902 4572 3502 4665 multiplicatur

1955 4698 2049 4769 ad
2119 4694 2481 4767 auditum
2552 4696 2931 4764 nostrum
3011 4710 3155 4782 per
3225 4694 3501 4782 partes

1955 4811 2424 4884 subtiliores
2501 4803 3046 4879 exhalationis
3129 4803 3503 4877 exeuntis

1958 4950 2103 5021 per
2166 4947 2413 5020 poros
2461 4930 2732 4998 terrae.

3558 3785 3802 3836 Sextum·

2045 5043 2492 5136 Septimum
2547 5041 2894 5133 signum,
2944 5046 3069 5115 est
3130 5040 3496 5133 quaedam
3530 5063 3843 5128 septimum.

1954 5159 2349 5233 nubecula
2421 5179 2698 5252 parva,
2790 5158 3065 5248 longa,
3138 5162 3217 5231 et
3286 5153 3491 5234 alba,

1954 5279 2261 5351 situata.
2351 5296 2639 5347 versus
2723 5279 3142 5349 Occasum.
3234 5280 3497 5349 Causa

1953 5400 2101 5474 est,
2160 5394 2347 5484 quia
2414 5397 2601 5465 tunc
2662 5392 2984 5481 signum
3062 5396 3210 5473 est,
3293 5396 3494 5485 quod

1955 5531 2112 5582 non
2185 5514 2371 5581 sunt
2439 5509 2661 5581 venti
2731 5509 3142 5601 superius,
3208 5510 3495 5599 quihus

1953 5623 2465 5701 distrahatur
2526 5622 2666 5695 illa
2715 5623 3133 5707 nubecula,
3196 5626 3276 5700 et
3324 5623 3495 5699 ideo
