4252 6393
473 2254 677 2343 Opsen's

479 2343 609 2406 quid
632 2347 658 2394 t

418 2699 701 2767 Molynsis.

415 3735 701 3804 Stateusis.

769 413 887 476 252

761 577 1224 667 intelligere
1290 574 1558 648 locum
1630 575 2123 669 receptionis
2186 596 2296 646 se·

761 695 1001 767 minis
1047 696 1124 768 in
1160 694 1520 776 animali,
1567 716 1750 767 eum
1802 692 2296 765 extendendo

758 831 1051 884 nomen
1092 816 1263 884 tam
1297 812 1391 883 ad
1456 812 1803 905 plantas,
1844 830 2086 904 quam
2135 811 2297 882 ani-

761 928 1032 1010 malia,
1102 930 1555 1001 diceremus
1645 930 1852 1021 quod
1948 927 2297 1017 digestio

760 1047 926 1129 illa,
1001 1066 1154 1137 qua
1222 1046 1549 1138 aliquod
1602 1046 1950 1119 mixtum
2007 1045 2299 1136 digeri-

759 1167 899 1237 tur
939 1184 985 1235 a
1047 1164 1450 1257 principio
1513 1186 1676 1235 suae
1713 1163 2294 1254 generationis,

765 1302 1180 1373 quousque
1231 1281 1335 1353 sit
1404 1282 1809 1375 completa
1872 1280 2298 1372 generatio

762 1401 883 1470 est
940 1401 1299 1486 pepansis5
1334 1401 1411 1469 et
1478 1418 1618 1489 per
1671 1400 2131 1486 pericarpium
2190 1396 2299 1467 lo-

762 1535 967 1596 cum,
1016 1514 1095 1587 in
1139 1535 1294 1606 quo
1340 1514 1530 1586 illud
1575 1514 1919 1586 mixtum
1976 1533 2298 1603 genere-

760 1634 943 1711 tur;
989 1632 1066 1701 et
1105 1625 1248 1721 per
1290 1630 1756 1723 oppositum
1817 1630 2295 1714 diceremus,

763 1745 966 1838 quod
998 1759 1239 1813 omotes
1277 1747 1398 1816 est
1437 1745 1869 1835 indigestio
1929 1748 2298 1820 alimenti

761 1863 840 1935 in
871 1861 1380 1954 pericarpiis,
1418 1866 1495 1935 et
1532 1866 1874 1956 propter
1910 1864 2152 1935 istam
2191 1864 2299 1935 in-

757 1977 1294 2068 digestionem
1347 1980 1546 2050 fiunt
1612 1979 1957 2051 aborsus
1993 1979 2073 2052 in
2125 1998 2299 2051 nas·

765 2097 1156 2169 centibus.

856 2217 1072 2286 Nota.
1134 2217 1479 2287 secundo
1524 2216 1728 2306 quod
1790 2220 2051 2306 opimis,
2120 2238 2301 2309 pro-

765 2333 940 2426 prie
1007 2332 1425 2423 loquend0‚
1472 2336 1594 2403 est
1636 2332 1983 2421 digestio
2043 2334 2303 2406 artifi-

763 2448 1021 2529 cialiS,
1070 2450 1148 2520 et
1208 2452 1329 2519 est
1395 2448 1598 2520 idem
1665 2449 1872 2540 quod
1931 2450 2297 2534 elixatio,

761 2568 838 2637 et
879 2565 1259 2637 definitul·
1293 2565 1431 2646 sic,
1482 2567 1742 2654 Optesis
1791 2580 1883 2634 est
1933 2568 2217 2656 diqestio
2260 2592 2303 2636 a

756 2684 1102 2751 caliditate
1143 2683 1445 2761 humida,
1493 2694 1553 2748 et
1607 2685 1857 2751 aliena.
1909 2684 2002 2753 Et
2048 2687 2302 2772 molyn-

755 2802 870 2879 εἰς,
910 2818 1085 2889 quae
1125 2798 1248 2869 est
1297 2796 1729 2886 indigestio
1766 2797 1916 2870 sibi
1984 2800 2302 2892 opposi-

756 2917 867 2994 ta,
906 2913 1287 2983 definitur
1340 2912 1508 2985 Sic:
1567 2915 1893 3000 Molynsis
1949 2929 2042 2983 est
2111 2919 2303 2985 ind-i-

751 3033 960 3118 (Jestio
1016 3042 1288 3117 propter
1347 3030 1676 3116 desectam
1729 3032 2103 3100 caliditatis
2174 3038 2300 3103 liu-

758 3148 957 3216 mictoe
995 3150 1260 3218 alieme.

850 3266 1051 3335 Item
1085 3268 1302 3346 nota,
1343 3266 1549 3356 quod
1579 3270 1822 3356 optesis
1861 3270 1982 3339 est
2044 3268 2298 3360 diges-

754 3380 874 3452 tio
929 3381 1180 3462 utilis,
1225 3385 1302 3452 et
1350 3381 1540 3453 illud
1575 3384 1780 3473 quod
1843 3385 2182 3466 assatiO,
2220 3388 2298 3457 et

754 3495 1137 3568 definitul·
1191 3497 1305 3568 Sic
1335 3522 1348 3578 ;
1392 3501 1647 3586 Opto-sis
1678 3513 1769 3567 cst
1801 3502 2083 3591 diqestio
2112 3527 2154 3570 a
2186 3527 2298 3569 ca-

757 3615 1044 3694 liditate,
1080 3616 1257 3681 sicca
1297 3628 1356 3681 et
1395 3617 1645 3684 aliena.

859 3732 1000 3802 Est
1037 3731 1424 3802 stateusis
1468 3753 1640 3822 quae
1682 3736 1802 3804 est
1868 3734 2298 3825 indigestio

759 3845 909 3918 sibi
950 3847 1323 3938 opposita
1360 3872 1374 3928 ;
1411 3848 1795 3920 definitur
1828 3850 1982 3932 sic3
2034 3855 2298 3919 Stateu-

755 3968 847 4029 sis
885 3975 977 4028 cst
1027 3964 1388 4050 indiyestio
1435 3978 1714 4051 propter
1750 3966 2078 4050 desectum
2135 3969 2299 4033 cali-

757 4080 995 4147 ditatis
1023 4082 1234 4159 εἴσω»,
1271 4093 1331 4147 et
1370 4083 1636 4149 aticum.
1691 4084 1782 4152 Et
1828 4081 2298 4172 digestioni-

760 4195 904 4264 bus
991 4195 1502 4267 naturalibus
1596 4197 2301 4289 correspondenti-

761 4310 907 4380 bus
944 4311 1126 4383 istis
1161 4331 1321 4381 non
1364 4311 1750 4382 habemus
1785 4313 2118 4385 nomina
2154 4314 2299 4385 im-

765 4427 1056 4520 posita,
1151 4427 1323 4499 ideo
1407 4429 1847 4519 quamlibet
1923 4429 2301 4517 digestio-

762 4564 971 4624 nem,
1038 4564 1209 4634 quze
1247 4545 1331 4614 sit
1402 4565 1448 4615 a
1507 4545 1923 4618 caliditate
1983 4547 2301 4634 agentis

763 4682 944 4732 cum
1007 4660 1327 4733 humido
1389 4684 1772 4734 vocamus
1804 4668 2085 4752 oplesin,
2134 4665 2301 4734 sive

769 4778 847 4849 in
881 4778 1424 4860 naturalibus,
1485 4779 1652 4850 sive
1711 4780 1788 4850 iu
1850 4779 2301 4851 artificiali-

767 4895 947 4976 bus;
987 4900 1066 4968 et
1104 4896 1351 4977 illam,
1400 4918 1574 4987 qum
1617 4898 1702 4968 fit
1773 4918 1815 4967 a
1887 4897 2301 4968 caliditate

765 5015 1054 5101 agente
1087 5033 1266 5085 cum
1313 5012 1682 5085 siccitate
1717 5033 2100 5084 vocamus
2154 5015 2301 5100 liep-

759 5133 958 5209 ερείη,
1005 5129 1124 5200 vel
1163 5129 1410 5200 aliter
1456 5131 1629 5200 istae
1679 5129 1987 5221 species
2046 5129 2299 5218 diges-

761 5245 1013 5317 tionis
1059 5250 1394 5337 possunt
1449 5245 1987 5318 diversificari
2037 5245 2299 5314 solum

765 5365 842 5436 in
885 5365 1250 5436 animali.
1295 5369 1389 5437 Et
1433 5386 1571 5437 eas
1609 5366 1724 5437 sic
1757 5365 2302 5438 diversifican-

763 5482 886 5548 tes
927 5481 1198 5553 dicunt
1254 5482 1457 5573 quod
1518 5503 1558 5552 a
1630 5482 2029 5574 principio
2075 5502 2302 5572 g·‹.=ne-

769 5593 1116 5668 rationis
1153 5597 1532 5671 animalis
1571 5620 1822 5690 usque
1856 5599 1948 5670 ad
1983 5599 2302 5690 plenam

1953 412 2095 476 ΗΒ.
2147 414 2245 474 lV.
2292 405 2835 475 METEORORUM

2411 575 2743 647 aetatem
2778 574 2962 643 sunt
3006 572 3179 642 tres
3233 565 3542 661 species
3574 562 3935 656 digestio·

2411 694 2564 766 nis.
2620 692 2927 774 Prim0,
3001 710 3157 782 qua
3213 686 3620 780 digeritur
3686 684 3935 757 humi·

2410 810 2597 882 dum
2633 808 3023 881 seminale
3058 828 3104 878 a
3136 807 3410 879 calore
3440 801 3823 884 naturali,
3864 805 3934 875 et

2416 931 2575 1003 ista
2651 928 3001 1019 digestio
3088 930 3433 999 vocatur
3494 925 3934 1013 pepansis,et

2411 1049 2650 1120 durat
2739 1067 2785 1118 a
2883 1044 3286 1139 principio
3392 1038 3935 1133 generationis

2413 1165 2822 1246 animalis,
2852 1183 3267 1255 quousque
3299 1158 3603 1233 animal
3638 1158 3742 1229 sit
3780 1178 3937 1250 per·

2412 1282 2711 1355 fectum
2756 1281 2834 1353 in
2870 1299 3015 1351 sua
3059 1277 3349 1371 specie.
3398 1278 3691 1348 Postea
3738 1274 3938 1366 dige-

2417 1400 2634 1473 ritur
2691 1397 3111 1469 humidum
3189 1394 3470 1475 cibale,
3571 1393 3937 1484 quamdiu

2415 1522 2539 1591 est
2602 1517 2680 1588 in
2743 1516 3211 1605 augmentO,
3275 1510 3483 1583 etin
3553 1512 3799 1592 statu,
3864 1513 3937 1583 et

2417 1637 2570 1708 ista
2607 1632 2954 1723 digestio
2995 1631 3341 1702 vocatur
3370 1631 3644 1717 optans,-
3677 1631 3756 1699 et
3790 1627 3943 1700 ani-

2417 1750 2656 1824 malis
2692 1749 3066 1822 durantis
3120 1766 3370 1837 usque
3433 1745 3527 1816 ad
3576 1743 3816 1817 finem
3858 1746 3939 1816 fit

2411 1868 2665 1940 tertia
2696 1868 3090 1957 digestim
3127 1864 3253 1936 vel
3298 1862 3612 1955 quando
3646 1860 3943 1935 animal

2415 1983 2699 2076 incipit
2733 1983 3073 2056 diminui
3121 2002 3371 2073 usque
3404 1980 3499 2051 ad
3536 1979 3779 2051 finem
3811 2000 3946 2071 per

2418 2100 2751 2172 tertiam
2784 2101 3352 2189 digestionem,
3391 2118 3565 2190 quae
3606 2104 3944 2174 vocatur

2413 2220 2723 2307 kepsesis.
2784 2216 3597 2290 Veldiversificemus
3640 2218 3760 2290 sic
3816 2241 3946 2295 eas

2419 2331 2497 2403 in
2546 2332 3140 2423 digestionibus
3176 2331 3727 2413 instrumenti,
3767 2334 3946 2424 quia

2418 2448 2689 2543 prima.
2737 2448 3114 2539 digestio,
3165 2466 3342 2539 quae
3382 2445 3469 2517 fit
3507 2444 3589 2517 in
3647 2442 3946 2522 stoma-

2417 2563 2564 2636 cho
2630 2566 2895 2657 potest
2963 2562 3247 2635 vocari
3305 2565 3645 2651 pepansis,
3720 2565 3949 2638 etsie

2419 2703 2564 2775 per
2633 2681 3186 2775 pericarpium
3247 2678 3787 2770 intelligimus
3849 2682 3951 2753 lo-

2417 2820 2598 2873 cum
2670 2797 3166 2890 receptionis
3253 2797 3769 2871 nutrimenti.
3857 2800 3951 2872 Et

2419 2918 2761 2989 secunda
2793 2914 3168 3003 digestio,
3235 2934 3408 3005 quae
3450 2913 3536 2985 fit
3575 2912 3656 2985 in
3717 2912 3952 3007 hepa-

2414 3037 2518 3115 te,
2558 3033 2747 3125 quia
2799 3031 3087 3104 ibidem
3123 3030 3328 3122 quod
3386 3029 3797 3120 digeritur
3834 3035 3950 3104 est

2418 3150 2679 3242 magis
2734 3148 3177 3230 humidum,
3223 3149 3300 3220 et
3343 3148 3693 3220 vocatur
3738 3152 3957 3239 hepse-

2410 3272 2523 3337 sis.
2574 3270 2672 3340 Et
2715 3266 2971 3338 tertia
3039 3265 3412 3356 digestio,
3475 3285 3651 3357 quae
3722 3266 3810 3337 fit
3880 3265 3951 3336 in

2413 3382 2676 3464 corde,
2741 3382 2867 3453 vel
2934 3382 3010 3453 in
3064 3381 3250 3453 aliis
3318 3380 3737 3462 membris
3785 3401 3954 3473 quae

2414 3497 2500 3567 fit
2544 3514 2590 3566 a
2623 3495 2882 3566 calido
2931 3493 3292 3574 fortiori,
3338 3496 3415 3564 et
3451 3497 3747 3582 agente
3779 3513 3954 3565 cum

2417 3611 2715 3705 majori
2762 3610 3157 3691 siccitate,
3222 3612 3566 3682 vocatur
3618 3609 3950 3702 optesiS,

2412 3732 2490 3801 et
2599 3726 3422 3821 proportionabiliter
3504 3727 3957 3800 die-eremus

2416 3848 2496 3921 in
2565 3847 2892 3940 pla-ntis.

2502 3971 2869 4044 Ulterius
2948 3971 3414 4053 notandum,
3487 3971 3701 4064 quod
3771 3971 3955 4043 licet

2416 4226 2558 4296 bus
2604 4224 2722 4295 11ae
2768 4222 3075 4314 species
3108 4220 3617 4312 digestionis,
3684 4226 3958 4293 tamen

2417 4348 2661 4420 aliter
2728 4347 3237 4435 distinguunt
3301 4346 3486 4429 alii,
3536 4351 3615 4420 et
3687 4351 3957 4423 dieunt

2419 4476 2626 4566 quod
2664 4476 2990 4566 oportet
3037 4493 3277 4565 penes
3312 4475 3643 4564 agentia
3676 4475 3958 4548 distin-

2418 4602 2554 4694 gui
2622 4603 2823 4673 istas
2897 4601 3421 4683 mutationes,
3485 4622 3579 4673 eo
3626 4602 3836 4694 quod
3876 4602 3959 4673 fi-

2415 4727 2569 4808 niS,
2616 4726 2740 4797 vel
2805 4724 3136 4797 termini
3215 4727 3304 4793 act
3348 4748 3507 4814 quos
3561 4731 3756 4800 sunt
3819 4725 3960 4798 mi-

2417 4876 2566 4925 nus
2642 4851 2873 4922 nobis
2945 4850 3144 4933 noti,
3208 4854 3288 4924 et
3354 4853 3689 4942 agentia
3778 4855 3961 4924 sunt

2420 4981 2682 5071 magis
2723 4983 2917 5051 nota
2952 4977 3210 5058 nobis,
3253 4976 3425 5049 ideo
3478 4978 3577 5050 ab
3647 4978 3960 5070 agenti·

2414 5104 2561 5173 bus
2633 5101 3270 5192 distinguantur.
3316 5103 3415 5173 Et
3472 5100 3586 5173 sic
3639 5099 3960 5194 exponi-

2414 5233 2554 5301 tur
2587 5227 3044 5300 auctoritas
3079 5226 3557 5300 Aristotelis
3604 5225 3684 5298 in
3736 5226 3959 5319 quin-

2417 5358 2500 5426 to
2566 5353 2884 5444 I‘llysie.
2958 5352 3163 5444 quod
3218 5365 3429 5420 motus
3513 5364 3605 5419 est
3656 5353 3837 5420 idem
3892 5353 3961 5417 in

2418 5483 2701 5547 termino
2732 5477 2826 5548 ad
2862 5495 3094 5568 quem
3135 5488 3197 5543 et
3258 5477 3343 5542 ab
3396 5477 3518 5543 illo
3576 5479 3766 5565 capit
3822 5475 3959 5542 dis-

2419 5609 2872 5674 tinctionem:
2942 5623 3223 5676 verum
3301 5605 3423 5675 est
3504 5599 3638 5675 ubi
3685 5603 3952 5675 motus

2417 4098 2575 4170 isto
2629 4096 2862 4168 modo
2904 4095 3517 4184 distinguantur
3548 4097 3649 4168 ab
3680 4048 4144 4236 aliqui-{1:335
