4252 6393
1676 462 2043 540 QUAESTIO
2095 464 2171 527 ΙΙΙ
3371 465 3486 529 257

325 623 565 715 patris
614 643 982 716 puerum.
1029 625 1111 699 Si
1162 645 1360 698 vero
1417 622 1849 699 inanimati
1963 626 2372 717 digeritur
2409 626 2860 718 digestione
2918 628 3209 721 prima,
3267 630 3346 701 et
3391 628 3507 700 sic

320 741 504 813 sicut
578 740 661 813 in
738 742 1270 833 generatione
1337 741 1844 824 animalium,

1960 744 2083 814 est
2152 741 2501 833 digestio
2562 743 2718 816 cibi
2789 745 2870 817 in
2931 744 3354 818 stomacho
3427 743 3506 815 in

318 856 521 948 cujus
571 876 737 930 non
788 859 1055 949 tangit
1102 858 1562 951 exemplum
1599 858 1678 931 in
1712 857 1847 930 lit-
1959 860 2391 936 humorem
2459 862 2985 943 cisanarium;
3031 866 3171 934 aut
3248 863 3505 952 diges-

318 974 497 1043 tera.
564 974 648 1046 Si
690 994 890 1046 vero
944 975 1052 1047 sit
1101 978 1416 1064 pepansis
1470 974 1839 1052 mediate,

1955 978 2178 1052 tione
2247 980 2616 1060 secunda,
2723 980 2802 1049 et
2872 978 2988 1050 sic
3057 980 3136 1051 in
3213 977 3501 1071 hepate

318 1087 423 1158 vel
454 1088 726 1160 minus
788 1090 1151 1183 proprie,
1197 1093 1341 1163 aut
1398 1093 1590 1163 tunc
1630 1088 1718 1162 fit
1763 1089 1842 1161 in
1955 1096 2445 1187 digeruntur
2502 1096 2583 1169 hi
2644 1095 3029 1169 cifanarii
3081 1095 3495 1177 humores,

318 1203 835 1287 naturalibuS,
881 1208 1020 1278 aut
1064 1205 1691 1286 innaturalibus,
1729 1205 1840 1277 vi-

314 1319 571 1393 delicet
643 1320 724 1391 in
775 1321 1372 1395 artificialibus.
1439 1322 1521 1395 Si
1583 1321 1664 1393 in
1714 1341 1840 1393 ar-

315 1438 778 1521 tificialibus,
824 1440 941 1513 sic
970 1443 1093 1513 est
1132 1440 1479 1532 digestio
1520 1439 1834 1520 lateris,

320 1554 432 1645 qui
482 1556 560 1627 in
625 1556 902 1630 calore
951 1557 1168 1647 ignis
1218 1556 1835 1630 circumstantis

318 1672 383 1743 in
436 1673 771 1765 proprio
812 1673 1087 1746 calore
1154 1674 1559 1765 digeritur
1624 1694 1838 1746 com-

319 1786 574 1880 plendo
606 1788 963 1862 formam
997 1789 1309 1870 lateris,
1343 1789 1435 1861 de
1466 1788 1694 1881 cujus
1726 1789 1836 1861 in·

316 1902 741 1992 digestione
774 1903 1266 1976 Aristoteles
1310 1905 1535 1997 ponit
1579 1925 1838 1977 exem·

321 2021 515 2111 plum
576 2022 656 2094 in
695 2036 930 2105 omote,
986 2022 1365 2115 apposito
1432 2028 1742 2114 pepansi.

399 2141 473 2213 Si
521 2161 719 2212 vero
777 2141 917 2212 fiat
988 2140 1069 2213 in
1109 2140 1650 2223 naturalibus,
1697 2146 1838 2216 aut

315 2254 550 2345 igitur
611 2254 783 2328 nati
850 2254 1193 2328 animati
1250 2255 1501 2328 tertio
1572 2256 1832 2340 modo,

313 2374 428 2443 aut
471 2372 553 2444 in
584 2393 693 2454 se,
733 2373 871 2443 aut
908 2371 988 2443 in
1023 2370 1212 2444 alio.
1251 2371 1333 2445 Si
1366 2389 1562 2442 vero
1608 2370 1688 2442 in
1722 2392 1831 2452 se,

316 2487 412 2560 sic
447 2491 568 2562 est
599 2489 950 2580 digestio
991 2488 1367 2561 humoris
1402 2489 1483 2561 in
1525 2488 1828 2581 planta,

315 2607 386 2674 ut
443 2604 585 2678 fiat
665 2625 938 2677 semen
1042 2604 1137 2676 ad
1214 2603 1833 2695 generationem

315 2720 609 2812 plantae,
653 2722 778 2793 vel
841 2741 1170 2814 sperma
1223 2721 1320 2794 ad
1376 2718 1833 2812 generatio-

314 2857 471 2911 nem
496 2840 895 2913 animalis.
928 2839 1009 2913 Si
1043 2841 1123 2912 in
1158 2839 1350 2922 ali0,
1396 2842 1534 2912 aut
1573 2838 1833 2930 igitur

313 2957 417 3024 est
474 2955 785 3027 unitum
842 2955 1087 3028 alteri
1162 2955 1597 3028 secundum
1659 2955 1836 3027 sub·

314 3070 698 3153 stantiam,
743 3074 1093 3144 autnon.
1141 3070 1221 3145 si
1264 3072 1531 3165 primo
1567 3072 1828 3155 modo,

317 3190 435 3259 aut
514 3193 633 3263 est
702 3190 1185 3283 separabile,
1260 3191 1399 3263 aut
1477 3211 1678 3272 non;
1761 3190 1830 3264 si

321 3306 771 3395 separabile,
836 3307 954 3380 sic
993 3310 1116 3379 est
1158 3306 1506 3398 digestio
1552 3305 1832 3379 humo·

321 3417 419 3490 ris
474 3422 547 3493 in
606 3423 936 3517 plantis,
983 3426 1068 3496 ut
1136 3422 1333 3495 flant
1403 3422 1674 3502 flores,
1745 3424 1824 3494 et

321 3533 495 3609 folia
563 3543 639 3613 et
702 3538 1050 3613 fructus,
1108 3540 1190 3614 Si
1253 3538 1824 3631 inseparabile,

319 3653 418 3726 sic
498 3660 613 3729 est
723 3657 1074 3749 digestio
1180 3655 1644 3737 humorum,
1742 3657 1829 3727 ut

318 3769 440 3846 fiat
486 3775 958 3856 membrum,
1038 3774 1163 3846 vel
1236 3794 1428 3866 pars
1469 3774 1670 3866 ejus,
1743 3776 1830 3846 ut

322 3904 589 3970 ramus,
633 3889 758 3962 vel
822 3894 1107 3963 cortex
1169 3889 1248 3963 in
1294 3889 1635 3982 plantis;
1700 3908 1831 3960 ca-

323 4020 424 4085 ro,
463 4006 579 4078 vel
637 4028 727 4079 os
787 4007 869 4080 iu
937 4006 1454 4080 animalibus.
1492 4006 1573 4078 Si
1632 4025 1829 4077 vero

321 4137 460 4191 non
520 4123 619 4196 sit
663 4125 1006 4206 unitum,
1080 4128 1272 4197 tunc
1312 4127 1436 4197 est
1482 4123 1830 4212 indiges-

320 4236 424 4308 tio
463 4238 535 4312 in
579 4241 1069 4315 animalibus
1109 4245 1188 4315 et
1250 4241 1582 4335 plantis,
1641 4239 1830 4332 quia

322 4350 685 4443 digestum
741 4356 1195 4448 digestione
1256 4357 1637 4429 ultimata
1696 4374 1831 4425 na-

322 4471 473 4541 tum
535 4479 651 4547 est
732 4475 935 4568 ipsis
1036 4475 1286 4548 unitis
1393 4474 1827 4547 secundum

326 4586 826 4664 substantiam
862 4592 942 4665 in
978 4590 1176 4684 ipsis
1236 4590 1593 4664 animari
1635 4589 1823 4669 tale,

325 4705 454 4775 etc.
504 4710 693 4798 quod
734 4712 858 4781 est
902 4709 983 4781 in
1029 4709 1407 4801 proxima
1453 4706 1830 4798 digestio-

326 4837 430 4901 ne,
491 4827 563 4897 ut
617 4827 760 4899 alii
820 4826 1236 4908 uniantur,
1301 4826 1686 4898 sumendo
1748 4828 1827 4901 in

329 4933 483 5025 ipso
530 4941 871 5015 formam
923 4944 1288 5026 animati,
1354 4946 1492 5016 aut
1548 4944 1628 5016 in
1681 4944 1829 5017 dis·

332 5054 689 5142 positione
724 5066 1067 5136 remota.

406 5169 648 5248 Primo
711 5177 947 5250 modo
988 5182 1111 5250 est
1149 5178 1288 5250 illa
1345 5178 1694 5268 digestio
1749 5178 1829 5250 in

335 5282 743 5365 substantia
845 5292 1443 5374 membrorum,
1551 5298 1635 5366 ut
1730 5314 1828 5364 ex

334 5400 602 5478 cambio
642 5409 727 5482 fit
783 5408 1190 5500 glutinum
1250 5410 1330 5481 in
1364 5410 1516 5481 fine
1558 5410 1828 5484 tertiae

333 5512 789 5607 digestionis,
867 5546 1044 5618 quae
1117 5525 1198 5597 in
1251 5526 1641 5599 membris
1708 5526 1824 5608 fit,

337 5628 451 5700 sed
494 5640 812 5714 secundo
866 5640 1098 5712 modo
1147 5638 1230 5712 in
1272 5643 1592 5714 remota
1644 5646 1831 5715 ante

451 5765 699 5832 Tom.1V.

1952 1215 2032 1285 et
2096 1211 2618 1305 principales,
2669 1213 2802 1304 qui
2876 1215 3061 1285 sunt
3132 1211 3492 1301 sanguis,

1954 1324 2356 1417 phlegma,
2450 1324 2806 1407 cholera,
2911 1322 3489 1403 melancholia;

1953 1446 2092 1515 aut
2124 1443 2575 1534 digestione
2626 1443 2877 1517 tertia
2921 1448 3007 1514 ut
3046 1442 3187 1513 fiat
3232 1462 3369 1512 ros
3413 1441 3494 1512 in

1956 1558 2297 1631 orificiis
2337 1579 2761 1638 venarum,
2808 1561 2951 1631 aut
2990 1578 3088 1628 ex
3133 1577 3348 1637 rore,
3404 1560 3492 1629 ut

1949 1673 2091 1746 fiat
2123 1673 2527 1747 cambium
2567 1673 2647 1745 in
2689 1672 3030 1765 spongio
3063 1671 3493 1744 siccalibus

1952 1789 2533 1862 membrorum.
2594 1788 2675 1863 Si
2741 1809 2938 1861 vero
2990 1789 3095 1862 sit
3143 1786 3492 1878 digestio

1949 1910 2268 1997 pepansis
2325 1908 2406 1980 in
2473 1904 2987 1978 naturalibus
3058 1922 3221 1975 non
3275 1904 3492 1977 natis

1952 2026 2331 2106 animari,
2370 2028 2509 2097 aut
2564 2024 2825 2115 igitur
2882 2022 3289 2113 digeritur
3347 2021 3495 2094 ali-

1954 2143 2161 2234 quid,
2216 2161 2315 2213 ne
2349 2145 2636 2232 gravet
2682 2142 3063 2212 naturam
3108 2139 3188 2212 in
3218 2140 3495 2212 eodem

1952 2258 2386 2331 secundum
2429 2274 2886 2336 numerum,
2933 2257 3070 2325 aut
3117 2253 3377 2344 igitur
3410 2256 3495 2325 ut

1953 2376 2329 2448 observet
2374 2396 2554 2448 eam
2603 2375 2686 2448 in
2715 2374 2992 2446 eodem
3053 2372 3489 2444 secundum

1950 2492 2330 2584 speciem.

2041 2611 2402 2683 Secundo
2456 2610 2693 2681 modo
2748 2609 2871 2680 est
2912 2605 3261 2697 digestio
3322 2624 3492 2677 san-

1951 2726 2226 2819 guinis
2309 2725 2712 2799 menstrui
2787 2724 2867 2796 in
2947 2721 3334 2795 mamillis
3397 2721 3492 2792 ad

1949 2846 2566 2937 generationem
2649 2840 2915 2921 lactis,
3021 2839 3090 2911 si
3154 2840 3495 2931 propter

1948 2961 2660 3035 conservationem
2738 2957 3018 3038 foetus,
3094 2955 3161 3027 si
3221 2954 3492 3048 primo

1951 3076 2212 3158 modo,
2277 3096 2458 3147 cum
2513 3094 2752 3146 omne
2807 3072 2971 3145 tale
3037 3070 3490 3161 digeratur,

1947 3195 2033 3265 ut
2075 3214 2121 3265 a
2163 3195 2464 3266 natura
2495 3189 2998 3284 expellatur3
3044 3188 3184 3259 aut
3236 3186 3496 3278 igitur

1948 3309 2139 3402 quia
2169 3309 2712 3402 superfiuum;
2751 3310 2892 3378 aut
2927 3304 3183 3395 igitur
3223 3303 3494 3376 inobe-

1943 3426 2194 3498 diens.
2290 3424 2371 3498 si
2442 3422 2783 3496 secundo
2855 3420 3114 3502 modo,
3191 3419 3308 3491 sic
3366 3420 3489 3516 est

1944 3540 2295 3632 digestio
2338 3538 2709 3611 humoris
2752 3534 3125 3628 corrupti
3184 3533 3266 3606 in
3312 3553 3490 3605 san-

1945 3657 2290 3748 guineis,
2353 3657 2432 3728 et
2482 3652 2949 3733 nascentiis,
2999 3654 3078 3725 et
3128 3650 3487 3723 humori-

1943 3774 2089 3845 bus
2121 3772 2539 3865 corruptis
2582 3768 3187 3849 universaliter,
3226 3771 3313 3841 ut
3345 3766 3486 3837 fiat

1946 3892 2259 3971 sanies;
2315 3893 2394 3962 et
2448 3888 2838 3961 similiter
2896 3886 3281 3976 lacrymae
3335 3885 3489 3956 cir-

1946 4029 2037 4082 ca
2072 4006 2378 4089 ocuIOS,
2419 4010 2504 4078 ut
2544 4004 2684 4077 fiat
2744 4000 3274 4095 lippitudozsi
3301 3999 3490 4092 quia

1945 4124 2471 4218 superfluum,
2503 4125 2642 4194 aut
2668 4120 2854 4212 quia
2888 4117 3386 4211 superfluum
3412 4117 3491 4189 in

1947 4240 2213 4332 prima
2246 4236 2725 4328 digestione,
2787 4236 2864 4305 et
2909 4232 3025 4304 sic
3072 4235 3193 4304 cst
3235 4232 3490 4322 diges-

1945 4354 2061 4427 tio
2113 4352 2424 4429 faecum,
2487 4347 2613 4419 vel
2667 4345 2960 4417 merdae
3031 4344 3112 4416 in
3179 4343 3492 4417 intesti-

1944 4470 2100 4550 nis;
2142 4470 2278 4540 aut
2314 4465 2504 4558 quia
2529 4464 2610 4536 in
2634 4460 2977 4534 secunda
3007 4459 3484 4549 digestione,

1942 4587 2018 4658 et
2054 4584 2170 4657 sic
2200 4586 2322 4656 est
2345 4580 2694 4672 digestio
2729 4579 2986 4650 urinae
3016 4579 3094 4650 in
3130 4577 3482 4658 renibuS,

1942 4708 2021 4777 et
2052 4701 2357 4780 vesica;
2419 4700 2559 4770 aut
2596 4697 2673 4769 in
2706 4695 2958 4767 tertia
3005 4693 3480 4784 digestione,

1941 4825 2021 4895 et
2064 4818 2179 4891 sic
2245 4819 2370 4888 est
2420 4811 2767 4904 digestio
2829 4810 3075 4891 roris,
3159 4809 3479 4891 cambii,

1941 4937 2019 5006 et
2071 4930 2393 5024 glutini.
2469 4928 2550 5000 Si
2610 4925 2879 5018 primo
2943 4922 3200 5004 modo,
3249 4923 3317 4994 si
3360 4926 3481 4996 cst

1941 5047 2291 5140 digestio
2373 5041 2720 5120 sudoris,
2785 5043 2864 5112 et
2949 5040 3073 5110 est
3134 5037 3482 5129 digestio

1944 5163 2445 5260 hypostasis,
2502 5160 2671 5231 sive
2737 5155 3193 5228 residentiae
3245 5175 3486 5247 appa-

1947 5283 2204 5357 rentis
2241 5281 2322 5353 in
2355 5277 2616 5350 urina.

2034 5398 2227 5472 Istis
2277 5392 2647 5466 omnibus
2700 5388 2981 5466 modis,
3033 5384 3197 5458 alia
3233 5390 3486 5459 matu-

1948 5519 2240 5590 rantur
2282 5513 2362 5585 in
2402 5510 2745 5580 humore
2799 5503 3170 5575 seminali
3223 5503 3316 5573 ad
3360 5524 3484 5594 ge·

1944 5632 2457 5708 nerationom
2498 5623 2786 5696 formae
2831 5617 3178 5712 alicujus
3223 5620 3483 5705 mixti,

3298 5754 3357 5808 η

3642 5398 3728 5451 20.
