4252 6393
156 1248 231 1295 Con·

136 1308 224 1355 clusio
238 1308 265 1355 ¹.

122 1369 216 1418 Error
231 1372 266 1418 in

159 1434 228 1480 situ.

1649 384 2011 466 QUAEs'rlo
2059 384 2108 445 V

301 555 456 627 tium
527 555 644 627 rei
702 560 1027 634 erectae,
1107 574 1249 645 per
1301 551 1793 645 suppositio·

299 704 435 754 nem
499 682 723 775 prius
769 682 1147 774 positam,
1198 680 1536 760 scilicet,
1585 679 1795 771 quod

302 808 524 897 imago
577 807 696 878 rei
738 806 934 879 visae
969 810 1311 898 apparet
1351 805 1427 875 in
1460 823 1796 876 concur-

303 955 362 1003 su
399 933 597 1005 radii
659 932 1002 1004 visualis
1046 953 1229 1004 cum
1284 930 1616 1005 catheto
1690 929 1796 1000 in-

302 1060 588 1131 cidente.

363 1189 652 1267 Quarta
722 1185 1144 1257 conclusio
1174 1189 1299 1257 est
1353 1183 1536 1265 ista,
1596 1181 1801 1272 quod

308 1316 599 1404 propter
634 1311 1160 1383 reflexionem
1205 1310 1500 1383 accidit
1550 1328 1797 1380 error

305 1439 360 1508 in
389 1439 539 1511 situ
619 1438 738 1510 rei
813 1438 1037 1509 visae.
1101 1436 1534 1517 Probatur,
1610 1435 1800 1527 quia

301 1562 356 1634 in
421 1563 768 1656 speculis
851 1562 1234 1637 concavis
1327 1562 1802 1652 quandoque

299 1696 588 1782 apparet
608 1691 880 1782 imago
906 1688 1024 1761 rei
1056 1688 1249 1761 visae
1271 1689 1492 1762 ultra
1528 1712 1562 1759 s
1575 1710 1801 1781 pecu-

299 1816 418 1888 lum
443 1817 913 1908 quandoque
964 1815 1040 1886 in
1078 1814 1430 1907 speculo,
1462 1814 1802 1904 quanda-

298 1962 408 2034 que
437 1942 650 2014 inter
682 1941 1127 2034 speculum,
1174 1944 1254 2013 ct
1291 1925 1581 2010 visum.

365 2069 740 2143 Similiter
805 2068 879 2140 in
941 2066 1293 2161 speculis
1355 2064 1618 2157 planis
1674 2085 1803 2137 res

300 2200 594 2287 apparet
642 2195 940 2267 habere
994 2194 1389 2283 imagines
1443 2214 1799 2275 eversas,

302 2318 386 2393 ita
414 2321 611 2413 quod
657 2342 848 2413 pars
883 2323 1267 2414 superior
1303 2329 1659 2417 apparet
1696 2324 1802 2395 in-

301 2445 536 2531 ferior,
563 2451 642 2519 et
671 2469 860 2541 pars
886 2450 1172 2523 dextra
1199 2455 1542 2543 apparet
1568 2449 1807 2522 sinis·

304 2576 424 2655 tra,
472 2579 548 2647 ct
614 2595 861 2646 causa
916 2580 1187 2667 potest
1248 2574 1660 2664 assignari
1707 2596 1802 2647 ex

302 2700 637 2787 praedicta
672 2701 1273 2792 suppositione;
1312 2721 1497 2772 nam
1535 2700 1808 2772 radius

301 2824 598 2897 visibilis
685 2826 1111 2899 concurrit
1214 2848 1397 2897 cum
1475 2826 1805 2899 catheto

307 2951 524 3040 partis
576 2950 997 3024 inferioris
1057 2952 1176 3023 rei
1223 2951 1420 3022 visa}
1485 2952 1559 3024 in
1625 2952 1804 3023 loco

305 3078 664 3169 superiori
701 3078 1110 3167 imaginis,
1147 3082 1227 3151 et
1257 3078 1535 3148 eodem
1574 3078 1807 3149 modo

308 3203 378 3274 de
399 3205 748 3296 partibus
771 3206 1060 3278 dextra
1092 3209 1173 3278 et
1199 3204 1566 3284 sinistra,
1595 3205 1809 3277 sicut

309 3336 491 3417 patet
524 3332 760 3412 infra,
816 3335 902 3405 ut
965 3331 1072 3405 sit
1107 3329 1580 3423 superficies
1614 3334 1665 3397 Α
1724 3334 1804 3411 B,

309 3472 412 3525 res
444 3458 611 3529 visa
653 3463 713 3525 D
752 3461 827 3539 F,
863 3461 945 3531 et
979 3457 1202 3529 visus
1245 3461 1326 3537 E,
1376 3457 1537 3528 sint
1574 3476 1809 3548 punc·

311 3585 376 3651 ta
413 3583 854 3656 reflexionis
914 3588 966 3650 Α
1001 3587 1079 3664 B,
1135 3587 1215 3655 et
1265 3582 1668 3655 ducantur
1725 3581 1809 3653 li-

310 3727 448 3779 nea>
503 3715 664 3791 DA,
703 3713 863 3792 FB,
900 3713 981 3782 et
1023 3708 1254 3780 linea)
1300 3713 1465 3791 ΕΑ,
1500 3713 1581 3781 et
1625 3712 1802 3788 EB;

308 3831 454 3904 dein
481 3836 874 3908 ducantur
905 3833 1210 3908 catheti
1245 3854 1492 3926 super
1527 3856 1616 3905 su
1635 3854 1808 3926 per-

307 3958 532 4032 ficiem
569 3960 875 4052 speculi
922 3980 967 4030 a
1023 3960 1341 4052 punctis
1377 3964 1458 4041 D,
1496 3963 1555 4027 F
1597 3958 1808 4031 scili·

308 4089 414 4157 cet
450 4091 503 4152 D
532 4091 604 4168 G,
641 4091 722 4161 et
764 4091 928 4168 FII,
964 4092 1044 4160 et
1080 4086 1635 4179 producantur
1688 4106 1810 4156 ra-

309 4209 397 4280 dii
421 4212 793 4295 visibiles,
833 4213 1149 4287 scilicet
1184 4217 1239 4281 E
1267 4217 1346 4293 A,
1386 4216 1465 4285 et
1508 4216 1565 4279 E
1597 4216 1651 4278 B
1679 4212 1808 4282 do-

306 4353 428 4407 nec
491 4344 981 4414 concurrant
1042 4360 1227 4411 cum
1269 4337 1646 4418 cathetis,
1696 4336 1810 4408 ita

308 4462 486 4546 quod
530 4469 584 4532 E
637 4470 688 4534 A
750 4469 1199 4539 concurrat
1260 4484 1445 4536 cum
1507 4466 1564 4530 D
1609 4465 1662 4530 G
1732 4461 1809 4532 in

311 4592 569 4670 puncto
605 4595 681 4675 G,
754 4595 836 4665 et
870 4595 928 4659 E
958 4595 1015 4658 B
1043 4612 1227 4664 cum
1261 4593 1323 4657 F
1354 4594 1419 4658 11
1444 4589 1522 4660 in
1571 4609 1811 4680 punc-

307 4709 476 4790 toll,
511 4718 687 4789 tunc
729 4737 872 4808 per
897 4715 1544 4808 suppositionem
1585 4712 1809 4806 prius

315 4836 623 4923 positam
685 4843 957 4932 imago
1032 4842 1308 4934 puncti
1369 4845 1428 4908 D
1476 4860 1812 4933 appare-

311 4959 410 5034 bit
467 4963 543 5036 in
595 4974 889 5063 puncto
953 4973 1030 5051 G,
1093 4974 1173 5043 et
1235 4967 1512 5061 puncti
1591 4970 1667 5049 F,
1737 4967 1812 5037 in

311 5097 581 5178 puncto
640 5100 718 5178 H,
780 5100 862 5169 et
916 5097 1103 5188 quia
1149 5098 1498 5188 punctus
1563 5097 1639 5174 G,
1690 5113 1813 5164 su·

313 5216 564 5303 perior
584 5227 699 5296 est
744 5225 1045 5313 puncto
1082 5225 1159 5302 ΙΙ,
1198 5219 1573 5311 sequitur
1607 5218 1813 5309 quod

313 5335 558 5431 imago
582 5347 847 5438 puncti
874 5352 953 5429 D,
984 5347 1410 5440 apparebit
1436 5344 1818 5438 superior

313 5481 532 5553 quam
565 5467 821 5565 imago
882 5475 957 5542 F.
1007 5472 1302 5544 Eodem
1339 5471 1573 5543 modo
1636 5491 1817 5564 pro-

3347 368 3453 445 101

1907 548 2152 619 batur
2210 544 2415 636 quod
2461 561 2650 635 pars
2682 537 2970 616 dextra
3022 541 3452 634 apparebit

1909 692 2087 742 esse
2134 669 2499 743 sinistra.

2011 2455 2126 2524 Ex
2193 2451 2375 2525 istis
2436 2455 2659 2544 patet
2720 2447 3223 2539 generaliter
3292 2454 3468 2523 tan·
3628 2468 3684 2524 τ.

1922 2580 2203 2668 gendo,
2298 2578 2374 2649 in
2456 2575 2741 2668 quibus
2839 2573 3131 2646 accidit
3226 2593 3472 2645 error

1925 2708 2264 2795 propter
2326 2700 2871 2779 reflexionem,
2919 2704 3000 2773 et
3064 2698 3144 2768 in
3178 2697 3466 2789 aliqui-

1920 2828 2068 2899 bus
2121 2827 2479 2920 qualiter
2530 2846 2731 2906 non;
2771 2845 2957 2897 nam
2993 2822 3469 2916 specialiter

1921 2955 2090 3028 haec
2131 2960 2493 3045 tangere,
2558 2958 2639 3027 et
2700 2973 2992 3024 causas
3036 2950 3473 3044 cujuslibet

1923 3084 2467 3173 pertractare,
2504 3082 2720 3151 esset
2764 3076 3005 3150 nimis
3056 3076 3465 3159 diffusum,

1921 3214 2001 3282 et
2047 3211 2386 3300 propter
2414 3206 2564 3278 hoc
2600 3226 2747 3295 ego
2781 3203 3132 3276 dimitto.

2013 3336 2124 3406 Ad
2172 3332 2561 3406 rationes.
2603 3332 2715 3403 Ad
2752 3329 3129 3422 primam,
3174 3330 3475 3394 mamime
3516 3338 3607 3389 Λα
3634 3339 3682 3390 1.
3713 3353 3814 3416 ag·-

1922 3462 2272 3540 accideret,
2297 3463 2449 3532 etc.
2483 3456 2873 3537 Concedo,
2898 3459 2978 3526 et
3013 3452 3326 3545 quando
3360 3450 3468 3524 di·
3498 3414 3818 3527 ⁹²2Tva¹72n⁶

1925 3584 2145 3658 citur
2188 3585 2278 3657 de
2314 3581 2665 3676 speculis
2714 3579 3004 3673 planis,
3040 3577 3218 3650 dico
3265 3574 3472 3668 quod

1930 3711 2303 3802 quamvis
2343 3710 2419 3781 in
2454 3707 2809 3802 speculis
2856 3706 3116 3800 planis
3171 3727 3301 3776 res
3343 3725 3475 3797 ap·

1927 3842 2162 3929 paret
2198 3841 2449 3916 tanta,
2507 3837 2811 3926 quanta
2852 3838 3001 3915 est,
3059 3837 3336 3906 tamen
3392 3829 3470 3900 in

1926 3961 2314 4036 convexis
2349 3965 2692 4055 apparet
2728 3959 3022 4040 minor,
3060 3962 3139 4031 et
3174 3956 3252 4027 in
3287 3975 3473 4029 con·

1923 4086 2149 4160 cavis
2187 4085 2478 4178 major,
2518 4088 2597 4157 et
2644 4085 2816 4156 ideo
2877 4082 3172 4156 accidit
3233 4099 3476 4152 error

1918 4210 2349 4303 judicando
2403 4211 2493 4281 de
2538 4208 3022 4300 quantitate.

2015 4338 2126 4408 Ad
2180 4337 2636 4416 secundam,
2676 4339 2835 4423 quia
2883 4356 3142 4423 semper
3177 4334 3470 4421 specula,

1925 4466 2082 4535 etc.
2126 4461 2328 4535 Dico
2364 4459 2572 4551 quod
2614 4474 2808 4530 casu
2872 4457 3174 4551 posite,
3224 4456 3291 4527 si
3334 4475 3478 4547 per

1927 4587 2346 4680 speculum
2362 4604 2806 4657 concavum
2832 4583 3480 4675 deprehendatur

1927 4735 2337 4794 excessus,
2386 4711 2640 4783 adhuc
2687 4715 2810 4784 est
2851 4729 3094 4781 error
3136 4709 3215 4780 in
3275 4706 3475 4800 judi-

1929 4839 2080 4920 cio,
2131 4838 2319 4930 quia
2360 4858 2743 4910 excessus
2787 4836 2947 4918 ille,
2988 4836 3150 4907 imo
3186 4839 3267 4908 et
3301 4838 3477 4907 tota

1932 4983 2063 5033 res
2105 4961 2309 5042 visa,
2351 4965 2696 5053 apparet
2742 4959 3034 5052 maj0r,
3084 4978 3324 5050 quam
3370 4956 3475 5029 sit

1933 5088 2011 5159 in
2091 5087 2213 5159 rei
2288 5087 2667 5160 veritate.
2747 5086 2891 5158 Vel
2984 5083 3244 5179 possit
3320 5081 3475 5155 dici

1933 5216 2140 5308 quod
2233 5236 2616 5287 excessus
2698 5214 2890 5288 talis
2980 5210 3475 5286 insensibilis

1930 5363 2091 5414 non
2156 5343 2415 5436 possit
2466 5340 2944 5434 deprehendi
3016 5359 3161 5433 per
3229 5357 3476 5409 unum

1935 5469 2356 5561 speculum
2391 5487 2885 5548 concavum;
2926 5465 3181 5557 igitur
3224 5464 3290 5535 si
3346 5483 3475 5556 po-

3583 4364 3671 4414 Aa
3688 4361 3736 4413 2.
