4252 6393
1660 368 2022 454 QUAES'HO
2072 376 2150 440 lv
3367 375 3480 441 185

316 536 534 628 Fquae
593 540 781 611 sunt
821 541 880 604 D
922 540 998 619 G,
1043 539 1204 619 FII,
1259 541 1339 612 et
1384 536 1803 630 pertraha-

316 655 415 723 tur
452 652 654 725 linea
686 658 746 721 E
775 658 852 736 A,
893 676 1144 746 usque
1177 655 1272 726 ad
1308 659 1693 748 punctum
1722 658 1798 735 G,

313 776 370 842 ct
401 774 544 850 ΕΒ,
581 792 834 861 usque
877 773 972 843 ad
1012 776 1401 863 punctum
1434 776 1588 852 DII,
1614 776 1802 847 tunc

317 888 662 980 probatur
739 888 1161 963 conclusio
1256 910 1398 982 per
1467 889 1802 963 tertiam

315 1004 935 1096 suppositionem,
990 1028 1116 1077 res
1168 1010 1227 1073 D
1271 1006 1660 1079 Fvidetur
1725 1005 1802 1078 in

318 1120 583 1211 punctis
648 1125 703 1188 G
762 1124 839 1203 H,
896 1122 1084 1213 quia
1148 1121 1253 1192 ibi
1294 1126 1804 1194 concurrunt

315 1238 594 1319 catheti,
656 1244 737 1312 et
807 1241 1012 1313 radii
1065 1241 1446 1321 visuales,
1493 1245 1573 1313 et
1615 1242 1803 1332 quia

316 1356 567 1430 catheti
602 1362 792 1431 sunt
823 1378 1046 1449 aeque
1079 1358 1502 1439 distantes,
1543 1358 1802 1448 sequi-

316 1478 419 1547 tur
493 1475 689 1565 quod
772 1474 1044 1566 imago
1113 1473 1354 1548 habet
1441 1475 1803 1546 eamdem

318 1592 832 1681 quantitatem,
879 1595 959 1664 et
1019 1590 1381 1662 eamdem
1452 1594 1804 1680 figuram

320 1705 376 1776 in
411 1706 710 1798 punctis
759 1712 812 1773 G
845 1710 919 1786 11,
969 1706 1288 1797 qualem
1335 1706 1574 1780 habet
1619 1711 1675 1773 D
1724 1707 1799 1775 F.

317 1826 382 1895 In
430 1825 741 1916 speculo
807 1824 1046 1917 plano
1093 1825 1350 1914 igitur
1392 1829 1448 1891 D
1498 1828 1559 1893 F
1598 1824 1804 1896 vide-

318 1944 420 2012 tur
446 1941 793 2032 ejusdem
820 1941 1337 2033 quantitatis,‚
1375 1945 1455 2014 et
1489 1942 1799 2031 figurae,

314 2063 546 2132 utest.

380 2179 486 2247 Ex
522 2175 1042 2249 conclusione
1078 2174 1449 2267 sequitur
1481 2177 1685 2268 quod
1713 2177 1806 2249 ad

313 2291 454 2373 hoc,
531 2294 731 2385 quod
813 2297 985 2367 tota
1069 2293 1362 2383 figura,
1436 2293 1560 2363 vel
1632 2296 1807 2365 tota

313 2410 680 2500 quantitas
729 2410 1077 2501 alicujus
1124 2408 1239 2481 rei
1280 2413 1806 2501 repraesente-

315 2527 419 2594 tur
459 2524 530 2595 in
568 2524 921 2618 specuIO,
972 2528 1300 2618 oportet
1349 2525 1554 2615 quod
1616 2523 1806 2595 illud

314 2643 680 2731 speculum
736 2642 842 2715 sit
908 2642 1220 2734 aequale
1282 2641 1401 2712 illi
1456 2641 1599 2723 rei,
1666 2645 1806 2715 aut

314 2761 534 2851 majus
569 2782 688 2832 eo.
739 2761 1148 2832 Probatur
1197 2781 1291 2830 ex
1355 2759 1806 2832 corollario

314 2878 632 2966 quodam,
717 2876 987 2969 posito
1065 2876 1292 2969 prius
1365 2876 1442 2947 in
1513 2897 1806 2969 preecc-

311 2992 493 3066 denti
553 2993 1024 3085 quaestione,
1127 2992 1314 3083 quia
1406 2992 1474 3064 si
1532 3014 1807 3084 specu-

315 3107 446 3179 lum
511 3113 715 3182 esset
779 3108 1072 3189 minus,
1112 3108 1283 3200 jam
1350 3107 1577 3180 lineae
1636 3129 1806 3201 per-

313 3231 556 3300 tracta}
593 3249 637 3300 a
699 3249 787 3299 re
848 3227 1024 3298 visa
1086 3247 1229 3298 nec
1300 3231 1572 3300 essent
1636 3249 1806 3319 per-

315 3345 850 3434 pendiculares,
912 3364 1056 3415 nec
1125 3363 1349 3434 seque
1407 3342 1805 3421 distantes

315 3478 519 3549 super
557 3456 1068 3551 superficiem
1114 3456 1446 3548 speculi.

387 3577 742 3657 Secunde,
809 3574 1181 3666 sequitur
1258 3575 1461 3665 quod
1534 3574 1604 3647 si
1676 3596 1804 3646 res

316 3689 573 3765 directe
649 3691 1094 3784 objiciatur
1162 3691 1491 3783 speculo
1565 3691 1802 3783 plano

317 3814 609 3900 apparet
651 3831 797 3904 per
850 3831 934 3880 se
995 3813 1248 3889 tanta,
1313 3812 1616 3899 quanta
1675 3828 1804 3901 ap-

321 3930 601 4013 pareret
659 3926 728 3996 si
788 3946 918 3995 res
980 3928 1428 4015 poneretur
1486 3923 1564 3995 in
1626 3923 1803 3995 loco

319 4043 599 4133 speculi.

394 4163 718 4235 Secunda.
760 4158 1208 4240 conclusio,
1259 4160 1465 4250 quod
1509 4159 1584 4232 in
1639 4180 1807 4252 spe-

321 4277 490 4349 culis
527 4278 902 4352 convexis
957 4280 1225 4369 potest
1280 4297 1408 4346 res
1476 4296 1809 4369 appare-

325 4412 396 4464 re
432 4397 834 4468 secundum
902 4397 1158 4466 totam
1204 4412 1432 4463 suam
1497 4390 1808 4483 quanti-

324 4511 556 4593 tatem,
615 4516 694 4585 et
772 4510 1148 4601 figuram,
1233 4508 1603 4599 quamvis
1701 4508 1807 4582 sit

327 4626 544 4701 minus
583 4630 756 4721 ipsa
810 4649 898 4699 re
929 4626 1143 4707 visa;
1187 4646 1475 4697 verum
1518 4629 1642 4698 est
1695 4629 1806 4699 ta-

326 4759 475 4811 men
522 4746 716 4837 quod
771 4766 901 4816 res
961 4763 1123 4814 non
1185 4745 1455 4833 potest
1517 4762 1807 4833 reprae-

328 4861 512 4929 senta
527 4862 586 4932 ri
620 4861 1054 4933 secundum
1089 4861 1345 4932 totam
1368 4856 1542 4947 ejus
1568 4877 1808 4947 quan-

327 4971 621 5059 titatem,
711 4981 792 5050 et
867 4976 1219 5065 figuram
1306 4972 1382 5044 in
1479 4973 1807 5064 speculo

324 5108 631 5167 convexo
677 5112 1184 5185 quocumque
1247 5090 1570 5162 minori.
1622 5092 1810 5161 Pro-

325 5202 524 5278 batur
559 5207 969 5282 conclusio
1021 5228 1120 5279 ex
1175 5205 1424 5279 tertio
1465 5205 1809 5277 corolla-

329 5319 431 5392 rio
463 5327 656 5415 prius
703 5325 997 5419 posito,
1053 5323 1238 5414 quia
1295 5322 1809 5415 perpendicu-

327 5434 505 5510 lares
541 5443 947 5516 venientes
996 5440 1094 5511 ab
1151 5439 1810 5511 extremitatibus

329 5556 430 5628 rei
461 5559 644 5646 visae,
682 5560 984 5634 vadunt
1016 5557 1399 5634 continue
1433 5555 1810 5649 approxi-

1921 543 2238 614 mantes
2337 561 2583 632 super
2668 536 3179 634 superficiem
3273 558 3459 611 con-

1915 677 2231 739 vexam,
2278 662 2358 732 et
2393 679 2639 750 super
2680 663 3055 732 centrum
3101 657 3302 749 ejus.
3341 660 3461 730 Ex

1918 792 2074 863 quo
2155 773 2527 865 sequitur
2615 775 2819 867 quod
2908 795 3039 846 res
3116 776 3461 866 apparet

1923 889 2212 980 major,
2288 890 2355 963 si
2417 895 2861 983 poneretur
2920 891 3001 963 in
3058 890 3237 963 loco
3291 910 3460 982 spe-

1916 1007 2079 1078 culi
2132 1008 2499 1090 convexi,
2555 1029 2793 1101 quam
2836 1002 3179 1102 apparet
3227 1007 3295 1079 si
3348 1006 3460 1080 vi-

1915 1124 2153 1196 detur
2187 1144 2333 1216 per
2376 1124 2569 1195 illud
2603 1124 3047 1217 speculum.

2007 1241 2284 1313 Tertia
2352 1241 2795 1323 conclusio,
2869 1242 3076 1333 quod
3145 1240 3241 1312 ad
3307 1240 3458 1313 hoc

1919 1355 2124 1446 quod
2167 1359 2341 1429 tota
2384 1356 2824 1449 quantitas,
2881 1361 2960 1430 et
3010 1356 3277 1448 figura
3337 1354 3457 1428 rei

1922 1478 2617 1563 repraesententur
2662 1474 2741 1546 in
2799 1473 3127 1566 speculo
3178 1494 3462 1547 conca-

1919 1608 2044 1671 v0,
2104 1590 2566 1681 requiritur
2624 1592 2831 1683 quod
2880 1591 3299 1684 speculum
3352 1592 3462 1665 sit

1920 1704 2185 1797 majus
2238 1706 2695 1797 quantitate
2730 1707 2847 1779 rei
2897 1707 3119 1780 visae.
3168 1708 3461 1781 Proba·

1919 1824 2057 1893 tur
2087 1843 2187 1893 cx
2232 1824 2575 1896 secundo
2606 1824 3054 1897 corollario
3098 1826 3461 1918 praemis-

1921 1959 2034 2020 SO,
2103 1939 2291 2030 quia
2338 1940 2542 2013 radii
2588 1942 3301 2034 perpendiculares
3351 1943 3462 2015 in-

1920 2055 2278 2129 cidentes
2316 2058 2410 2128 ad
2450 2059 2964 2151 superficiem
2987 2080 3454 2143 concavam,

1917 2171 2219 2247 vadunt
2272 2174 2652 2247 continue
2706 2176 3157 2267 elongando
3201 2198 3284 2248 se
3337 2199 3460 2249 us-

1921 2309 2069 2380 que
2121 2289 2216 2361 ad
2256 2288 3051 2375 circumferentimm
3098 2295 3330 2367 modo
3392 2294 3462 2368 si

1922 2404 2341 2496 speculum
2377 2412 2595 2482 esset
2642 2408 2931 2491 minus,
2986 2409 3111 2482 vel
3153 2411 3462 2502 aequale

1923 2520 2041 2593 rei
2109 2522 2329 2604 visae,
2398 2544 2559 2596 non
2631 2530 2968 2617 possunt
3029 2527 3465 2619 procedere

1919 2638 2369 2728 elongando
2414 2641 2511 2713 ad
2561 2642 3079 2735 superficiem
3128 2644 3461 2737 speculi.

2011 2760 2131 2828 Ex
2177 2757 2355 2830 istis
2419 2762 2688 2850 potest
2740 2759 3053 2843 inferri,
3121 2762 3325 2853 quod
3388 2761 3467 2834 in

1925 2874 2282 2965 speculis
2337 2874 2937 2950 columnatibus
3012 2877 3275 2970 planis
3337 2899 3468 2971 ap-

1920 2995 2159 3081 paret
2207 2991 2623 3081 longitudo
2661 2992 2780 3064 rei
2857 2998 3113 3079 tanta,
3166 2999 3469 3086 quanta

1920 3112 2140 3179 esset
2188 3128 2329 3200 per
2390 3130 2498 3189 se,
2564 3112 2645 3181 et
2703 3108 3050 3181 latitudo
3113 3108 3324 3183 sicut
3385 3109 3466 3182 in

1923 3223 2278 3315 speculis
2342 3224 2644 3317 planis;
2701 3230 2782 3299 et
2853 3225 2931 3296 in
2984 3226 3465 3299 columnati-

1920 3343 2065 3414 bus
2148 3342 2527 3415 concavis
2614 3348 2957 3437 apparet
3047 3342 3463 3435 longitudo

1922 3459 2215 3551 major,
2286 3463 2367 3532 ct
2443 3459 2692 3532 etiam
2764 3459 3131 3541 latitudo,
3215 3464 3303 3533 ut
3382 3463 3461 3532 in

1919 3575 2303 3647 convexis
2342 3575 2633 3647 minor.

2009 3692 2299 3764 Restat
2356 3691 2773 3764 dicendum
2832 3692 2924 3763 de
2980 3690 3459 3767 differentiis

1921 3808 2105 3880 aliis
2164 3807 2708 3901 speculorum,
2781 3811 2862 3882 et
2912 3812 3037 3881 est
3097 3810 3457 3900 quaedam

1921 3923 2085 3996 alia
2125 3922 2605 4004 diversitas;
2652 3943 2840 3995 nam
2902 3925 3263 4014 quaedam
3299 3945 3467 4017 spe-

1920 4041 2102 4112 cula
2148 4044 2334 4113 sunt
2387 4041 2796 4122 eolorata;
2855 4042 3219 4132 quaedam
3280 4063 3463 4125 non,

1921 4163 2062 4232 aut
2117 4158 2566 4240 modicum;
2639 4163 2719 4231 et
2790 4158 2897 4233 sit
2940 4163 3132 4232 tunc
3206 4159 3472 4253 prima

1909 4273 2369 4356 conclusio,
2440 4276 2646 4365 quod
2709 4274 2776 4347 si
2849 4297 2985 4347 res
3052 4277 3474 4368 speculata

1922 4390 2295 4463 videatur
2331 4392 2633 4463 reflexa·
2682 4393 3014 4486 speculo
3067 4392 3471 4472 colorato,

1922 4527 2080 4577 non
2162 4508 2428 4579 solum
2516 4508 2944 4601 apparebit
3030 4510 3262 4582 color
3352 4508 3471 4581 rei

1925 4624 2389 4716 speculatae,
2430 4626 2563 4697 sed
2595 4625 2829 4698 color
2872 4624 3180 4699 mixtus
3213 4647 3311 4697 ex
3344 4646 3473 4698 eo-

1925 4740 2094 4811 lore
2149 4741 2480 4833 speculi,
2544 4746 2624 4815 et
2665 4742 2944 4814 colore
3000 4742 3115 4813 rei
3190 4762 3471 4834 specu-

1925 4861 2134 4932 latae.
2229 4861 2449 4933 Istud
2524 4865 2748 4954 patet
2823 4881 2969 4953 per
3052 4859 3470 4952 experien-

1925 4976 2150 5048 tiam.
2188 4979 2287 5050 Et
2320 4997 2569 5049 causa
2600 4982 2749 5060 est,
2789 4978 2977 5071 quia
3009 4997 3170 5050 non
3202 4977 3466 5049 solum

1926 5097 2250 5166 movent
2292 5093 2558 5166 visum
2607 5093 2741 5166 rei'
2771 5095 2976 5166 radii
3026 5093 3465 5186 speculatae

1924 5207 2203 5279 reflexi
2256 5229 2301 5279 a
2355 5209 2707 5302 speculo,
2775 5212 2907 5283 sed
2962 5233 3091 5283 res
3154 5211 3293 5283 illa
3347 5232 3465 5282 re-

1925 5328 2478 5416 praesentatur
2517 5327 2729 5398 visui
2777 5327 3098 5400 mixtim
3153 5327 3298 5398 sub
3344 5347 3463 5397 ra-

1920 5439 2070 5511 diis
2145 5443 2478 5534 speculi,
2555 5448 2635 5520 et
2699 5444 2949 5521 radiis
3015 5444 3135 5518 rei
3194 5464 3468 5540 specu-

1924 5555 2135 5632 latae.

3568 1266 3712 1315 Con-

3518 1328 3685 1381 clusio
3726 1327 3775 1377 3.

3588 3730 3669 3782 12.
