4252 6393
531 2035 611 2089 ¹0.

773 453 892 514 552
1937 452 2038 512 DE
2082 450 2350 514 RERUM
2394 448 2785 513 PRINClPlO

756 612 968 685 scire
1002 612 1263 684 solum
1300 611 1853 694 habitualiter,
1902 611 2018 683 sic
2050 612 2301 686 etiam

753 729 911 802 hic.
957 729 1177 801 Unde
1220 730 1315 801 ad
1356 730 1507 801 hoc
1553 730 1759 821 quod
1799 729 2070 800 anima
2120 748 2303 820 cog-

755 849 1042 920 noscat
1098 867 1181 918 se
1250 866 1452 945 esse,
1526 845 1651 917 vel
1712 845 2035 917 habitus
2095 846 2302 919 tales

754 962 1052 1035 habere
1097 961 1786 1044 habitudinaliter,
1833 983 1991 1033 non
2035 962 2304 1054 requi-

760 1081 975 1155 ritur
1043 1080 1376 1172 species,
1433 1079 1562 1151 scd
1626 1079 1800 1151 sola
1863 1079 2303 1171 praescntia

758 1197 1206 1276 habituum,
1253 1201 1335 1268 et
1370 1216 1533 1268 suae
1567 1196 1967 1269 essentiae.
2025 1197 2138 1268 Ad
2181 1216 2304 1268 ac-

758 1311 1059 1386 tualem
1112 1314 1382 1384 autem
1427 1311 1980 1402 cognitionem
2023 1313 2100 1382 et
2148 1309 2297 1391 sui,

755 1433 835 1503 ct
906 1447 1244 1501 suorum
1323 1427 1769 1508 habituum,
1847 1428 2303 1519 requiritur

755 1543 1183 1618 conversio
1236 1563 1482 1636 super
1524 1566 1632 1626 sc,
1680 1548 1758 1616 et
1823 1565 2068 1637 super
2111 1565 2301 1616 suos

755 1660 1105 1742 habitus,
1153 1681 1328 1752 quae
1373 1661 1801 1733 conversio
1854 1666 1978 1734 est
2039 1664 2296 1741 actus,

754 1798 851 1849 cx
887 1797 1042 1869 quo
1085 1781 1270 1851 actu
1307 1800 1391 1851 sc
1457 1782 1536 1851 et
1571 1777 1893 1850 habitus
1938 1799 2128 1851 suos
2170 1799 2299 1852 ac-

757 1893 1099 1967 tualiter
1128 1895 1572 1986 cognoscit.

850 2010 931 2083 Si
1001 2030 1199 2083 vero
1273 2010 1707 2103 loquamur
1791 2011 1882 2082 de
1957 2014 2301 2085 secunda

757 2127 1265 2217 cognitione,
1368 2149 1523 2220 qua
1621 2127 1935 2202 scilicet
2026 2129 2299 2201 anima

753 2244 1287 2335 cognoscitur
1318 2244 1711 2325 absolute,
1760 2248 2150 2337 quantum
2205 2247 2298 2318 ad

755 2360 1311 2451 quidditatem,
1358 2364 1437 2434 et
1489 2361 2044 2453 proprietates
2091 2382 2301 2434 com-

755 2498 1035 2550 munes
1100 2480 1319 2552 omni
1388 2480 1709 2560 animae,
1803 2480 2104 2552 iterum
2175 2485 2300 2554 est

749 2593 1429 2686 distinguendum.
1536 2596 1650 2668 Ad
1744 2597 2299 2687 cognitionem

753 2710 969 2782 enim
1009 2711 1099 2782 de
1153 2732 1240 2782 rc
1302 2711 1486 2803 quid
1547 2712 1698 2792 sit,·
1743 2713 1896 2784 duo
1967 2733 2300 2785 concur-

754 2829 970 2909 runt,
1018 2827 1331 2901 scilicet
1399 2827 1964 2921 apprehensio,
2002 2830 2300 2922 etjudi-

2415 630 2515 681 ex
2556 609 2734 691 hoc,
2784 610 2987 701 quod
3028 613 3153 683 est
3186 608 3478 682 talium
3513 607 3933 680 formarum

2417 725 2909 818 susceptiva.

2503 843 2833 916 Veritas
2899 846 3171 915 autem
3260 844 3446 925 ista,
3524 845 3610 916 ut
3667 841 3933 922 dicunt,

2417 962 2665 1051 patet,
2696 959 3176 1032 attendendo
3212 958 3562 1039 modum,
3603 977 3758 1048 quo
3791 956 3935 1029 Phi·

2417 1072 2736 1167 losophi
2772 1078 3157 1147 naturam
3199 1075 3494 1148 animae
3535 1074 3939 1165 investiga-

2419 1194 2634 1264 runt.
2707 1194 2826 1263 Ex
2903 1191 3055 1264 hoc
3134 1194 3351 1266 enlm
3414 1193 3623 1286 quod
3698 1190 3937 1264 anima

2413 1309 2811 1382 veritates
2873 1329 3177 1392 rerum,
3255 1331 3391 1382 seu
3457 1308 3933 1384 universales

2414 1430 2756 1498 naturas
2824 1426 3274 1516 cognoscit,
3350 1426 3705 1520 percipit
3764 1424 3937 1517 quod

2418 1542 2728 1635 species
2828 1563 2973 1635 per
3043 1562 3285 1635 quam
3349 1542 3769 1635 intelligit,
3833 1544 3936 1614 est

2417 1659 3020 1742 immaterialis,
3104 1680 3248 1732 nec
3309 1661 3404 1733 ad
3471 1660 3625 1733 hoc
3695 1682 3779 1733 se
3830 1681 3938 1732 ex-

2416 1777 2668 1850 tendit
2742 1798 2884 1869 per
2945 1777 3399 1870 potentiam
3460 1776 3936 1848 sensitivam.

2416 1896 2516 1965 Et
2577 1914 2675 1964 ex
2734 1893 2884 1967 hoc
2944 1895 3153 1986 quod
3230 1895 3538 1987 species
3618 1899 3742 1968 est
3823 1893 3940 1964 im-

2416 2008 2899 2090 materialis,
2965 2010 3246 2101 arguit
3298 2009 3749 2104 potentiam
3789 2030 3941 2082 esse

2415 2124 3071 2209 immaterialem,
3205 2129 3282 2198 et
3396 2146 3494 2197 ex
3572 2125 3727 2198 hoc
3791 2124 3940 2197 sub‹

2415 2242 2806 2314 stantiam
2875 2243 3191 2323 animae,
3231 2243 3311 2315 in
3354 2263 3510 2335 qua
3552 2243 3941 2316 radicatur

2408 2356 2550 2430 illa
2643 2358 3033 2450 potentia,
3136 2380 3316 2431 esse
3449 2359 3936 2432 immateria-

2414 2471 2573 2542 lem
2617 2493 2761 2564 pcr
2792 2494 3318 2566 consequens.
3359 2476 3457 2546 Et
3494 2475 3610 2547 sic
3651 2496 3749 2547 ex
3782 2494 3941 2568 pro·

2418 2588 2933 2680 prietatibus,
2981 2595 3059 2663 et
3122 2591 3568 2683 speciebus,
3630 2593 3709 2665 et
3770 2590 3939 2664 acti-

2413 2702 2558 2776 bus
2591 2704 2868 2795 arguit
2890 2705 2981 2776 de
3003 2727 3087 2778 se
3124 2706 3323 2798 ipsa,
3351 2707 3537 2799 quid
3563 2706 3697 2779 sit.
3736 2707 3938 2778 Hunc

2417 2820 2737 2891 modum
2815 2821 3246 2896 confirmat
3323 2823 3816 2897 Aristoteles
3881 2825 3935 2892 3.

2413 2938 2495 3004 dc
2559 2942 2807 3008 Anima
2866 2954 3025 3010 leave.
3090 2944 3155 3013 7.
3211 2944 3277 3014 8.
3349 2946 3429 3016 ot
3490 2946 3597 3016 15.
3660 2944 3937 3024 dicens,

418 2953 712 3045 Coonqsce-
753 2942 968 3014 cium
1029 2943 1121 3015 de
1183 2964 1292 3015 re.
1351 2944 1432 3017 Si
1478 2943 2045 3018 consideretur
2099 2967 2298 3036 ergo

405 3030 733 3141 ἕῖἕιῖἶῖηἷῖ
758 3059 1120 3151 cognitio
1186 3061 1502 3141 animae,
1559 3065 1949 3152 quantum
2018 3062 2112 3134 ad
2171 3084 2299 3155 ap-

502 3157 641 3194 nem.
760 3175 1405 3270 prehensionem,
1450 3176 1752 3251 dicitur
1784 3180 1957 3267 quod
1987 3182 2151 3267 quid
2181 3194 2294 3262 cst,

756 3314 894 3365 scu
963 3297 1261 3367 natura
1337 3313 1603 3365 causae
1665 3293 2302 3386 apprehenditur

2415 3054 2621 3143 quod
2682 3053 3142 3129 intellectus
3199 3061 3323 3130 cst
3387 3058 3936 3148 intelligibilis,

2504 3171 2582 3244 si
2620 3176 2892 3247 autem
2921 3174 3467 3267 loquamurdc
3491 3177 3938 3270 cognitione
3968 3170 4134 3299 4⁰9ss

2415 3288 2706 3360 animm
2741 3291 3426 3383 quoadJudicium,
3467 3314 3622 3384 quo
3648 3294 4134 3410 56111οθ1νεώιςὲζυι1

754 3429 900 3500 per
969 3409 1302 3501 species,
1379 3429 1575 3501 quas
1645 3408 2202 3481 abstrahimus
2256 3432 2295 3482 a

755 3523 1151 3596 sensibus
1202 3525 1445 3597 Ratio
1493 3528 1762 3596 autem
1828 3524 2066 3617 hujus
2108 3527 2303 3598 dicti

752 3644 900 3720 est,
949 3640 1138 3732 quia
1180 3640 1388 3713 sicut
1443 3641 1790 3714 materia
1851 3641 2119 3733 prima
2179 3647 2302 3716 est

751 3757 834 3829 in
868 3758 1233 3850 potentia
1266 3756 1360 3827 ad
1395 3777 1670 3827 omncs
1703 3758 2014 3829 formas
2057 3761 2304 3830 matc-

756 3873 1027 3951 riales,
1067 3873 1184 3945 sic
1221 3872 1683 3946 intellectus
1718 3874 1811 3945 ad
1840 3893 2117 3945 omnes
2145 3874 2301 3946 for-

758 4005 930 4058 mas
987 3986 1568 4076 intelligibiles.
1632 3987 1850 4060 Unde
1891 3989 1972 4061 in
2018 3988 2301 4062 ordine

755 4100 1398 4193 intelligibilium
1441 4103 1557 4175 sic
1600 4108 1725 4178 est
1761 4106 2124 4196 potentia
2168 4128 2300 4199 pu-

757 4238 875 4297 ra,
930 4221 1014 4290 ut
1079 4218 1429 4290 materia
1484 4218 1565 4291 in
1623 4220 1902 4291 ordine
1969 4223 2300 4295 sensibi-

753 4336 1003 4409 lium:
1061 4339 1139 4409 et
1203 4337 1377 4409 ideo
1449 4337 1660 4411 sicut
1719 4340 2068 4412 materia
2143 4363 2298 4415 non

750 4458 873 4526 est
918 4452 1352 4535 sensibilis,
1390 4455 1548 4527 nisi
1583 4476 1727 4548 per
1770 4456 2121 4529 formam
2168 4482 2297 4530 su-

751 4572 1381 4663 pervenientem,
1444 4572 1559 4644 sic
1607 4592 1750 4644 nec
1801 4573 2292 4660 intellectuS,

750 4687 909 4759 nisi
973 4707 1117 4780 per
1165 4687 1520 4761 sormam
1566 4708 1812 4780 super
1854 4688 2290 4776 inductam,

750 4821 994 4895 quam
1024 4808 1297 4891 speciem
1341 4805 1890 4876 communiter
1939 4806 2296 4899 appella-

752 4938 955 4991 mus.
1015 4918 1257 5001 Unde,
1323 4922 1409 4991 ut
1476 4920 1669 4993 dicit
1731 4919 1900 4993 haec
1957 4922 2289 5013 positio,

750 5056 974 5107 mens
1018 5038 1303 5108 nostra
1343 5057 1504 5108 non
1559 5040 1825 5129 potest
1875 5060 1958 5109 sc
2011 5059 2293 5131 appre-

745 5148 1114 5231 hendere,
1190 5150 1302 5223 ita
1346 5151 1552 5242 quod
1596 5152 1949 5245 seipsam
2013 5152 2293 5225 imme-

743 5268 958 5340 diate
982 5268 1573 5361 apprehendat;
1614 5268 1743 5339 sed
1777 5289 1874 5340 cx
1905 5267 2052 5340 hoc
2088 5269 2292 5361 quod

745 5382 908 5455 alia
951 5382 1505 5476 apprehendit,
1542 5384 1856 5454 devenit
1897 5385 1972 5455 in
2009 5384 2134 5456 sui
2178 5386 2294 5477 ip-

746 5500 914 5572 sius
981 5500 1554 5589 cognitionem,
1644 5500 1855 5574 sicut
1923 5505 2003 5573 ct
2064 5505 2291 5573 natu-

746 5635 922 5689 ram
978 5617 1344 5689 materiw
1392 5618 1672 5710 primae
1718 5620 2288 5707 cognoscimus

2417 3405 2971 3495 imaginamur
3001 3408 3091 3479 de
3134 3408 3409 3481 anima
3450 3410 3632 3502 quid
3702 3411 3828 3489 sit,
3872 3413 3947 3480 ut

2416 3521 3141 3613 apprehendamus,
3223 3528 3301 3597 et
3389 3525 3945 3599 concludamus

2413 3638 2887 3712 deductione
2920 3642 3307 3733 praedicta
3330 3643 3512 3733 quid
3546 3645 3777 3716 estin
3800 3642 3947 3713 ani-

2417 3774 2548 3825 ma
2612 3755 2786 3828 :sic
2851 3757 3301 3847 cognoscit,
3367 3760 3452 3830 ut
3501 3759 3803 3840 dicunt,
3873 3778 3947 3828 se

2417 3869 2705 3961 ipsam,
2748 3871 3227 3963 inquantum
3273 3872 3641 3947 intuetur
3677 3875 3945 3946 immu-

2413 3985 2745 4058 tabilem
2803 3990 3267 4072 veritatem,
3347 4012 3523 4081 quae
3576 3998 3702 4066 cst
3755 4012 3944 4084 quae-

2413 4112 2592 4183 dam
2650 4115 2934 4203 regula
2977 4116 3225 4189 menti
3272 4119 3579 4188 nostrae
3626 4117 3947 4212 impres-

2415 4259 2528 4319 sa,
2612 4240 2707 4312 ad
2780 4261 3020 4332 quam
3109 4242 3593 4326 reducimuS,
3667 4248 3747 4317 et
3816 4262 3947 4337 per

2415 4384 2650 4456 quam
2686 4369 3251 4440 examinamus
3278 4370 3550 4442 omnia
3583 4392 3764 4443 esse
3797 4392 3947 4443 rec-

2410 4492 2520 4571 ta,
2561 4512 2733 4581 quse
2779 4494 3262 4585 judicamus,
3310 4497 3744 4568 secundum
3784 4496 3949 4568 doc-

2411 4613 2717 4686 trinam
2821 4616 3254 4707 Augustini
3338 4621 3406 4690 9.
3485 4619 3578 4690 de
3660 4618 3941 4691 Trinit.

2410 4761 2582 4833 cap.
2625 4743 2691 4813 6.
2729 4744 2811 4812 ut
2857 4742 2972 4813 sic
3014 4742 3449 4814 secundum
3491 4742 3696 4815 hanc
3742 4742 3946 4837 posi-

2407 4866 2715 4938 tionem
2778 4886 3000 4937 mens
3052 4869 3339 4939 nostra
3407 4872 3947 4960 cognoscatur

2406 5011 2583 5062 esse
2618 4989 3152 5062 habitualiter
3196 5012 3338 5084 per
3386 4991 3778 5084 seipsam;
3820 4990 3943 5062 sed

2409 5137 2555 5209 per
2586 5120 2813 5189 actus
2859 5136 3047 5187 suos
3092 5118 3534 5191 actualiter
3586 5121 3789 5212 quod
3846 5119 3944 5211 ip·

2406 5261 2497 5314 sa
2533 5240 2661 5322 sit,
2711 5240 3140 5333 arguitive,
3186 5263 3596 5335 nunquam
3648 5242 3945 5318 intuiti-

2402 5387 2523 5448 ve,
2563 5365 2639 5437 in
2674 5366 2821 5439 hac
2855 5366 3028 5439 vita.
3060 5389 3206 5460 per
3240 5368 3552 5461 specics
3604 5369 3945 5440 aliarum

2407 5513 2710 5574 rerum,
2747 5495 2825 5564 et
2861 5497 3255 5585 peractus
3291 5515 3480 5568 suos
3514 5494 3944 5588 apprehen-

2405 5618 3087 5711 sive;judicativc
3121 5642 3343 5703 verO,
3391 5624 3469 5692 et
3548 5617 3941 5694 definitive
