4252 6393
666 412 786 478 382
1858 415 1958 478 DE
2001 414 2267 478 RERUM
2310 415 2697 478 PRINCIPIO

651 574 730 646 in
793 574 1150 666 quolibet
1192 593 1487 666 genere
1540 572 1757 652 illud,
1831 573 1927 644 ad
1985 575 2194 665 quod
2302 576 2429 647 vel
2496 595 2790 667 genere
2850 576 3377 650 subalterno:
3442 581 3524 652 et
3580 579 3835 654 simile

649 689 1006 781 primum
1092 687 1330 762 habet
1432 694 1854 781 aspectum
1940 709 2188 779 agens
2301 691 2479 765 dico
2551 693 2628 765 in
2680 694 2995 768 artibus
3036 697 3117 768 et
3195 694 3569 777 materia,
3643 717 3833 788 quas

646 807 867 879 illius
937 806 1286 896 generis,
1353 807 1558 898 quod
1618 807 1698 879 in
1769 807 1987 879 omni
2040 828 2188 880 sua
2298 808 2639 881 diversae
2726 815 2949 884 artes
3046 811 3196 883 sibi
3262 812 3830 904 appropriant,

646 924 969 997 actione
1022 924 1605 1016 praesupponit,
1677 930 1756 997 et
1825 926 1920 996 ad
1981 926 2187 1016 quod

647 1060 924 1113 omnes
967 1045 1223 1122 actuS,
1266 1060 1463 1132 quos
1497 1040 1761 1113 educit
1796 1041 2179 1115 resolvit:

2302 931 2388 998 ut
2486 948 2621 999 ars
2720 925 3039 1001 fabrilis
3136 928 3474 1010 ferrum,
3573 927 3833 1021 lignea

2299 1039 2633 1129 lignum,
2672 1047 2752 1116 et
2795 1043 2909 1115 sic
2940 1045 3032 1115 de
3065 1042 3276 1115 aliis.

645 1158 774 1231 Sic
825 1159 1028 1240 dico,
1102 1158 1309 1250 quod
1379 1157 1966 1249 generabilium
2023 1178 2184 1229 om·
2385 1159 2605 1239 Quod
2662 1164 2935 1233 autem
2998 1161 3346 1234 materia
3406 1163 3833 1235 secundum
3956 1200 4022 1250 ³2.

330 1306 572 1358 Materia
641 1274 866 1346 nium
908 1278 1033 1347 est
1077 1274 1251 1345 sola
1292 1294 1449 1345 una
1499 1275 1847 1347 materia
1908 1274 2183 1346 homo·
2295 1273 2660 1346 diversos
2694 1281 3073 1369 aspectus
3116 1278 3211 1350 ad
3241 1276 3564 1350 diversa
3604 1299 3832 1370 agen-

286 1369 579 1494 Ρξῖἷξξέἶζ,
641 1410 917 1480 genea,
984 1410 1160 1482 quae
1237 1395 1361 1463 est
1424 1391 1658 1462 modo
1719 1396 2175 1473 contracta,
2295 1388 2410 1462 tia
2445 1391 2550 1464 sit
2581 1392 2930 1475 diversa,
2970 1398 3050 1468 et
3100 1414 3260 1465 non
3299 1392 3826 1485 homogenea,

286 1493 576 1604 „2235ss
636 1513 717 1581 et
779 1506 1046 1579 forma
1134 1506 1676 1588 substantiali,
1754 1508 2178 1581 admodum
2296 1509 2665 1598 quamvis
2756 1530 3041 1583 sensus
3127 1512 3656 1585 discurrendo
3755 1512 3828 1583 in

286 1616 603 1740 {²233}ss
634 1622 1181 1718 corruptibili,
1232 1624 1542 1706 induta3
1579 1629 1660 1697 et
1712 1624 1791 1696 in
1830 1625 2175 1697 diversis
2293 1628 2662 1701 omnibus
2720 1628 2872 1703 hoc
2927 1631 3322 1714 ostendat,
3380 1632 3595 1705 ratio
3639 1632 3830 1706 ulte-

353 1750 559 1867 Jffif‘
634 1741 1058 1834 agentibus
1115 1742 1455 1815 diversae
1536 1747 1722 1816 sunt
1804 1744 2172 1816 matcriae
2291 1743 2464 1815 rius
2540 1744 2691 1818 hoc
2777 1747 3164 1822 declarat.
3249 1748 3552 1831 Primo,
3645 1749 3830 1841 quia

347 1868 509 1920 num.
631 1859 1204 1952 particulares,
1264 1859 1698 1932 secundum
1750 1860 2172 1934 diversita-
2288 1861 2637 1933 materia
2711 1863 3013 1937 dicitur
3080 1864 3161 1935 in
3221 1864 3590 1958 potentia
3659 1884 3828 1936 res-

627 1980 793 2049 tem
846 1977 1286 2069 agentium,
1358 1997 1518 2049 non
1588 1976 1951 2058 univoce,
2025 1999 2169 2051 nec
2287 1981 2519 2068 pectu
2620 1980 2909 2054 formae
3007 1983 3590 2075 suscipiendae;
3694 1983 3824 2055 sed

627 2092 865 2164 unius
935 2092 1310 2173 rationis,
1383 2097 1470 2166 ut
1529 2097 1719 2165 sunt
1801 2094 2168 2166 materiae
2284 2096 2652 2185 quamvis
2730 2097 3079 2171 materia
3152 2103 3375 2187 primo
3440 2103 3669 2187 prima
3735 2099 3824 2171 de

623 2210 1143 2303 propinquae;
1224 2213 1315 2283 ut
1382 2208 1545 2280 alia
1613 2209 1961 2282 materia
2044 2214 2169 2284 est
2283 2229 2367 2281 se
2453 2209 2745 2286 habeat
2829 2217 3249 2306 aspectum
3331 2214 3425 2285 ad
3503 2234 3823 2287 omnem

624 2325 1135 2418 aquatilium,
1224 2324 1386 2397 alia
1464 2325 1905 2407 fructuum,
2003 2326 2167 2399 alia
2281 2325 2658 2411 formam,
2707 2334 2795 2402 ut
2839 2351 3019 2403 eam
3070 2329 3414 2423 recipiat
3447 2330 3546 2403 ab
3583 2351 3825 2423 agen-

619 2441 946 2525 ficuum,
1040 2441 1201 2514 alia
1290 2462 1745 2534 pomorum.
1828 2445 1928 2516 Et
2004 2443 2164 2517 isto
2279 2448 2382 2525 te,
2445 2447 2573 2518 cui
2619 2448 2884 2520 solum
2941 2447 3396 2541 subjicitur,
3461 2450 3668 2541 quod
3701 2452 3823 2522 est

622 2559 854 2630 modo
903 2558 1188 2632 debent
1224 2558 1570 2650 intelligi
1606 2560 1876 2631 omnia
1915 2562 2163 2632 verba
2278 2562 2500 2634 solus
2585 2566 2825 2646 Deus,
2917 2566 3128 2639 sicut
3202 2566 3377 2657 jam
3459 2564 3815 2645 dicetur:

619 2674 1329 2768 Philosophorum,
1393 2676 1528 2767 qui
1585 2675 1857 2750 dicunt
1916 2683 2161 2751 mate·
2277 2680 2625 2753 materia
2697 2684 2981 2751 secundo
3042 2686 3268 2772 prima
3363 2681 3817 2774 potentiam

617 2791 827 2864 riam
851 2793 1463 2868 esse'diversam
1497 2795 2157 2888 corruptibilium
2271 2816 2432 2866 non
2489 2795 2728 2871 habet
2763 2798 2922 2879 sic;
2994 2818 3156 2869 non
3206 2797 3420 2870 enim
3466 2797 3816 2870 materia
3846 2867 4085 2919 Μῶφι

614 2913 696 2982 et
740 2909 1510 3004 incorruptibilium,
1560 2914 1766 3005 quod
1826 2913 2157 3005 loquun-

613 3030 754 3100 tur
809 3028 900 3100 de
960 3028 1310 3102 materia
1363 3029 1701 3122 propria
1765 3034 1845 3102 et
1893 3031 2155 3102 deter-

612 3143 945 3227 minata,
1012 3166 1156 3239 per
1199 3147 1468 3229 talem,
1542 3151 1622 3221 et
1673 3148 1919 3222 talem
1994 3147 2153 3219 for-

610 3280 852 3334 mam.
900 3264 1002 3337 Et
1034 3262 1114 3334 in
1156 3263 1719 3356 spiritualibus
1752 3286 1899 3359 per
1940 3266 2153 3341 aliud

604 3382 731 3451 est
792 3377 1141 3450 materia
1202 3378 1346 3449 sub
1395 3379 1662 3452 forma
1706 3380 2146 3472 spirituali,

606 3494 795 3586 quia
846 3515 989 3589 per
1047 3494 1594 3588 privationem
1665 3497 2150 3588 quantitatis

605 3613 793 3683 actu
835 3614 914 3684 et
947 3611 1337 3703 potentia,
1404 3616 1482 3683 et
1522 3632 1666 3705 per
1698 3613 2147 3704 potentiam

606 3724 1190 3819 simplicitatiS,
1236 3732 1316 3801 ct
1367 3728 1446 3799 in
1489 3728 1974 3819 corporibus
2036 3730 2146 3802 in-

602 3842 1274 3937 corruptibilibus
1362 3865 1508 3937 per
1609 3844 1858 3926 aliud,
1959 3846 2147 3937 quia

602 3979 747 4052 per
788 3960 1277 4034 additionem
1328 3961 1615 4033 formae
1660 3962 2145 4037 substantia-

598 4076 701 4148 lis
759 4077 1156 4172 disposita
1217 4080 1701 4171 quantitate,
1785 4085 1864 4154 ct
1894 4083 2143 4155 talem

600 4196 1035 4268 materiam
1127 4202 1770 4291 praesupponunt
1858 4197 2142 4271 formae

598 4310 1179 4385 substantiales
1256 4313 1674 4385 coelorum.
1767 4316 1866 4387 Et
1946 4315 2142 4389 ulte-

598 4426 771 4500 rius
813 4448 959 4521 per
1008 4430 1434 4521 quamdam
1488 4430 1735 4502 aliam
1786 4429 2138 4503 formam

599 4542 1178 4640 incompletam
1239 4548 1817 4639 praecedentem
1867 4547 2139 4621 imme-

592 4660 805 4736 diate
878 4684 1197 4737 omnem
1274 4663 1627 4736 formam
1708 4664 2139 4739 elementa-

593 4794 768 4849 rem
816 4782 897 4852 et
956 4778 1529 4870 generabilem,
1579 4777 1725 4850 sub
1778 4800 1932 4871 qua
1976 4801 2136 4852 ma-

2271 2912 2473 2994 coeli,
2545 2918 2633 2987 ut
2700 2919 2824 2988 est
2883 2913 3232 2987 materia
3293 2914 3630 3008 propria
3707 2913 3816 2986 in·
3861 2930 4102 2997 usqu.

2270 3029 2958 3123 corruptibilium,
3023 3031 3261 3104 estin
3305 3030 3671 3123 potentia
3722 3029 3814 3101 ad

2268 3143 2622 3220 formam
2715 3148 3119 3232 elementi,
3223 3169 3366 3222 nec
3468 3147 3817 3221 materia

2266 3266 2931 3367 corruptibilium
3001 3266 3518 3339 ad'formam
3592 3265 3807 3345 coeli;

2262 3401 2463 3472 ergo
2499 3382 2566 3453 si
2602 3382 2985 3474 potentiae
3023 3381 3456 3474 receptivae
3508 3380 3818 3452 forma-

2266 3516 2448 3569 rum
2482 3498 2559 3570 in
2582 3498 2924 3571 diversis
2954 3498 3380 3590 generibus
3402 3497 3811 3579 differunt,

2265 3615 2616 3687 maxime
2673 3638 2854 3689 cum
2913 3618 3075 3691 sint
3132 3617 3337 3690 idem
3419 3637 3529 3697 re,
3605 3615 3814 3707 quod

2262 3732 2641 3825 subjectae
2712 3735 3102 3816 materiae,
3158 3739 3238 3807 et
3296 3734 3492 3826 ipsae
3553 3732 3806 3805 etiam

2261 3849 2628 3923 materiae
2669 3851 2945 3922 eodem
2980 3851 3212 3923 modo
3256 3869 3624 3929 numero,
3678 3847 3807 3920 vel

2260 3966 2550 4058 specie,
2612 3966 2738 4038 vel
2798 3985 3094 4057 genere
3146 3950 3617 4039 subalterno
3661 3964 3805 4038 dif-

2257 4081 2548 4156 ferent.

2346 4202 2447 4273 Et
2525 4203 2649 4272 est
2692 4198 3265 4272 attendendum
3336 4198 3541 4290 quod
3600 4198 3796 4281 dixi,
3859 4226 4076 4282 Materia

2258 4317 2464 4408 quod
2524 4317 2892 4409 potentia
2964 4316 3545 4389 universaliter
3631 4336 3800 4389 non

2255 4437 2684 4505 contracta
2725 4437 2849 4506 est
2892 4432 3258 4505 materiae
3285 4436 3507 4521 primo
3558 4438 3805 4521 primm

2256 4549 2636 4641 propria;
2685 4550 2872 4641 quia
2917 4549 3266 4622 materia
3303 4553 3525 4639 primo
3569 4553 3802 4638 prima

589 4893 803 4967 teria
869 4900 992 4969 est
1053 4895 1508 4988 subjectum
1576 4895 2132 4986 generationis
2250 4897 2643 4981 salvatur,
2691 4920 2829 4970 seu
2892 4900 3000 4972 sit
3060 4905 3418 4979 extensa,
3459 4920 3596 4971 seu
3632 4918 3795 4970 non

587 5010 1077 5084 universale.
1128 5014 1227 5086 Et
1262 5014 1404 5086 illa
1473 5017 1597 5085 est
1659 5011 1949 5090 forma,
1990 5013 2136 5084 sub
2245 5017 2608 5087 extensa.

2708 5016 2863 5086 Per
2943 5017 3150 5107 quod
3239 5019 3486 5108 patet,
3589 5012 3797 5106 quod

586 5149 742 5221 qua
827 5130 1045 5203 Deus
1140 5130 1456 5203 creavit
1544 5130 1810 5221 hylen,
1882 5134 1962 5203 et
2052 5129 2131 5202 in
2248 5130 2598 5202 materia
2651 5131 2937 5221 Angcli
2981 5153 3126 5225 per
3184 5132 3670 5205 additionem
3706 5150 3793 5201 se

582 5245 926 5337 singulis
969 5247 1294 5338 generis
1337 5245 1706 5339 partibus
1748 5245 1923 5317 dico
1975 5266 2131 5318 ma-

578 5362 832 5435 terias
901 5364 1309 5457 proprias‚
1378 5367 1464 5436 ut
1522 5362 1815 5435 habent
1856 5382 2131 5455 aspec-

2242 5244 2505 5325 habet,
2543 5250 2622 5320 ct
2674 5268 2817 5340 per
2861 5249 3285 5339 quamdam
3351 5244 3796 5320 communi-

2243 5362 2649 5436 cationem
2709 5365 2804 5436 ad
2871 5365 3123 5447 illam,
3208 5366 3397 5456 quia
3460 5365 3601 5438 illa
3672 5364 3790 5436 sic

580 5479 754 5550 tum
823 5479 1545 5572 proportionatum
1631 5478 1725 5549 ad
1800 5480 2128 5570 agentia
2242 5483 2367 5552 est
2435 5479 2759 5572 privata
2839 5482 3322 5573 quantitate,
3399 5480 3606 5573 quod
3677 5478 3790 5551 in-

580 5591 799 5666 illius
854 5595 1177 5686 generis
1232 5594 1563 5668 differre
1636 5595 1764 5668 vel
1832 5597 2120 5688 specie,

2245 5599 2635 5690 quantum
2698 5596 2893 5671 talis
2946 5603 3270 5682 natura,
3345 5616 3490 5671 nec
3567 5599 3781 5679 actu,

3827 4294 3996 4357 primo
4015 4286 4112 4351 pri·

3859 4370 3944 4405 ma
3975 4352 4036 4399 Ιια

3828 4415 4092 4482 potentiam

3832 4480 4092 4528 universa—

3857 4541 3954 4589 lem
3979 4549 4072 4587 non

3853 4610 4077 4653 contrac-

2252 4666 2765 4741 abstrahitur
2853 4667 2951 4738 ab
3049 4667 3263 4738 omni
3369 4665 3638 4738 forma
3716 4666 3798 4737 et
3915 4673 4034 4714 ‘⁶¹³⁸-

2248 4783 2745 4864 extcnsione,
2807 4783 2922 4856 sic
2979 4783 3185 4874 quod
3245 4783 3420 4874 eius
3493 4786 3795 4855 natura
