4252 6393
330 2334 516 2399 q.1.n.
557 2333 642 2386 ει.

449 4087 522 4136 10.

676 402 793 465 330

671 564 899 656 prius
939 569 1020 637 et
1054 565 1366 657 primus
1409 566 1741 639 effectus
1775 568 1899 637 est
1941 569 2206 639 trans-

674 682 1021 755 mutatio
1117 687 1196 755 et
1292 688 1588 790 motus,
1689 704 1849 756 non
1936 688 2210 755 autem

670 818 847 869 esse
891 798 1365 889 inquantum
1419 799 1635 877 tale,·
1665 800 1868 890 quod
1903 820 2079 870 esse
2120 799 2212 870 de

670 937 754 987 se
822 935 981 986 non
1049 915 1242 989 dicit
1310 916 1668 1007 aliquam
1752 916 2213 1008 potentiali-

667 1036 949 1105 tatcm.
998 1033 1079 1106 si
1123 1037 1397 1106 autem
1444 1033 1522 1105 in
1563 1058 1697 1101 esse
1747 1033 2213 1106 inveniatur

666 1149 1177 1242 imperfectio
1254 1151 1380 1222 vel
1426 1151 2014 1243 potentialitas
2060 1150 2211 1223 hoc

667 1287 827 1337 non
914 1270 1039 1339 est
1119 1267 1439 1340 ratione
1507 1268 1632 1339 sui
1730 1268 2209 1358 inquantum

670 1382 856 1463 tale,
913 1384 1045 1455 sod
1090 1384 1409 1457 ratione
1451 1384 1628 1477 ejus
1666 1385 1743 1456 in
1796 1404 1949 1476 quo
2014 1383 2213 1455 reci-

675 1501 919 1594 pitur,
1014 1503 1201 1593 quia
1277 1523 1439 1575 non
1513 1508 1636 1576 est
1705 1527 1837 1571 esse
1906 1503 2211 1596 simpli-

673 1618 905 1700 citer,
999 1619 1130 1689 sed
1202 1624 1614 1711 receptum
1686 1624 1764 1692 ct
1841 1624 2213 1693 contrac-

674 1738 889 1815 tum;
937 1734 1195 1823 igitur
1233 1756 1410 1807 csse
1472 1737 1948 1827 inquantum
2022 1737 2207 1819 tale,

678 1851 932 1925 solius
973 1851 1119 1924 Dei
1159 1857 1283 1925 est
1346 1853 1705 1934 effectus,
1776 1853 1963 1944 quia
2006 1853 2083 1924 in
2117 1876 2212 1925 eo

674 1989 837 2039 non
869 1972 994 2041 est
1053 1969 1445 2043 admixtio
1506 1970 1880 2043 essentia]
1938 1976 2017 2044 ot
2082 1992 2213 2063 po·

675 2084 974 2167 tentiae,
1035 2106 1216 2157 cum
1280 2086 1387 2159 sit
1429 2093 1661 2160 actus
1722 2088 2060 2179 primus,
2134 2092 2214 2159 et

678 2222 952 2294 purus,
1030 2207 1116 2276 ut
1187 2208 1600 2276 ostensum
1672 2203 1823 2277 fuit
1901 2205 1982 2274 in
2049 2203 2215 2275 alia

673 2318 1145 2410 quaestione.
1218 2320 1435 2402 Quod
1502 2345 1635 2388 esse
1703 2320 1808 2393 sit
1876 2320 2212 2392 effectus

673 2434 1056 2527 proprius
1116 2434 1286 2514 Dei,
1333 2439 1714 2508 asserunt
1793 2436 2070 2509 Sancti
2133 2440 2213 2509 et

674 2551 1170 2644 Philosophi.
1225 2550 1441 2624 Dicit
1475 2551 1689 2622 enim
1739 2552 2208 2642 Dionysius,

669 2694 726 2737 c.
773 2672 835 2741 1.
881 2671 964 2736 de
1006 2670 1223 2737 divin.
1268 2671 1534 2737 Nomia.
1600 2669 1809 2760 quod
1862 2670 2212 2741 maxime

670 2784 1004 2857 effectus
1070 2784 1216 2856 Dei
1272 2789 1397 2857 cst
1476 2807 1677 2857 esse.
1750 2788 1920 2858 Hoc
2010 2787 2212 2860 idem

673 2905 1290 2975 Commentator
1361 2923 1606 2994 super
1661 2906 1728 2974 2.
1813 2905 2213 2992 Metapleysi-

670 3044 784 3102 cce,
844 3031 1002 3089 text.
1074 3042 1237 3087 com.
1308 3022 1371 3091 lt.
1433 3019 1624 3092 Vult
1673 3020 1920 3093 Otia-m
1981 3024 2216 3094 Com-

674 3138 1087 3209 mentator
1165 3136 1372 3227 quod
1440 3135 1546 3211 sit
1612 3157 1859 3209 unum
1922 3159 2063 3230 per
2134 3160 2216 3209 so

671 3275 839 3335 enS,
886 3274 931 3324 a
983 3273 1139 3344 quo
1222 3253 1494 3325 omnia
1556 3254 1901 3329 habeant
1988 3276 2211 3336 essm

676 3371 871 3442 illud
948 3390 1144 3460 ergo
1218 3372 1424 3460 quod
1494 3391 1652 3442 non
1723 3375 1847 3445 ost
1917 3392 2063 3463 per
2134 3394 2217 3443 so

673 3508 839 3566 ens,
897 3487 1028 3558 scd
1072 3487 1515 3579 participat
1548 3509 1725 3559 esse
1766 3490 2042 3580 (qualo
2093 3493 2218 3561 cst

676 3621 911 3672 omne
977 3606 1345 3674 creatum
1414 3605 1619 3690 (non
1709 3607 1973 3694 potest
2041 3625 2218 3674 esse

677 3717 1144 3790 immediata
1201 3739 1491 3800 causa;
1566 3739 1764 3809 ergo
1851 3723 1974 3792 cst
2042 3720 2217 3810 ojus

673 3835 1043 3909 causatio
1115 3837 1514 3910 medianto
1557 3841 1780 3909 motu
1836 3841 1915 3909 et
1960 3841 2222 3910 trans-

677 3952 1156 4025 mutatione.

765 4078 885 4148 Ex
965 4076 1090 4147 his
1177 4076 1594 4158 concludo,
1706 4078 1912 4168 quod
2008 4079 2222 4153 sicut

679 4222 911 4275 omne
953 4205 1321 4273 creatum
1363 4201 1600 4274 habet
1634 4206 2021 4295 tanquam
2067 4205 2223 4297 pri-

682 4349 900 4399 mum
950 4327 1352 4409 effectum,
1404 4328 1531 4399 vel
1604 4332 2222 4405 transmutatio-

676 4474 882 4535 nem,
938 4454 1067 4524 vel
1111 4456 1447 4534 motum,
1512 4475 1693 4526 cum
1738 4456 1897 4528 ista
1956 4479 2223 4530 neces-

683 4578 905 4650 sario
995 4583 1632 4672 praesupponant
1728 4582 2217 4674 subjectum,

682 4705 1054 4796 sequitur
1121 4706 1325 4796 quod
1397 4727 1630 4778 omne
1690 4727 1935 4798 agens
2004 4729 2224 4780 croa-

680 4836 848 4904 tum
895 4850 1216 4923 semper
1257 4830 1507 4904 etiam
1551 4832 1722 4922 agit
1762 4855 1858 4905 ex
1895 4833 2166 4925 aliquo
2204 4861 2217 4904 :

678 4978 817 5030 ens
898 4964 1171 5032 autern
1242 4960 1678 5032 secundum
1748 4982 1949 5043 esse,
2023 4961 2222 5035 nihil

685 5084 1269 5178 praesupponit,
1355 5087 1543 5177 quia
1637 5109 1795 5159 non
1870 5109 2226 5183 praesup-

684 5211 909 5305 ponit
942 5211 1156 5283 aliud
1199 5233 1383 5294 ens;
1432 5214 1617 5304 quia
1678 5214 1744 5285 si
1792 5213 1982 5286 illud
2027 5237 2224 5307 prae-

681 5341 1305 5430 supponeretur,
1354 5339 1525 5429 ‚iam
1569 5361 1727 5411 non
1776 5342 2038 5414 totum
2082 5362 2222 5414 ens

678 5467 897 5537 esset
935 5462 1268 5536 effectus
1318 5485 1585 5536 causae
1633 5465 1939 5558 primae,
1994 5469 2073 5540 et
2107 5489 2223 5538 es-

682 5589 803 5660 set
851 5587 944 5660 de
1000 5586 1139 5660 illo
1206 5608 1346 5681 per
1388 5588 2217 5671 transmutatione1n3

1828 402 1928 467 DE
1972 404 2243 468 RERUM
2286 400 2676 467 ΡΚΙᾸΟΙΡΙΟ

2325 584 2522 655 ergo
2566 584 2839 653 agens,
2878 565 3108 657 cujus
3149 567 3275 637 est
3329 584 3470 635 ens
3535 561 3859 654 inquan-

2324 686 2498 755 tum
2556 703 2721 762 ens,
2768 681 2968 753 nihil
3015 680 3594 775 praesupponit.

2414 800 2528 870 Ad
2590 799 2885 870 horum
2930 799 3329 891 majorem
3379 796 3861 871 evidentiam

2326 919 2452 988 est
2521 915 2955 997 sciendum,
3013 915 3218 1006 quod
3285 934 3467 986 cum
3537 916 3677 1002 (ut
3746 934 3865 985 os·

2327 1034 2646 1104 tensum
2689 1034 2856 1121 est)
2893 1032 3277 1124 proprius
3310 1029 3646 1104 effectus
3687 1051 3866 1102 oau-

2328 1170 2606 1221 sarum
2650 1150 2994 1221 secundo
3038 1149 3480 1240 agentium,
3517 1149 3623 1222 sit
3662 1148 3864 1228 fieri,

2328 1265 2505 1337 fieri
2583 1271 2854 1339 autem
2925 1271 3050 1339 est
3128 1266 3208 1339 in
3289 1266 3590 1357 aliqu0,
3676 1265 3870 1337 illud

2328 1389 2602 1455 autem
2672 1384 2753 1455 in
2823 1404 2979 1474 quo
3056 1388 3180 1457 est
3247 1383 3453 1463 fieri,
3534 1402 3695 1454 non
3750 1382 3864 1463 fit,

2331 1501 2702 1591 sequitur
2788 1501 2992 1591 quod
3064 1500 3278 1582 illud,
3364 1500 3444 1572 in
3515 1521 3669 1591 quo
3746 1504 3871 1573 est

2326 1619 2530 1699 fieri,
2605 1618 3038 1690 secundum
3100 1618 3308 1710 quod
3375 1615 3863 1709 hujusmodi,

2327 1755 2487 1807 non
2567 1739 2834 1827 potest
2902 1754 3080 1807 esse
3144 1734 3478 1806 effectus
3548 1733 3866 1823 agentis

2326 1852 2611 1933 creati,
2683 1872 2864 1923 cum
2914 1851 3138 1923 nulla
3203 1870 3452 1923 causa
3512 1870 3868 1943 praesup-

2328 1973 2576 2062 ponat
2617 1968 2992 2041 effectum
3035 1988 3295 2049 suum,
3361 1966 3521 2041 ista
3597 1970 3870 2040 autem

2325 2086 2794 2157 necessario
2867 2085 3426 2178 praesupponit
3504 2083 3719 2167 illud,
3788 2084 3868 2156 in

2330 2223 2483 2293 quo
2527 2207 2652 2276 est
2681 2203 2886 2274 fieri.

2420 2321 2649 2399 Item,
2720 2319 2786 2390 si
2859 2319 3048 2390 illud
3118 2319 3197 2390 in
3247 2338 3407 2411 quo
3470 2322 3595 2391 est
3661 2317 3867 2397 fieri,

2328 2437 2760 2507 secundum
2830 2437 3035 2528 quod
3098 2435 3581 2527 hujusmodi,
3652 2441 3871 2510 esset

2326 2552 2659 2624 effectus
2783 2553 3323 2625 secundorum
3417 2553 3866 2644 agentium,

2325 2671 2788 2743 necessario
2825 2669 3305 2743 secundaria
3335 2669 3661 2760 agentia
3691 2689 3872 2761 age-

2330 2792 2535 2870 rent,
2599 2787 2822 2858 nullo
2879 2787 3511 2880 praesuppositO.

2417 2909 2535 2977 Ex
2569 2904 2694 2977 his
2731 2904 3098 2976 omnibus
3131 2909 3356 2996 patet
3387 2903 3592 2996 quod
3624 2921 3873 2994 agens

2329 3027 2699 3095 creatum
2767 3021 2964 3111 agit,
3056 3021 3331 3112 aliquo
3406 3040 3871 3114 praesuppo-

2329 3139 2514 3214 sit0.
2563 3138 2812 3230 Cujus
2862 3138 3075 3212 ratio
3119 3141 3270 3221 est,
3346 3137 3534 3230 quia
3604 3137 3874 3230 ipsum

2326 3261 2482 3343 fieri
2521 3256 2727 3347 quod
2769 3260 2895 3330 est
2954 3255 3290 3330 effectus
3353 3254 3692 3348 primus,
3749 3276 3877 3327 ne·

2331 3373 2696 3446 cessario
2777 3377 2903 3446 est
2989 3373 3066 3444 in
3141 3372 3458 3464 aliquo;
3540 3369 3876 3446 effectus

2331 3495 2602 3563 autem
2645 3511 2912 3562 causae
2951 3490 3235 3582 primae
3286 3493 3426 3579 (ut
3460 3492 3876 3563 ostensum

2330 3611 2499 3694 est)
2568 3612 2692 3680 est
2757 3631 2911 3688 esse,
2985 3606 3109 3679 vel
3153 3628 3296 3678 ens
3354 3610 3521 3687 est;
3622 3606 3879 3698 igitur

2333 3743 2515 3794 cum
2587 3722 2804 3802 illud,
2888 3723 3095 3813 quod
3175 3722 3871 3814 praesupponitur,

2334 3837 2442 3910 sit
2520 3843 2758 3910 extra
2849 3837 3254 3911 rationem
3351 3837 3571 3910 illius
3669 3836 3879 3929 quod

2333 3955 2728 4035 educitur,
2791 3955 3268 4046 inquantum
3332 3955 3519 4033 tale,
3581 3957 3877 4043 (mate-

2337 4071 2462 4143 ria
2546 4071 2762 4142 enim
2842 4070 3318 4162 inquantum
3408 4071 3639 4152 talis,
3712 4093 3876 4145 non

2335 4192 2458 4260 est
2500 4186 3094 4279 compositum)
3137 4186 3509 4278 sequitur
3558 4190 3765 4280 quod
3809 4189 3875 4260 si

2335 4305 2550 4376 Deus
2584 4304 2860 4397 (cujus
2893 4304 3226 4377 effectus
3259 4307 3385 4377 est
3415 4309 3603 4395 ens)
3660 4304 3876 4377 aliud

2338 4422 2921 4514 praesupponit,
2977 4422 3186 4512 quod
3228 4421 3423 4493 illud
3472 4427 3597 4495 est
3638 4428 3875 4496 extra

2340 4536 2747 4609 rationem
2809 4537 3059 4614 entis;
3143 4535 3344 4607 nihil
3415 4541 3688 4609 autem
3756 4542 3879 4610 est

2336 4656 2575 4724 extra
2637 4652 3039 4725 rationem
3108 4651 3348 4733 entis,
3426 4652 3585 4725 nisi
3668 4657 3872 4736 nih-il,

2340 4768 2512 4839 ideo
2585 4767 2978 4859 sequitur,
3053 4769 3259 4858 quod
3322 4769 3878 4862 praesupponit

2337 4889 2514 4955 nihil
2590 4886 2668 4958 in
2740 4907 2885 4957 sua
2952 4887 3332 4960 actione:
3380 4909 3564 4960 cum
3626 4888 3880 4980 igitur

2340 5003 2927 5077 transmutatio
3016 5004 3483 5076 necessario
3570 5005 3712 5078 fiat
3799 5005 3877 5077 in

2339 5121 2638 5213 aliquo,
2707 5125 2927 5213 patet
2989 5121 3192 5213 quod
3250 5122 3465 5194 Deus
3533 5142 3692 5194 non
3751 5142 3876 5193 ne-

2339 5237 2702 5310 cessario
2784 5241 2977 5324 agat
3050 5257 3193 5329 per
3259 5237 3877 5311 transmutatio·

2338 5375 2546 5435 nem,
2610 5375 2705 5424 ex
2740 5375 2893 5445 quo
2928 5354 3400 5427 conclusum
3440 5357 3566 5427 est
3608 5373 3876 5426 secun-

2336 5472 2521 5543 ‹lum
2559 5475 3334 5553 Commentatorem,
3375 5472 3578 5563 quod
3615 5473 3876 5566 potest

2339 5609 2583 5679 agero
2618 5589 2706 5659 ‹le
2748 5587 3028 5660 nihilo.

3998 803 4064 855 ss.

4008 2903 4073 2952 12.
