<?xml version="1.0" encoding="UTF-8"?>
<!DOCTYPE html PUBLIC "-//W3C//DTD XHTML 1.0 Transitional//EN"
    "http://www.w3.org/TR/xhtml1/DTD/xhtml1-transitional.dtd">
<html xmlns="http://www.w3.org/1999/xhtml" xml:lang="en" lang="en">
 <head>
  <title>
</title>
<meta http-equiv="Content-Type" content="text/html;charset=utf-8" />
  <meta name='ocr-system' content='tesseract 3.04.00' />
  <meta name='ocr-capabilities' content='ocr_page ocr_carea ocr_par ocr_line ocrx_word'/>
</head>
<body>
  <div class='ocr_page' id='page_1' title='image "./joannisdunsscot03waddgoog_0300.png"; bbox 0 0 4252 6393; ppageno 0'>
   <div class='ocr_carea' id='block_1_1' title="bbox 550 2316 640 2385">
    <p class='ocr_par' dir='ltr' id='par_1_1' title="bbox 550 2316 640 2385">
     <span class='ocr_line' id='line_1_1' title="bbox 550 2316 640 2385; baseline 0.056 -6"><span class='ocrx_word' id='word_1_1' title='bbox 550 2316 608 2380; x_wconf 70' lang='grc' dir='ltr'><strong>εἰ</strong></span> <span class='ocrx_word' id='word_1_2' title='bbox 625 2367 640 2385; x_wconf 93' lang='grc'><strong>.</strong></span> 
     </span>
    </p>
   </div>
   <div class='ocr_carea' id='block_1_2' title="bbox 440 2392 775 2530">
    <p class='ocr_par' dir='ltr' id='par_1_2' title="bbox 440 2392 775 2530">
     <span class='ocr_line' id='line_1_2' title="bbox 459 2392 775 2448; baseline 0.003 -6"><span class='ocrx_word' id='word_1_3' title='bbox 459 2392 634 2448; x_wconf 75' lang='lat' dir='ltr'><strong>Unum</strong></span> <span class='ocrx_word' id='word_1_4' title='bbox 662 2409 775 2446; x_wconf 68' lang='lat' dir='ltr'><strong>esse</strong></span> 
     </span>
     <span class='ocr_line' id='line_1_3' title="bbox 440 2456 775 2530; baseline 0.006 -27"><span class='ocrx_word' id='word_1_5' title='bbox 440 2456 775 2530; x_wconf 39' lang='lat' dir='ltr'><strong>princ-&#39;spiam</strong></span> 
     </span>
    </p>
   </div>
   <div class='ocr_carea' id='block_1_3' title="bbox 445 2534 758 2706">
    <p class='ocr_par' dir='ltr' id='par_1_3' title="bbox 445 2534 758 2706">
     <span class='ocr_line' id='line_1_4' title="bbox 514 2534 758 2583; baseline 0.004 -16"><span class='ocrx_word' id='word_1_6' title='bbox 514 2534 758 2583; x_wconf 77' lang='lat' dir='ltr'><strong>prunum</strong></span> 
     </span>
     <span class='ocr_line' id='line_1_5' title="bbox 480 2581 714 2642; baseline 0 -12"><span class='ocrx_word' id='word_1_7' title='bbox 480 2581 714 2642; x_wconf 81' lang='lat' dir='ltr'><strong>formale</strong></span> 
     </span>
     <span class='ocr_line' id='line_1_6' title="bbox 445 2644 757 2706; baseline 0.003 -15"><span class='ocrx_word' id='word_1_8' title='bbox 445 2644 757 2706; x_wconf 65' lang='lat' dir='ltr'><strong>exemplare</strong></span> 
     </span>
    </p>
   </div>
   <div class='ocr_carea' id='block_1_4' title="bbox 451 2706 770 2755">
    <p class='ocr_par' dir='ltr' id='par_1_4' title="bbox 451 2706 770 2755">
     <span class='ocr_line' id='line_1_7' title="bbox 451 2706 770 2755; baseline 0.009 -3"><span class='ocrx_word' id='word_1_9' title='bbox 451 2706 770 2755; x_wconf 72' lang='lat' dir='ltr'><strong><em>ostenditur.</em></strong></span> 
     </span>
    </p>
   </div>
   <div class='ocr_carea' id='block_1_5' title="bbox 480 2767 724 2818">
    <p class='ocr_par' dir='ltr' id='par_1_5' title="bbox 480 2767 724 2818">
     <span class='ocr_line' id='line_1_8' title="bbox 480 2767 724 2818; baseline -0.008 0"><span class='ocrx_word' id='word_1_10' title='bbox 480 2767 724 2818; x_wconf 69' lang='lat' dir='ltr'><strong>Materia</strong></span> 
     </span>
    </p>
   </div>
   <div class='ocr_carea' id='block_1_6' title="bbox 820 485 939 549">
    <p class='ocr_par' dir='ltr' id='par_1_6' title="bbox 820 485 939 549">
     <span class='ocr_line' id='line_1_9' title="bbox 820 485 939 549; baseline 0 -1"><span class='ocrx_word' id='word_1_11' title='bbox 820 485 939 549; x_wconf 80' lang='lat'><strong>274</strong></span> 
     </span>
    </p>
   </div>
   <div class='ocr_carea' id='block_1_7' title="bbox 799 645 2351 1069">
    <p class='ocr_par' dir='ltr' id='par_1_7' title="bbox 799 645 2351 1069">
     <span class='ocr_line' id='line_1_10' title="bbox 811 645 2351 740; baseline 0.001 -23"><span class='ocrx_word' id='word_1_12' title='bbox 811 667 901 717; x_wconf 89' lang='lat' dir='ltr'><strong>sa</strong></span> <span class='ocrx_word' id='word_1_13' title='bbox 953 645 1252 739; x_wconf 89' lang='lat' dir='ltr'><strong>prima;</strong></span> <span class='ocrx_word' id='word_1_14' title='bbox 1336 649 1536 728; x_wconf 90' lang='lat' dir='ltr'><strong>tum,</strong></span> <span class='ocrx_word' id='word_1_15' title='bbox 1590 646 1778 738; x_wconf 88' lang='lat' dir='ltr'><strong>quia</strong></span> <span class='ocrx_word' id='word_1_16' title='bbox 1834 666 1996 720; x_wconf 91' lang='lat' dir='ltr'><strong>non</strong></span> <span class='ocrx_word' id='word_1_17' title='bbox 2056 647 2351 740; x_wconf 86' lang='lat' dir='ltr'><strong>probat</strong></span> 
     </span>
     <span class='ocr_line' id='line_1_11' title="bbox 804 760 2349 854; baseline 0.001 -22"><span class='ocrx_word' id='word_1_18' title='bbox 804 760 1186 853; x_wconf 88' lang='lat' dir='ltr'><strong>primum,</strong></span> <span class='ocrx_word' id='word_1_19' title='bbox 1258 761 1416 834; x_wconf 91' lang='lat' dir='ltr'><strong>nisi</strong></span> <span class='ocrx_word' id='word_1_20' title='bbox 1469 762 1549 835; x_wconf 91' lang='lat' dir='ltr'><strong>in</strong></span> <span class='ocrx_word' id='word_1_21' title='bbox 1618 781 1777 834; x_wconf 89' lang='lat' dir='ltr'><strong>uno</strong></span> <span class='ocrx_word' id='word_1_22' title='bbox 1849 762 2154 844; x_wconf 78' lang='lat' dir='ltr'><strong>ordine,</strong></span> <span class='ocrx_word' id='word_1_23' title='bbox 2214 762 2349 854; x_wconf 90' lang='lat' dir='ltr'><strong>qui</strong></span> 
     </span>
     <span class='ocr_line' id='line_1_12' title="bbox 800 878 2348 973; baseline 0.001 -24"><span class='ocrx_word' id='word_1_24' title='bbox 800 881 1079 951; x_wconf 88' lang='lat' dir='ltr'><strong>autem</strong></span> <span class='ocrx_word' id='word_1_25' title='bbox 1120 882 1461 972; x_wconf 91' lang='lat' dir='ltr'><strong>poneret</strong></span> <span class='ocrx_word' id='word_1_26' title='bbox 1518 878 1671 950; x_wconf 89' lang='lat' dir='ltr'><strong>duo</strong></span> <span class='ocrx_word' id='word_1_27' title='bbox 1734 878 2163 972; x_wconf 88' lang='lat' dir='ltr'><strong>principia,</strong></span> <span class='ocrx_word' id='word_1_28' title='bbox 2216 900 2348 973; x_wconf 92' lang='lat' dir='ltr'><strong>po-</strong></span> 
     </span>
     <span class='ocr_line' id='line_1_13' title="bbox 799 994 2136 1069; baseline 0.001 -3"><span class='ocrx_word' id='word_1_29' title='bbox 799 998 1033 1069; x_wconf 88' lang='lat' dir='ltr'><strong>neret</strong></span> <span class='ocrx_word' id='word_1_30' title='bbox 1067 996 1265 1068; x_wconf 91' lang='lat' dir='ltr'><strong>duos</strong></span> <span class='ocrx_word' id='word_1_31' title='bbox 1311 994 1632 1069; x_wconf 78' lang='lat' dir='ltr'>ordines</span> <span class='ocrx_word' id='word_1_32' title='bbox 1671 1015 2136 1069; x_wconf 87' lang='lat' dir='ltr'><strong>causarum.</strong></span> 
     </span>
    </p>
   </div>
   <div class='ocr_carea' id='block_1_8' title="bbox 1373 1331 1775 1390">
    <p class='ocr_par' dir='ltr' id='par_1_8' title="bbox 1373 1331 1775 1390">
     <span class='ocr_line' id='line_1_14' title="bbox 1373 1331 1775 1390; baseline 0 0"><span class='ocrx_word' id='word_1_33' title='bbox 1373 1331 1775 1390; x_wconf 80' lang='lat' dir='ltr'>SCHOLIUM.</span> 
     </span>
    </p>
   </div>
   <div class='ocr_carea' id='block_1_9' title="bbox 794 1508 2350 2078">
    <p class='ocr_par' dir='ltr' id='par_1_9' title="bbox 794 1508 2350 2078">
     <span class='ocr_line' id='line_1_15' title="bbox 832 1508 2346 1583; baseline -0.002 -15"><span class='ocrx_word' id='word_1_34' title='bbox 832 1508 839 1512; x_wconf 75' lang='grc'>’</span> <span class='ocrx_word' id='word_1_35' title='bbox 871 1508 987 1570; x_wconf 83' lang='lat' dir='ltr'><strong>Sex</strong></span> <span class='ocrx_word' id='word_1_36' title='bbox 1018 1508 1367 1571; x_wconf 85' lang='lat' dir='ltr'><strong>rationibus</strong></span> <span class='ocrx_word' id='word_1_37' title='bbox 1395 1509 1705 1583; x_wconf 85' lang='lat' dir='ltr'><strong>probavit,</strong></span> <span class='ocrx_word' id='word_1_38' title='bbox 1754 1509 1822 1565; x_wconf 89' lang='lat' dir='ltr'><strong>in</strong></span> <span class='ocrx_word' id='word_1_39' title='bbox 1864 1523 2094 1579; x_wconf 80' lang='lat' dir='ltr'><strong>genere</strong></span> <span class='ocrx_word' id='word_1_40' title='bbox 2143 1523 2346 1567; x_wconf 83' lang='lat' dir='ltr'><strong>causoe</strong></span> 
     </span>
     <span class='ocr_line' id='line_1_16' title="bbox 796 1607 2350 1680; baseline -0.003 -12"><span class='ocrx_word' id='word_1_41' title='bbox 796 1610 1128 1668; x_wconf 80' lang='lat' dir='ltr'><strong>efficientis</strong></span> <span class='ocrx_word' id='word_1_42' title='bbox 1143 1607 1603 1667; x_wconf 80' lang='lat' dir='ltr'><strong>deveniendum</strong></span> <span class='ocrx_word' id='word_1_43' title='bbox 1634 1623 1770 1665; x_wconf 81' lang='lat' dir='ltr'><strong>esse</strong></span> <span class='ocrx_word' id='word_1_44' title='bbox 1790 1607 1867 1664; x_wconf 83' lang='lat' dir='ltr'><strong>ad</strong></span> <span class='ocrx_word' id='word_1_45' title='bbox 1888 1621 2074 1666; x_wconf 83' lang='lat' dir='ltr'><strong>unam</strong></span> <span class='ocrx_word' id='word_1_46' title='bbox 2098 1608 2312 1680; x_wconf 85' lang='lat' dir='ltr'><strong>simpli</strong></span> <span class='ocrx_word' id='word_1_47' title='bbox 2328 1637 2350 1650; x_wconf 90' lang='lat'><em>-</em></span> 
     </span>
     <span class='ocr_line' id='line_1_17' title="bbox 796 1706 2344 1782; baseline -0.001 -16"><span class='ocrx_word' id='word_1_48' title='bbox 796 1710 952 1766; x_wconf 86' lang='lat' dir='ltr'><strong>citor</strong></span> <span class='ocrx_word' id='word_1_49' title='bbox 981 1710 1273 1782; x_wconf 84' lang='lat' dir='ltr'><strong>primam,</strong></span> <span class='ocrx_word' id='word_1_50' title='bbox 1317 1707 1393 1765; x_wconf 83' lang='lat' dir='ltr'><strong>ab</strong></span> <span class='ocrx_word' id='word_1_51' title='bbox 1423 1709 1592 1766; x_wconf 90' lang='lat' dir='ltr'><strong>omni</strong></span> <span class='ocrx_word' id='word_1_52' title='bbox 1625 1707 1750 1765; x_wconf 83' lang='lat' dir='ltr'><strong>alia</strong></span> <span class='ocrx_word' id='word_1_53' title='bbox 1780 1706 2344 1779; x_wconf 85' lang='lat' dir='ltr'><strong>independentem:</strong></span> 
     </span>
     <span class='ocr_line' id='line_1_18' title="bbox 795 1805 2348 1877; baseline 0 -14"><span class='ocrx_word' id='word_1_54' title='bbox 795 1811 858 1866; x_wconf 77' lang='lat' dir='ltr'><strong>ot</strong></span> <span class='ocrx_word' id='word_1_55' title='bbox 884 1806 1069 1864; x_wconf 83' lang='lat' dir='ltr'><strong>valdo</strong></span> <span class='ocrx_word' id='word_1_56' title='bbox 1096 1805 1470 1865; x_wconf 81' lang='lat' dir='ltr'>concordant</span> <span class='ocrx_word' id='word_1_57' title='bbox 1493 1819 1637 1863; x_wconf 85' lang='lat' dir='ltr'><strong>cum</strong></span> <span class='ocrx_word' id='word_1_58' title='bbox 1659 1806 1763 1873; x_wconf 88' lang='lat' dir='ltr'><strong>iis,</strong></span> <span class='ocrx_word' id='word_1_59' title='bbox 1790 1820 1931 1877; x_wconf 83' lang='lat' dir='ltr'><strong>quae</strong></span> <span class='ocrx_word' id='word_1_60' title='bbox 1970 1805 2156 1863; x_wconf 82' lang='lat' dir='ltr'><strong>habet</strong></span> <span class='ocrx_word' id='word_1_61' title='bbox 2183 1810 2348 1863; x_wconf 85' lang='lat' dir='ltr'><strong>trac-</strong></span> 
     </span>
     <span class='ocr_line' id='line_1_19' title="bbox 794 1903 2343 1977; baseline -0.002 -13"><span class='ocrx_word' id='word_1_62' title='bbox 794 1910 922 1964; x_wconf 83' lang='lat' dir='ltr'><strong>tatu</strong></span> <span class='ocrx_word' id='word_1_63' title='bbox 954 1905 1030 1962; x_wconf 84' lang='lat' dir='ltr'><strong>de</strong></span> <span class='ocrx_word' id='word_1_64' title='bbox 1063 1906 1270 1963; x_wconf 87' lang='lat' dir='ltr'><strong>Primo</strong></span> <span class='ocrx_word' id='word_1_65' title='bbox 1301 1905 1639 1977; x_wconf 87' lang='lat' dir='ltr'><strong>Principio,</strong></span> <span class='ocrx_word' id='word_1_66' title='bbox 1670 1920 1725 1962; x_wconf 87' lang='lat' dir='ltr'><strong>c.</strong></span> <span class='ocrx_word' id='word_1_67' title='bbox 1755 1905 1811 1961; x_wconf 89' lang='grc'><strong>3.</strong></span> <span class='ocrx_word' id='word_1_68' title='bbox 1843 1903 2041 1962; x_wconf 85' lang='lat' dir='ltr'><strong>concl.</strong></span> <span class='ocrx_word' id='word_1_69' title='bbox 2081 1907 2138 1962; x_wconf 83' lang='lat'><strong>2.</strong></span> <span class='ocrx_word' id='word_1_70' title='bbox 2179 1909 2240 1962; x_wconf 88' lang='lat' dir='ltr'><strong>et</strong></span> <span class='ocrx_word' id='word_1_71' title='bbox 2278 1905 2343 1961; x_wconf 89' lang='lat' dir='ltr'><strong>in</strong></span> 
     </span>
     <span class='ocr_line' id='line_1_20' title="bbox 796 2001 2346 2078; baseline -0.002 -14"><span class='ocrx_word' id='word_1_72' title='bbox 796 2006 849 2064; x_wconf 84' lang='lat'><strong>1.</strong></span> <span class='ocrx_word' id='word_1_73' title='bbox 881 2003 1024 2063; x_wconf 87' lang='lat' dir='ltr'><strong>dist.</strong></span> <span class='ocrx_word' id='word_1_74' title='bbox 1056 2005 1111 2061; x_wconf 88' lang='lat'><strong>5.</strong></span> <span class='ocrx_word' id='word_1_75' title='bbox 1142 2020 1203 2078; x_wconf 85' lang='lat' dir='ltr'><strong>q.</strong></span> <span class='ocrx_word' id='word_1_76' title='bbox 1233 2007 1290 2061; x_wconf 83' lang='lat'><strong>2.</strong></span> <span class='ocrx_word' id='word_1_77' title='bbox 1323 2020 1384 2062; x_wconf 88' lang='lat' dir='ltr'><strong>n.</strong></span> <span class='ocrx_word' id='word_1_78' title='bbox 1418 2006 1505 2061; x_wconf 84' lang='lat'><strong>11.</strong></span> <span class='ocrx_word' id='word_1_79' title='bbox 1556 2002 1775 2077; x_wconf 33' lang='lat' dir='ltr'><strong>etssseq.</strong></span> <span class='ocrx_word' id='word_1_80' title='bbox 1812 2001 1916 2059; x_wconf 85' lang='lat' dir='ltr'><strong>ubi</strong></span> <span class='ocrx_word' id='word_1_81' title='bbox 1969 2001 2197 2060; x_wconf 79' lang='lat' dir='ltr'><strong>diffuse</strong></span> <span class='ocrx_word' id='word_1_82' title='bbox 2229 2003 2346 2061; x_wconf 81' lang='lat' dir='ltr'><strong>ista</strong></span> 
     </span>
    </p>
   </div>
   <div class='ocr_carea' id='block_1_10' title="bbox 797 2106 1219 2177">
    <p class='ocr_par' dir='ltr' id='par_1_10' title="bbox 797 2106 1219 2177">
     <span class='ocr_line' id='line_1_21' title="bbox 797 2106 1219 2177; baseline 0.002 -17"><span class='ocrx_word' id='word_1_83' title='bbox 797 2106 1219 2177; x_wconf 78' lang='lat' dir='ltr'><strong>prosequitur.</strong></span> 
     </span>
    </p>
   </div>
   <div class='ocr_carea' id='block_1_11' title="bbox 801 2281 2343 2840">
    <p class='ocr_par' dir='ltr' id='par_1_11' title="bbox 801 2281 2343 2840">
     <span class='ocr_line' id='line_1_22' title="bbox 890 2281 2340 2375; baseline -0.006 -17"><span class='ocrx_word' id='word_1_84' title='bbox 890 2284 1278 2364; x_wconf 83' lang='lat' dir='ltr'><strong>Secundo,</strong></span> <span class='ocrx_word' id='word_1_85' title='bbox 1355 2282 1563 2375; x_wconf 88' lang='lat' dir='ltr'><strong>quod</strong></span> <span class='ocrx_word' id='word_1_86' title='bbox 1649 2281 1757 2355; x_wconf 90' lang='lat' dir='ltr'><strong>sit</strong></span> <span class='ocrx_word' id='word_1_87' title='bbox 1832 2281 2025 2353; x_wconf 88' lang='lat' dir='ltr'><strong>dare</strong></span> <span class='ocrx_word' id='word_1_88' title='bbox 2092 2298 2340 2350; x_wconf 88' lang='lat' dir='ltr'><strong>unum</strong></span> 
     </span>
     <span class='ocr_line' id='line_1_23' title="bbox 802 2396 2341 2496; baseline -0.005 -21"><span class='ocrx_word' id='word_1_89' title='bbox 802 2401 1295 2496; x_wconf 90' lang='lat' dir='ltr'><strong>principium</strong></span> <span class='ocrx_word' id='word_1_90' title='bbox 1321 2400 1671 2473; x_wconf 90' lang='lat' dir='ltr'><strong>formale</strong></span> <span class='ocrx_word' id='word_1_91' title='bbox 1694 2397 2186 2490; x_wconf 79' lang='lat' dir='ltr'><strong>exemplare,</strong></span> <span class='ocrx_word' id='word_1_92' title='bbox 2225 2396 2341 2469; x_wconf 90' lang='lat' dir='ltr'><strong>sic</strong></span> 
     </span>
     <span class='ocr_line' id='line_1_24' title="bbox 804 2512 2343 2612; baseline -0.004 -21"><span class='ocrx_word' id='word_1_93' title='bbox 804 2521 1144 2612; x_wconf 88' lang='lat' dir='ltr'><strong>apparet</strong></span> <span class='ocrx_word' id='word_1_94' title='bbox 1204 2516 1637 2591; x_wconf 89' lang='lat' dir='ltr'><strong>secundum</strong></span> <span class='ocrx_word' id='word_1_95' title='bbox 1689 2515 1908 2596; x_wconf 90' lang='lat' dir='ltr'><strong>illud,</strong></span> <span class='ocrx_word' id='word_1_96' title='bbox 1973 2513 2180 2605; x_wconf 85' lang='lat' dir='ltr'><strong>quod</strong></span> <span class='ocrx_word' id='word_1_97' title='bbox 2227 2512 2343 2585; x_wconf 91' lang='lat' dir='ltr'><strong>di-</strong></span> 
     </span>
     <span class='ocr_line' id='line_1_25' title="bbox 804 2630 2335 2723; baseline -0.007 -15"><span class='ocrx_word' id='word_1_98' title='bbox 804 2634 918 2708; x_wconf 88' lang='lat' dir='ltr'><strong>cit</strong></span> <span class='ocrx_word' id='word_1_99' title='bbox 1012 2636 1632 2708; x_wconf 74' lang='lat' dir='ltr'><strong>commentator</strong></span> <span class='ocrx_word' id='word_1_100' title='bbox 1699 2651 1945 2723; x_wconf 88' lang='lat' dir='ltr'><strong>super</strong></span> <span class='ocrx_word' id='word_1_101' title='bbox 2012 2630 2204 2702; x_wconf 88' lang='lat' dir='ltr'><strong>illud</strong></span> <span class='ocrx_word' id='word_1_102' title='bbox 2267 2630 2335 2700; x_wconf 73' lang='lat'><strong>2.</strong></span> 
     </span>
     <span class='ocr_line' id='line_1_26' title="bbox 801 2749 2341 2840; baseline -0.004 -21"><span class='ocrx_word' id='word_1_103' title='bbox 801 2753 1087 2840; x_wconf 77' lang='lat' dir='ltr'><strong>Metaph.</strong></span> <span class='ocrx_word' id='word_1_104' title='bbox 1153 2762 1313 2819; x_wconf 74' lang='lat' dir='ltr'><strong>text.</strong></span> <span class='ocrx_word' id='word_1_105' title='bbox 1357 2771 1522 2817; x_wconf 86' lang='lat' dir='ltr'><strong>com.</strong></span> <span class='ocrx_word' id='word_1_106' title='bbox 1575 2749 1683 2820; x_wconf 88' lang='grc'><strong>17.</strong></span> <span class='ocrx_word' id='word_1_107' title='bbox 1752 2749 2081 2826; x_wconf 80' lang='lat' dir='ltr'><strong>Quoniam</strong></span> <span class='ocrx_word' id='word_1_108' title='bbox 2120 2760 2341 2815; x_wconf 82' lang='lat' dir='ltr'><strong>aulem</strong></span> 
     </span>
    </p>
   </div>
   <div class='ocr_carea' id='block_1_12' title="bbox 436 2843 2340 2953">
    <p class='ocr_par' dir='ltr' id='par_1_12' title="bbox 436 2843 2340 2953">
     <span class='ocr_line' id='line_1_27' title="bbox 436 2843 2340 2953; baseline -0.005 -14"><span class='ocrx_word' id='word_1_109' title='bbox 436 2843 774 2953; x_wconf 45' lang='lat' dir='ltr'><strong>sff&#39;ssr’ireaffi</strong></span> <span class='ocrx_word' id='word_1_110' title='bbox 801 2870 874 2936; x_wconf 81' lang='lat' dir='ltr'><strong>in</strong></span> <span class='ocrx_word' id='word_1_111' title='bbox 921 2868 1362 2953; x_wconf 74' lang='lat' dir='ltr'><strong>fundamento</strong></span> <span class='ocrx_word' id='word_1_112' title='bbox 1402 2877 1664 2934; x_wconf 66' lang='grc' dir='ltr'><strong>παίωνα.»</strong></span> <span class='ocrx_word' id='word_1_113' title='bbox 1701 2867 1879 2931; x_wconf 81' lang='lat' dir='ltr'><strong>nihil</strong></span> <span class='ocrx_word' id='word_1_114' title='bbox 1925 2876 2018 2932; x_wconf 77' lang='lat' dir='ltr'><strong>est</strong></span> <span class='ocrx_word' id='word_1_115' title='bbox 2064 2865 2340 2931; x_wconf 80' lang='lat' dir='ltr'><strong>discinc-</strong></span> 
     </span>
    </p>
   </div>
   <div class='ocr_carea' id='block_1_13' title="bbox 444 2953 773 3017">
    <p class='ocr_par' dir='ltr' id='par_1_13' title="bbox 444 2953 773 3017">
     <span class='ocr_line' id='line_1_28' title="bbox 444 2953 773 3017; baseline 0.009 -17"><span class='ocrx_word' id='word_1_116' title='bbox 444 2954 623 3017; x_wconf 75' lang='lat' dir='ltr'><strong>mayis</strong></span> <span class='ocrx_word' id='word_1_117' title='bbox 643 2953 773 3003; x_wconf 74' lang='lat' dir='ltr'><strong>uni-</strong></span> 
     </span>
    </p>
   </div>
   <div class='ocr_carea' id='block_1_14' title="bbox 489 3014 744 3066">
    <p class='ocr_par' dir='ltr' id='par_1_14' title="bbox 489 3014 744 3066">
     <span class='ocr_line' id='line_1_29' title="bbox 489 3014 744 3066; baseline 0.012 -3"><span class='ocrx_word' id='word_1_118' title='bbox 489 3029 645 3065; x_wconf 73' lang='lat' dir='ltr'><strong>versa</strong></span> <span class='ocrx_word' id='word_1_119' title='bbox 652 3014 744 3066; x_wconf 73' lang='lat' dir='ltr'><strong>les.</strong></span> 
     </span>
    </p>
   </div>
   <div class='ocr_carea' id='block_1_15' title="bbox 441 3847 758 3902">
    <p class='ocr_par' dir='ltr' id='par_1_15' title="bbox 441 3847 758 3902">
     <span class='ocr_line' id='line_1_30' title="bbox 441 3847 758 3902; baseline 0.009 -4"><span class='ocrx_word' id='word_1_120' title='bbox 441 3847 698 3899; x_wconf 72' lang='lat' dir='ltr'><strong>Probatio</strong></span> <span class='ocrx_word' id='word_1_121' title='bbox 712 3848 729 3898; x_wconf 80' lang='lat'>¹</span> <span class='ocrx_word' id='word_1_122' title='bbox 741 3883 758 3902; x_wconf 86' lang='lat'><strong>.</strong></span> 
     </span>
    </p>
   </div>
   <div class='ocr_carea' id='block_1_16' title="bbox 767 2976 2334 5633">
    <p class='ocr_par' dir='ltr' id='par_1_16' title="bbox 767 2976 2334 5633">
     <span class='ocr_line' id='line_1_31' title="bbox 799 2976 2334 3072; baseline -0.001 -21"><span class='ocrx_word' id='word_1_123' title='bbox 799 2995 973 3066; x_wconf 77' lang='lat' dir='ltr'><strong>tum,·</strong></span> <span class='ocrx_word' id='word_1_124' title='bbox 1012 2980 1359 3055; x_wconf 87' lang='lat' dir='ltr'><strong>materia</strong></span> <span class='ocrx_word' id='word_1_125' title='bbox 1390 2979 1658 3072; x_wconf 89' lang='lat' dir='ltr'><strong>primo</strong></span> <span class='ocrx_word' id='word_1_126' title='bbox 1694 2976 1990 3071; x_wconf 81' lang='lat' dir='ltr'><strong>recipit</strong></span> <span class='ocrx_word' id='word_1_127' title='bbox 2023 2978 2334 3050; x_wconf 85' lang='lat' dir='ltr'><strong>formas</strong></span> 
     </span>
     <span class='ocr_line' id='line_1_32' title="bbox 797 3094 2334 3189; baseline -0.003 -18"><span class='ocrx_word' id='word_1_128' title='bbox 797 3096 1057 3189; x_wconf 89' lang='lat' dir='ltr'><strong>magis</strong></span> <span class='ocrx_word' id='word_1_129' title='bbox 1109 3094 1643 3174; x_wconf 89' lang='lat' dir='ltr'><strong>universales,</strong></span> <span class='ocrx_word' id='word_1_130' title='bbox 1719 3096 2004 3185; x_wconf 88' lang='lat' dir='ltr'><strong>postea</strong></span> <span class='ocrx_word' id='word_1_131' title='bbox 2073 3094 2334 3185; x_wconf 86' lang='lat' dir='ltr'><strong>magis</strong></span> 
     </span>
     <span class='ocr_line' id='line_1_33' title="bbox 793 3209 2333 3308; baseline -0.003 -21"><span class='ocrx_word' id='word_1_132' title='bbox 793 3213 1400 3308; x_wconf 75' lang='lat' dir='ltr'><strong>particulares:</strong></span> <span class='ocrx_word' id='word_1_133' title='bbox 1471 3215 1554 3285; x_wconf 92' lang='lat' dir='ltr'><strong>et</strong></span> <span class='ocrx_word' id='word_1_134' title='bbox 1641 3209 1829 3301; x_wconf 89' lang='lat' dir='ltr'><strong>quia</strong></span> <span class='ocrx_word' id='word_1_135' title='bbox 1899 3230 2333 3302; x_wconf 81' lang='lat' dir='ltr'><strong>processus</strong></span> 
     </span>
     <span class='ocr_line' id='line_1_34' title="bbox 791 3324 2332 3418; baseline -0.003 -16"><span class='ocrx_word' id='word_1_136' title='bbox 791 3335 1112 3405; x_wconf 74' lang='lat' dir='ltr'><strong>naturae</strong></span> <span class='ocrx_word' id='word_1_137' title='bbox 1167 3334 1293 3404; x_wconf 91' lang='lat' dir='ltr'><strong>est</strong></span> <span class='ocrx_word' id='word_1_138' title='bbox 1331 3330 1422 3402; x_wconf 88' lang='lat' dir='ltr'><strong>de</strong></span> <span class='ocrx_word' id='word_1_139' title='bbox 1482 3324 1962 3418; x_wconf 91' lang='lat' dir='ltr'><strong>imperfecto</strong></span> <span class='ocrx_word' id='word_1_140' title='bbox 2003 3325 2099 3397; x_wconf 90' lang='lat' dir='ltr'><strong>ad</strong></span> <span class='ocrx_word' id='word_1_141' title='bbox 2158 3345 2332 3418; x_wconf 86' lang='lat' dir='ltr'><strong>per-</strong></span> 
     </span>
     <span class='ocr_line' id='line_1_35' title="bbox 791 3444 2330 3541; baseline -0.003 -19"><span class='ocrx_word' id='word_1_142' title='bbox 791 3450 1119 3530; x_wconf 88' lang='lat' dir='ltr'><strong>fectum,</strong></span> <span class='ocrx_word' id='word_1_143' title='bbox 1158 3452 1439 3541; x_wconf 90' lang='lat' dir='ltr'><strong>aperte</strong></span> <span class='ocrx_word' id='word_1_144' title='bbox 1484 3450 1708 3540; x_wconf 87' lang='lat' dir='ltr'><strong>patet</strong></span> <span class='ocrx_word' id='word_1_145' title='bbox 1772 3446 1980 3539; x_wconf 87' lang='lat' dir='ltr'><strong>quod</strong></span> <span class='ocrx_word' id='word_1_146' title='bbox 2041 3444 2330 3518; x_wconf 83' lang='lat' dir='ltr'><strong>formae</strong></span> 
     </span>
     <span class='ocr_line' id='line_1_36' title="bbox 792 3561 2330 3656; baseline -0.003 -18"><span class='ocrx_word' id='word_1_147' title='bbox 792 3565 1265 3639; x_wconf 81' lang='lat' dir='ltr'><strong>materiales</strong></span> <span class='ocrx_word' id='word_1_148' title='bbox 1318 3568 1617 3656; x_wconf 82' lang='lat' dir='ltr'><strong>quanto</strong></span> <span class='ocrx_word' id='word_1_149' title='bbox 1682 3563 1942 3652; x_wconf 88' lang='lat' dir='ltr'><strong>magis</strong></span> <span class='ocrx_word' id='word_1_150' title='bbox 2012 3561 2330 3634; x_wconf 84' lang='lat' dir='ltr'><strong>univer-</strong></span> 
     </span>
     <span class='ocr_line' id='line_1_37' title="bbox 792 3677 2328 3770; baseline -0.001 -18"><span class='ocrx_word' id='word_1_151' title='bbox 792 3680 1030 3764; x_wconf 86' lang='lat' dir='ltr'><strong>sales,</strong></span> <span class='ocrx_word' id='word_1_152' title='bbox 1076 3684 1308 3755; x_wconf 89' lang='lat' dir='ltr'><strong>tanto</strong></span> <span class='ocrx_word' id='word_1_153' title='bbox 1371 3678 1632 3770; x_wconf 86' lang='lat' dir='ltr'><strong>magis</strong></span> <span class='ocrx_word' id='word_1_154' title='bbox 1678 3682 1864 3752; x_wconf 87' lang='lat' dir='ltr'><strong>sunt</strong></span> <span class='ocrx_word' id='word_1_155' title='bbox 1907 3677 2328 3770; x_wconf 88' lang='lat' dir='ltr'><strong>imperfec-</strong></span> 
     </span>
     <span class='ocr_line' id='line_1_38' title="bbox 788 3794 2328 3890; baseline -0.003 -18"><span class='ocrx_word' id='word_1_156' title='bbox 788 3801 918 3872; x_wconf 80' lang='lat' dir='ltr'><strong>tae.</strong></span> <span class='ocrx_word' id='word_1_157' title='bbox 956 3795 1438 3890; x_wconf 87' lang='lat' dir='ltr'><strong>Oppositum</strong></span> <span class='ocrx_word' id='word_1_158' title='bbox 1470 3800 1741 3869; x_wconf 83' lang='lat' dir='ltr'><strong>tamen</strong></span> <span class='ocrx_word' id='word_1_159' title='bbox 1765 3794 2002 3868; x_wconf 87' lang='lat' dir='ltr'><strong>estin</strong></span> <span class='ocrx_word' id='word_1_160' title='bbox 2037 3794 2328 3868; x_wconf 90' lang='lat' dir='ltr'><strong>formis</strong></span> 
     </span>
     <span class='ocr_line' id='line_1_39' title="bbox 788 3912 2328 4003; baseline -0.002 -16"><span class='ocrx_word' id='word_1_161' title='bbox 788 3913 1473 3988; x_wconf 83' lang='lat' dir='ltr'><strong>immaterialibus</strong></span> <span class='ocrx_word' id='word_1_162' title='bbox 1525 3917 1603 3985; x_wconf 91' lang='lat' dir='ltr'><strong>et</strong></span> <span class='ocrx_word' id='word_1_163' title='bbox 1650 3912 2099 4003; x_wconf 87' lang='lat' dir='ltr'><strong>separatis;</strong></span> <span class='ocrx_word' id='word_1_164' title='bbox 2139 3913 2328 4003; x_wconf 85' lang='lat' dir='ltr'><strong>quia</strong></span> 
     </span>
     <span class='ocr_line' id='line_1_40' title="bbox 782 4025 2325 4121; baseline 0 -21"><span class='ocrx_word' id='word_1_165' title='bbox 782 4027 1032 4103; x_wconf 89' lang='lat' dir='ltr'><strong>etiam</strong></span> <span class='ocrx_word' id='word_1_166' title='bbox 1105 4028 1395 4101; x_wconf 79' lang='lat' dir='ltr'><strong>formae</strong></span> <span class='ocrx_word' id='word_1_167' title='bbox 1461 4025 1956 4107; x_wconf 82' lang='lat' dir='ltr'><strong>materiales,</strong></span> <span class='ocrx_word' id='word_1_168' title='bbox 2029 4027 2095 4099; x_wconf 88' lang='lat' dir='ltr'><strong>si</strong></span> <span class='ocrx_word' id='word_1_169' title='bbox 2153 4049 2325 4121; x_wconf 89' lang='lat' dir='ltr'><strong>pos-</strong></span> 
     </span>
     <span class='ocr_line' id='line_1_41' title="bbox 784 4141 2323 4236; baseline 0 -20"><span class='ocrx_word' id='word_1_170' title='bbox 784 4149 966 4218; x_wconf 87' lang='lat' dir='ltr'><strong>sent</strong></span> <span class='ocrx_word' id='word_1_171' title='bbox 1053 4148 1457 4236; x_wconf 82' lang='lat' dir='ltr'><strong>separatae</strong></span> <span class='ocrx_word' id='word_1_172' title='bbox 1553 4141 1934 4223; x_wconf 85' lang='lat' dir='ltr'><strong>existere,</strong></span> <span class='ocrx_word' id='word_1_173' title='bbox 2021 4149 2323 4234; x_wconf 87' lang='lat' dir='ltr'><strong>quanto</strong></span> 
     </span>
     <span class='ocr_line' id='line_1_42' title="bbox 780 4257 2324 4350; baseline -0.001 -17"><span class='ocrx_word' id='word_1_174' title='bbox 780 4257 1449 4338; x_wconf 86' lang='lat' dir='ltr'><strong>universaliores,</strong></span> <span class='ocrx_word' id='word_1_175' title='bbox 1520 4260 1752 4330; x_wconf 88' lang='lat' dir='ltr'><strong>tanto</strong></span> <span class='ocrx_word' id='word_1_176' title='bbox 1814 4262 2084 4331; x_wconf 90' lang='lat' dir='ltr'><strong>essent</strong></span> <span class='ocrx_word' id='word_1_177' title='bbox 2144 4279 2324 4350; x_wconf 86' lang='lat' dir='ltr'><strong>pcr-</strong></span> 
     </span>
     <span class='ocr_line' id='line_1_43' title="bbox 781 4377 2320 4468; baseline 0 -17"><span class='ocrx_word' id='word_1_178' title='bbox 781 4378 1191 4453; x_wconf 88' lang='lat' dir='ltr'><strong>fectiores.</strong></span> <span class='ocrx_word' id='word_1_179' title='bbox 1239 4377 1458 4460; x_wconf 85' lang='lat' dir='ltr'><strong>Quod</strong></span> <span class='ocrx_word' id='word_1_180' title='bbox 1494 4380 1736 4467; x_wconf 87' lang='lat' dir='ltr'><strong>patet,</strong></span> <span class='ocrx_word' id='word_1_181' title='bbox 1786 4377 1972 4467; x_wconf 87' lang='lat' dir='ltr'><strong>quia</strong></span> <span class='ocrx_word' id='word_1_182' title='bbox 2016 4382 2320 4468; x_wconf 85' lang='lat' dir='ltr'><strong>quanto</strong></span> 
     </span>
     <span class='ocr_line' id='line_1_44' title="bbox 782 4493 2319 4586; baseline -0.001 -18"><span class='ocrx_word' id='word_1_183' title='bbox 782 4493 1451 4574; x_wconf 81' lang='lat' dir='ltr'><strong>universaliores,</strong></span> <span class='ocrx_word' id='word_1_184' title='bbox 1550 4497 1779 4566; x_wconf 90' lang='lat' dir='ltr'><strong>tanto</strong></span> <span class='ocrx_word' id='word_1_185' title='bbox 1879 4493 2319 4586; x_wconf 89' lang='lat' dir='ltr'><strong>simplicio-</strong></span> 
     </span>
     <span class='ocr_line' id='line_1_45' title="bbox 783 4608 2318 4702; baseline 0 -20"><span class='ocrx_word' id='word_1_186' title='bbox 783 4632 955 4691; x_wconf 90' lang='lat' dir='ltr'><strong>res;</strong></span> <span class='ocrx_word' id='word_1_187' title='bbox 1059 4614 1359 4702; x_wconf 84' lang='lat' dir='ltr'><strong>quanto</strong></span> <span class='ocrx_word' id='word_1_188' title='bbox 1439 4608 2011 4701; x_wconf 83' lang='lat' dir='ltr'><strong>simpliciores,</strong></span> <span class='ocrx_word' id='word_1_189' title='bbox 2086 4613 2318 4684; x_wconf 86' lang='lat' dir='ltr'><strong>tanto</strong></span> 
     </span>
     <span class='ocr_line' id='line_1_46' title="bbox 780 4724 2316 4818; baseline -0.001 -20"><span class='ocrx_word' id='word_1_190' title='bbox 780 4726 1277 4801; x_wconf 87' lang='lat' dir='ltr'><strong>actualiores</strong></span> <span class='ocrx_word' id='word_1_191' title='bbox 1327 4730 1406 4799; x_wconf 91' lang='lat' dir='ltr'><strong>et</strong></span> <span class='ocrx_word' id='word_1_192' title='bbox 1474 4724 2033 4818; x_wconf 84' lang='lat' dir='ltr'><strong>perfectiores.</strong></span> <span class='ocrx_word' id='word_1_193' title='bbox 2098 4727 2316 4797; x_wconf 83' lang='lat' dir='ltr'><strong>Unde</strong></span> 
     </span>
     <span class='ocr_line' id='line_1_47' title="bbox 778 4841 2318 4933; baseline 0.001 -19"><span class='ocrx_word' id='word_1_194' title='bbox 778 4843 989 4917; x_wconf 89' lang='lat' dir='ltr'><strong>sicut</strong></span> <span class='ocrx_word' id='word_1_195' title='bbox 1026 4841 1296 4914; x_wconf 89' lang='lat' dir='ltr'><strong>forma</strong></span> <span class='ocrx_word' id='word_1_196' title='bbox 1349 4841 1671 4932; x_wconf 86' lang='lat' dir='ltr'><strong>generis</strong></span> <span class='ocrx_word' id='word_1_197' title='bbox 1703 4844 1825 4913; x_wconf 91' lang='lat' dir='ltr'><strong>est</strong></span> <span class='ocrx_word' id='word_1_198' title='bbox 1861 4841 2318 4933; x_wconf 87' lang='lat' dir='ltr'><strong>simplicior</strong></span> 
     </span>
     <span class='ocr_line' id='line_1_48' title="bbox 774 4955 2315 5052; baseline 0.001 -21"><span class='ocrx_word' id='word_1_199' title='bbox 774 4980 1016 5052; x_wconf 88' lang='lat' dir='ltr'><strong>quam</strong></span> <span class='ocrx_word' id='word_1_200' title='bbox 1076 4957 1344 5031; x_wconf 90' lang='lat' dir='ltr'><strong>forma</strong></span> <span class='ocrx_word' id='word_1_201' title='bbox 1412 4955 1736 5050; x_wconf 87' lang='lat' dir='ltr'><strong>speciei,</strong></span> <span class='ocrx_word' id='word_1_202' title='bbox 1804 4956 1920 5030; x_wconf 85' lang='lat' dir='ltr'><strong>ita</strong></span> <span class='ocrx_word' id='word_1_203' title='bbox 1981 4958 2142 5032; x_wconf 89' lang='lat' dir='ltr'><strong>erit</strong></span> <span class='ocrx_word' id='word_1_204' title='bbox 2185 4979 2315 5032; x_wconf 88' lang='lat' dir='ltr'><strong>ac-</strong></span> 
     </span>
     <span class='ocr_line' id='line_1_49' title="bbox 771 5074 2314 5168; baseline -0.001 -18"><span class='ocrx_word' id='word_1_205' title='bbox 771 5076 1081 5150; x_wconf 89' lang='lat' dir='ltr'><strong>tualior</strong></span> <span class='ocrx_word' id='word_1_206' title='bbox 1137 5080 1217 5149; x_wconf 91' lang='lat' dir='ltr'><strong>et</strong></span> <span class='ocrx_word' id='word_1_207' title='bbox 1281 5074 1722 5168; x_wconf 86' lang='lat' dir='ltr'><strong>perfectior</strong></span> <span class='ocrx_word' id='word_1_208' title='bbox 1768 5098 1780 5141; x_wconf 91' lang='lat'>:</span> <span class='ocrx_word' id='word_1_209' title='bbox 1839 5074 1906 5147; x_wconf 87' lang='lat' dir='ltr'><strong>si</strong></span> <span class='ocrx_word' id='word_1_210' title='bbox 1952 5095 2152 5166; x_wconf 91' lang='lat' dir='ltr'><strong>ergo</strong></span> <span class='ocrx_word' id='word_1_211' title='bbox 2200 5075 2314 5168; x_wconf 88' lang='lat' dir='ltr'><strong>ip-</strong></span> 
     </span>
     <span class='ocr_line' id='line_1_50' title="bbox 770 5188 2312 5282; baseline -0.001 -20"><span class='ocrx_word' id='word_1_212' title='bbox 770 5210 948 5262; x_wconf 89' lang='lat' dir='ltr'><strong>sum</strong></span> <span class='ocrx_word' id='word_1_213' title='bbox 998 5212 1153 5270; x_wconf 79' lang='lat' dir='ltr'><strong>esse,</strong></span> <span class='ocrx_word' id='word_1_214' title='bbox 1216 5191 1428 5261; x_wconf 88' lang='lat' dir='ltr'><strong>esset</strong></span> <span class='ocrx_word' id='word_1_215' title='bbox 1482 5188 1988 5261; x_wconf 84' lang='lat' dir='ltr'><strong>abstractum</strong></span> <span class='ocrx_word' id='word_1_216' title='bbox 2044 5210 2188 5282; x_wconf 86' lang='lat' dir='ltr'><strong>per</strong></span> <span class='ocrx_word' id='word_1_217' title='bbox 2228 5210 2312 5261; x_wconf 91' lang='lat' dir='ltr'><strong>se</strong></span> 
     </span>
     <span class='ocr_line' id='line_1_51' title="bbox 768 5303 2310 5385; baseline -0.001 -6"><span class='ocrx_word' id='word_1_218' title='bbox 768 5305 1153 5385; x_wconf 86' lang='lat' dir='ltr'><strong>existens,</strong></span> <span class='ocrx_word' id='word_1_219' title='bbox 1191 5303 1524 5376; x_wconf 88' lang='lat' dir='ltr'><strong>haberet</strong></span> <span class='ocrx_word' id='word_1_220' title='bbox 1558 5303 1637 5375; x_wconf 91' lang='lat' dir='ltr'><strong>in</strong></span> <span class='ocrx_word' id='word_1_221' title='bbox 1682 5325 1765 5376; x_wconf 89' lang='lat' dir='ltr'><strong>se</strong></span> <span class='ocrx_word' id='word_1_222' title='bbox 1801 5325 2118 5376; x_wconf 88' lang='lat' dir='ltr'><strong>omnem</strong></span> <span class='ocrx_word' id='word_1_223' title='bbox 2149 5327 2310 5378; x_wconf 92' lang='lat' dir='ltr'><strong>mo-</strong></span> 
     </span>
     <span class='ocr_line' id='line_1_52' title="bbox 767 5419 2310 5514; baseline -0.001 -19"><span class='ocrx_word' id='word_1_224' title='bbox 767 5422 955 5495; x_wconf 89' lang='lat' dir='ltr'><strong>dum</strong></span> <span class='ocrx_word' id='word_1_225' title='bbox 1027 5419 1611 5512; x_wconf 86' lang='lat' dir='ltr'><strong>simplicitatis,</strong></span> <span class='ocrx_word' id='word_1_226' title='bbox 1676 5426 1756 5494; x_wconf 91' lang='lat' dir='ltr'><strong>et</strong></span> <span class='ocrx_word' id='word_1_227' title='bbox 1816 5442 1963 5514; x_wconf 90' lang='lat' dir='ltr'><strong>per</strong></span> <span class='ocrx_word' id='word_1_228' title='bbox 2028 5443 2310 5494; x_wconf 89' lang='lat' dir='ltr'><strong>consc-</strong></span> 
     </span>
     <span class='ocr_line' id='line_1_53' title="bbox 771 5540 2305 5633; baseline 0.001 -21"><span class='ocrx_word' id='word_1_229' title='bbox 771 5562 1020 5633; x_wconf 87' lang='lat' dir='ltr'><strong>quens</strong></span> <span class='ocrx_word' id='word_1_230' title='bbox 1059 5560 1376 5612; x_wconf 89' lang='lat' dir='ltr'><strong>omnem</strong></span> <span class='ocrx_word' id='word_1_231' title='bbox 1430 5540 1750 5612; x_wconf 88' lang='lat' dir='ltr'><strong>modum</strong></span> <span class='ocrx_word' id='word_1_232' title='bbox 1799 5541 2305 5614; x_wconf 84' lang='lat' dir='ltr'><strong>actualitatis</strong></span> 
     </span>
    </p>
   </div>
   <div class='ocr_carea' id='block_1_17' title="bbox 767 5656 1541 5757">
    <p class='ocr_par' dir='ltr' id='par_1_17' title="bbox 767 5656 1541 5757">
     <span class='ocr_line' id='line_1_54' title="bbox 767 5656 1541 5757; baseline -0.001 -25"><span class='ocrx_word' id='word_1_233' title='bbox 767 5663 848 5732; x_wconf 85' lang='lat' dir='ltr'><strong>et</strong></span> <span class='ocrx_word' id='word_1_234' title='bbox 925 5656 1450 5757; x_wconf 88' lang='lat' dir='ltr'><strong>perfectionis</strong></span> <span class='ocrx_word' id='word_1_235' title='bbox 1519 5677 1541 5731; x_wconf 70' lang='grc' dir='ltr'><em>ε</em></span> 
     </span>
    </p>
   </div>
   <div class='ocr_carea' id='block_1_18' title="bbox 1970 462 2827 553">
    <p class='ocr_par' dir='ltr' id='par_1_18' title="bbox 1970 462 2827 553">
     <span class='ocr_line' id='line_1_55' title="bbox 1970 462 2827 553; baseline 0.001 -3"><span class='ocrx_word' id='word_1_236' title='bbox 1970 462 2073 550; x_wconf 75' lang='lat' dir='ltr'><strong>m:</strong></span> <span class='ocrx_word' id='word_1_237' title='bbox 2119 464 2387 553; x_wconf 66' lang='lat' dir='ltr'><strong>neuun</strong></span> <span class='ocrx_word' id='word_1_238' title='bbox 2442 476 2827 551; x_wconf 72' lang='lat' dir='ltr'><strong>rnmcimo</strong></span> 
     </span>
    </p>
   </div>
   <div class='ocr_carea' id='block_1_19' title="bbox 2456 645 4020 1082">
    <p class='ocr_par' dir='ltr' id='par_1_19' title="bbox 2456 645 4020 1082">
     <span class='ocr_line' id='line_1_56' title="bbox 2466 645 3993 745; baseline 0 -26"><span class='ocrx_word' id='word_1_239' title='bbox 2466 648 2852 741; x_wconf 89' lang='lat' dir='ltr'><strong>primum,</strong></span> <span class='ocrx_word' id='word_1_240' title='bbox 2901 647 3008 721; x_wconf 90' lang='lat' dir='ltr'><strong>sit</strong></span> <span class='ocrx_word' id='word_1_241' title='bbox 3040 668 3182 720; x_wconf 90' lang='lat' dir='ltr'><strong>ens</strong></span> <span class='ocrx_word' id='word_1_242' title='bbox 3226 667 3372 740; x_wconf 87' lang='lat' dir='ltr'><strong>per</strong></span> <span class='ocrx_word' id='word_1_243' title='bbox 3405 668 3490 719; x_wconf 90' lang='lat' dir='ltr'><strong>se</strong></span> <span class='ocrx_word' id='word_1_244' title='bbox 3535 645 3993 745; x_wconf 73' lang='lat' dir='ltr'><strong>subsistens,</strong></span> 
     </span>
     <span class='ocr_line' id='line_1_57' title="bbox 2463 764 4008 856; baseline -0.001 -20"><span class='ocrx_word' id='word_1_245' title='bbox 2463 784 2625 837; x_wconf 90' lang='lat' dir='ltr'><strong>non</strong></span> <span class='ocrx_word' id='word_1_246' title='bbox 2696 770 3243 847; x_wconf 87' lang='lat' dir='ltr'><strong>contractum,</strong></span> <span class='ocrx_word' id='word_1_247' title='bbox 3292 764 3481 856; x_wconf 90' lang='lat' dir='ltr'><strong>quia</strong></span> <span class='ocrx_word' id='word_1_248' title='bbox 3532 764 3779 837; x_wconf 89' lang='lat' dir='ltr'><strong>aliter</strong></span> <span class='ocrx_word' id='word_1_249' title='bbox 3845 764 4008 837; x_wconf 42' lang='lat' dir='ltr'><strong>non*</strong></span> 
     </span>
     <span class='ocr_line' id='line_1_58' title="bbox 2461 881 4020 975; baseline 0.001 -22"><span class='ocrx_word' id='word_1_250' title='bbox 2461 888 2680 956; x_wconf 90' lang='lat' dir='ltr'><strong>esset</strong></span> <span class='ocrx_word' id='word_1_251' title='bbox 2718 883 3047 956; x_wconf 91' lang='lat' dir='ltr'><strong>omnino</strong></span> <span class='ocrx_word' id='word_1_252' title='bbox 3081 882 3465 975; x_wconf 90' lang='lat' dir='ltr'><strong>primum,</strong></span> <span class='ocrx_word' id='word_1_253' title='bbox 3494 881 3630 955; x_wconf 92' lang='lat' dir='ltr'><strong>sed</strong></span> <span class='ocrx_word' id='word_1_254' title='bbox 3651 882 4020 969; x_wconf 57' lang='lat' dir='ltr'><strong>abstrace</strong></span> 
     </span>
     <span class='ocr_line' id='line_1_59' title="bbox 2456 998 3995 1082; baseline -0.001 -14"><span class='ocrx_word' id='word_1_255' title='bbox 2456 1000 2631 1070; x_wconf 90' lang='lat' dir='ltr'><strong>tum</strong></span> <span class='ocrx_word' id='word_1_256' title='bbox 2702 999 2801 1071; x_wconf 86' lang='lat' dir='ltr'><strong>ab</strong></span> <span class='ocrx_word' id='word_1_257' title='bbox 2869 1000 3268 1082; x_wconf 84' lang='lat' dir='ltr'><strong>omnibus,</strong></span> <span class='ocrx_word' id='word_1_258' title='bbox 3340 1020 3526 1073; x_wconf 88' lang='lat' dir='ltr'><strong>cum</strong></span> <span class='ocrx_word' id='word_1_259' title='bbox 3585 998 3690 1072; x_wconf 91' lang='lat' dir='ltr'><strong>sit</strong></span> <span class='ocrx_word' id='word_1_260' title='bbox 3758 1016 3995 1071; x_wconf 87' lang='lat' dir='ltr'><strong>causa</strong></span> 
     </span>
    </p>
   </div>
   <div class='ocr_carea' id='block_1_20' title="bbox 2462 1113 4184 1244">
    <p class='ocr_par' dir='ltr' id='par_1_20' title="bbox 2462 1113 4184 1244">
     <span class='ocr_line' id='line_1_60' title="bbox 2462 1113 4184 1244; baseline -0.003 -58"><span class='ocrx_word' id='word_1_261' title='bbox 2462 1115 2848 1197; x_wconf 91' lang='lat' dir='ltr'><strong>omnium,</strong></span> <span class='ocrx_word' id='word_1_262' title='bbox 2878 1121 2965 1190; x_wconf 88' lang='lat' dir='ltr'><strong>ut</strong></span> <span class='ocrx_word' id='word_1_263' title='bbox 2991 1117 3301 1191; x_wconf 88' lang='lat' dir='ltr'><strong>ostendi</strong></span> <span class='ocrx_word' id='word_1_264' title='bbox 3320 1142 3334 1198; x_wconf 91' lang='lat'><strong>;</strong></span> <span class='ocrx_word' id='word_1_265' title='bbox 3355 1135 3555 1207; x_wconf 88' lang='lat' dir='ltr'><strong>ergo</strong></span> <span class='ocrx_word' id='word_1_266' title='bbox 3577 1114 3809 1187; x_wconf 88' lang='lat' dir='ltr'><strong>modo</strong></span> <span class='ocrx_word' id='word_1_267' title='bbox 3827 1113 3997 1185; x_wconf 89' lang='lat' dir='ltr'><strong>sim·</strong></span> <span class='ocrx_word' id='word_1_268' title='bbox 4025 1128 4184 1244; x_wconf 50' lang='lat' dir='ltr'><strong>samia⁴</strong></span> 
     </span>
    </p>
   </div>
   <div class='ocr_carea' id='block_1_21' title="bbox 2456 1229 4001 1792">
    <p class='ocr_par' dir='ltr' id='par_1_21' title="bbox 2456 1229 4144 1792">
     <span class='ocr_line' id='line_1_61' title="bbox 2459 1229 3999 1324; baseline -0.001 -20"><span class='ocrx_word' id='word_1_269' title='bbox 2459 1230 2910 1324; x_wconf 89' lang='lat' dir='ltr'><strong>plicissimo</strong></span> <span class='ocrx_word' id='word_1_270' title='bbox 2942 1234 3306 1308; x_wconf 91' lang='lat' dir='ltr'><strong>continet</strong></span> <span class='ocrx_word' id='word_1_271' title='bbox 3349 1252 3669 1308; x_wconf 91' lang='lat' dir='ltr'><strong>omnem</strong></span> <span class='ocrx_word' id='word_1_272' title='bbox 3710 1229 3999 1324; x_wconf 86' lang='lat' dir='ltr'><strong>perfec·</strong></span> 
     </span>
     <span class='ocr_line' id='line_1_62' title="bbox 2459 1347 4001 1444; baseline 0 -25"><span class='ocrx_word' id='word_1_273' title='bbox 2459 1347 2790 1432; x_wconf 90' lang='lat' dir='ltr'><strong>tionem,</strong></span> <span class='ocrx_word' id='word_1_274' title='bbox 2829 1371 3005 1442; x_wconf 76' lang='lat' dir='ltr'><strong>quae</strong></span> <span class='ocrx_word' id='word_1_275' title='bbox 3048 1350 3310 1444; x_wconf 88' lang='lat' dir='ltr'><strong>possit</strong></span> <span class='ocrx_word' id='word_1_276' title='bbox 3351 1348 3847 1441; x_wconf 87' lang='lat' dir='ltr'><strong>excogitari;</strong></span> <span class='ocrx_word' id='word_1_277' title='bbox 3888 1368 4001 1421; x_wconf 89' lang='lat' dir='ltr'><strong>er·</strong></span> 
     </span>
     <span class='ocr_line' id='line_1_63' title="bbox 2458 1466 4000 1555; baseline 0 -18"><span class='ocrx_word' id='word_1_278' title='bbox 2458 1483 2559 1555; x_wconf 92' lang='lat' dir='ltr'><strong>go</strong></span> <span class='ocrx_word' id='word_1_279' title='bbox 2578 1469 2703 1541; x_wconf 90' lang='lat' dir='ltr'><strong>est</strong></span> <span class='ocrx_word' id='word_1_280' title='bbox 2726 1488 2973 1541; x_wconf 88' lang='lat' dir='ltr'><strong>causa</strong></span> <span class='ocrx_word' id='word_1_281' title='bbox 2993 1467 3369 1541; x_wconf 88' lang='lat' dir='ltr'><strong>formalis</strong></span> <span class='ocrx_word' id='word_1_282' title='bbox 3385 1467 3772 1539; x_wconf 88' lang='lat' dir='ltr'><strong>omnium.</strong></span> <span class='ocrx_word' id='word_1_283' title='bbox 3792 1466 4000 1548; x_wconf 86' lang='lat' dir='ltr'><strong>Quod</strong></span> 
     </span>
     <span class='ocr_line' id='line_1_64' title="bbox 2456 1582 3998 1678; baseline 0 -25"><span class='ocrx_word' id='word_1_284' title='bbox 2456 1586 2731 1657; x_wconf 88' lang='lat' dir='ltr'><strong>autem</strong></span> <span class='ocrx_word' id='word_1_285' title='bbox 2797 1584 2914 1658; x_wconf 90' lang='lat' dir='ltr'><strong>sic</strong></span> <span class='ocrx_word' id='word_1_286' title='bbox 2975 1589 3100 1659; x_wconf 90' lang='lat' dir='ltr'><strong>est</strong></span> <span class='ocrx_word' id='word_1_287' title='bbox 3162 1584 3512 1678; x_wconf 84' lang='lat' dir='ltr'><strong>simplex</strong></span> <span class='ocrx_word' id='word_1_288' title='bbox 3557 1582 3998 1676; x_wconf 88' lang='lat' dir='ltr'><strong>perfectum</strong></span> 
     </span>
     <span class='ocr_line' id='line_1_65' title="bbox 2457 1694 3993 1792; baseline 0.006 -25"><span class='ocrx_word' id='word_1_289' title='bbox 2457 1694 2948 1782; x_wconf 85' lang='lat' dir='ltr'><strong>formaliter,</strong></span> <span class='ocrx_word' id='word_1_290' title='bbox 2986 1698 3445 1792; x_wconf 85' lang='lat' dir='ltr'><strong>plurificari</strong></span> <span class='ocrx_word' id='word_1_291' title='bbox 3485 1718 3648 1771; x_wconf 88' lang='lat' dir='ltr'><strong>non</strong></span> <span class='ocrx_word' id='word_1_292' title='bbox 3705 1699 3993 1791; x_wconf 89' lang='lat' dir='ltr'><strong>potest,</strong></span> 
     </span>
    </p>
   </div>
   <div class='ocr_carea' id='block_1_22' title="bbox 2457 1792 4185 2024">
    <p class='ocr_par' dir='ltr' id='par_1_22' title="bbox 2457 1792 4185 2024">
     <span class='ocr_line' id='line_1_66' title="bbox 2457 1792 4185 1927; baseline 0.002 -45"><span class='ocrx_word' id='word_1_293' title='bbox 2457 1815 2667 1904; x_wconf 88' lang='lat' dir='ltr'><strong>quod</strong></span> <span class='ocrx_word' id='word_1_294' title='bbox 2724 1819 2949 1907; x_wconf 91' lang='lat' dir='ltr'><strong>patet</strong></span> <span class='ocrx_word' id='word_1_295' title='bbox 3005 1816 3121 1889; x_wconf 89' lang='lat' dir='ltr'><strong>sic</strong></span> <span class='ocrx_word' id='word_1_296' title='bbox 3166 1815 3509 1890; x_wconf 86' lang='lat' dir='ltr'><strong>:Unitas</strong></span> <span class='ocrx_word' id='word_1_297' title='bbox 3558 1820 3640 1889; x_wconf 90' lang='lat' dir='ltr'><strong>et</strong></span> <span class='ocrx_word' id='word_1_298' title='bbox 3685 1814 3998 1891; x_wconf 88' lang='lat' dir='ltr'><strong>veritas</strong></span> <span class='ocrx_word' id='word_1_299' title='bbox 4055 1792 4185 1927; x_wconf 40' lang='grc' dir='ltr'><strong>(ζῇς</strong></span> 
     </span>
     <span class='ocr_line' id='line_1_67' title="bbox 2458 1928 4185 2024; baseline -0.001 -24"><span class='ocrx_word' id='word_1_300' title='bbox 2458 1928 2575 2001; x_wconf 91' lang='lat' dir='ltr'><strong>rei</strong></span> <span class='ocrx_word' id='word_1_301' title='bbox 2620 1930 3062 2023; x_wconf 88' lang='lat' dir='ltr'><strong>perfectius</strong></span> <span class='ocrx_word' id='word_1_302' title='bbox 3114 1931 3542 2005; x_wconf 87' lang='lat' dir='ltr'><strong>salvantur</strong></span> <span class='ocrx_word' id='word_1_303' title='bbox 3584 1931 3665 2003; x_wconf 87' lang='lat' dir='ltr'><strong>in</strong></span> <span class='ocrx_word' id='word_1_304' title='bbox 3734 1930 4185 2024; x_wconf 70' lang='lat' dir='ltr'><strong>primorerfec«</strong></span> 
     </span>
    </p>
   </div>
   <div class='ocr_carea' id='block_1_23' title="bbox 4025 2001 4184 2051">
    <p class='ocr_par' dir='ltr' id='par_1_23' title="bbox 4025 2001 4184 2051">
     <span class='ocr_line' id='line_1_68' title="bbox 4025 2001 4184 2051; baseline 0 -6"><span class='ocrx_word' id='word_1_305' title='bbox 4025 2001 4184 2051; x_wconf 63' lang='lat' dir='ltr'><strong>salvan</strong></span> 
     </span>
    </p>
   </div>
   <div class='ocr_carea' id='block_1_24' title="bbox 2454 2044 4185 2254">
    <p class='ocr_par' dir='ltr' id='par_1_24' title="bbox 2454 2044 4185 2254">
     <span class='ocr_line' id='line_1_69' title="bbox 2456 2044 4185 2139; baseline -0.004 -22"><span class='ocrx_word' id='word_1_306' title='bbox 2456 2044 2887 2138; x_wconf 89' lang='lat' dir='ltr'><strong>cujuslibet</strong></span> <span class='ocrx_word' id='word_1_307' title='bbox 2956 2045 3284 2137; x_wconf 89' lang='lat' dir='ltr'><strong>generis</strong></span> <span class='ocrx_word' id='word_1_308' title='bbox 3348 2067 3588 2139; x_wconf 86' lang='lat' dir='ltr'><strong>quam</strong></span> <span class='ocrx_word' id='word_1_309' title='bbox 3645 2045 3725 2118; x_wconf 92' lang='lat' dir='ltr'><strong>in</strong></span> <span class='ocrx_word' id='word_1_310' title='bbox 3785 2044 3986 2124; x_wconf 90' lang='lat' dir='ltr'><strong>aliis,</strong></span> <span class='ocrx_word' id='word_1_311' title='bbox 4035 2063 4185 2135; x_wconf 54' lang='lat' dir='ltr'><strong>infra</strong></span> 
     </span>
     <span class='ocr_line' id='line_1_70' title="bbox 2454 2127 4185 2254; baseline 0.002 -22"><span class='ocrx_word' id='word_1_312' title='bbox 2454 2181 2638 2233; x_wconf 89' lang='lat' dir='ltr'><strong>cum</strong></span> <span class='ocrx_word' id='word_1_313' title='bbox 2725 2162 3082 2254; x_wconf 87' lang='lat' dir='ltr'><strong>primum</strong></span> <span class='ocrx_word' id='word_1_314' title='bbox 3154 2162 3260 2236; x_wconf 89' lang='lat' dir='ltr'><strong>sit</strong></span> <span class='ocrx_word' id='word_1_315' title='bbox 3336 2182 3722 2235; x_wconf 88' lang='lat' dir='ltr'><strong>mensura</strong></span> <span class='ocrx_word' id='word_1_316' title='bbox 3800 2127 4185 2251; x_wconf 56' lang='grc' dir='ltr'><strong>8110-σῖἓῖιῖιέ</strong></span> 
     </span>
    </p>
   </div>
   <div class='ocr_carea' id='block_1_25' title="bbox 2444 2278 3993 3538">
    <p class='ocr_par' dir='ltr' id='par_1_25' title="bbox 2444 2278 3993 3422">
     <span class='ocr_line' id='line_1_71' title="bbox 2462 2278 3986 2372; baseline 0 -25"><span class='ocrx_word' id='word_1_317' title='bbox 2462 2296 2679 2360; x_wconf 90' lang='lat' dir='ltr'><strong>rum,</strong></span> <span class='ocrx_word' id='word_1_318' title='bbox 2727 2283 2813 2353; x_wconf 91' lang='lat' dir='ltr'><strong>ut</strong></span> <span class='ocrx_word' id='word_1_319' title='bbox 2846 2283 3071 2372; x_wconf 89' lang='lat' dir='ltr'><strong>patet</strong></span> <span class='ocrx_word' id='word_1_320' title='bbox 3104 2281 3194 2352; x_wconf 90' lang='lat' dir='ltr'><strong>de</strong></span> <span class='ocrx_word' id='word_1_321' title='bbox 3219 2279 3632 2354; x_wconf 84' lang='lat' dir='ltr'><strong>caliditate</strong></span> <span class='ocrx_word' id='word_1_322' title='bbox 3666 2278 3748 2351; x_wconf 91' lang='lat' dir='ltr'><strong>in</strong></span> <span class='ocrx_word' id='word_1_323' title='bbox 3784 2278 3986 2369; x_wconf 83' lang='lat' dir='ltr'><strong>igne.</strong></span> 
     </span>
     <span class='ocr_line' id='line_1_72' title="bbox 2456 2393 3991 2488; baseline -0.001 -21"><span class='ocrx_word' id='word_1_324' title='bbox 2456 2395 2601 2467; x_wconf 86' lang='lat' dir='ltr'><strong>Sed</strong></span> <span class='ocrx_word' id='word_1_325' title='bbox 2633 2393 2998 2468; x_wconf 86' lang='lat' dir='ltr'><strong>videmus</strong></span> <span class='ocrx_word' id='word_1_326' title='bbox 3028 2396 3234 2488; x_wconf 89' lang='lat' dir='ltr'><strong>quod</strong></span> <span class='ocrx_word' id='word_1_327' title='bbox 3278 2394 3655 2488; x_wconf 73' lang='lat' dir='ltr'><strong>quaelibet</strong></span> <span class='ocrx_word' id='word_1_328' title='bbox 3691 2416 3824 2468; x_wconf 92' lang='lat' dir='ltr'><strong>res</strong></span> <span class='ocrx_word' id='word_1_329' title='bbox 3865 2393 3991 2466; x_wconf 87' lang='lat' dir='ltr'><strong>ha-</strong></span> 
     </span>
     <span class='ocr_line' id='line_1_73' title="bbox 2451 2508 3991 2604; baseline 0.002 -24"><span class='ocrx_word' id='word_1_330' title='bbox 2451 2508 2586 2582; x_wconf 78' lang='lat' dir='ltr'><strong>bet</strong></span> <span class='ocrx_word' id='word_1_331' title='bbox 2662 2509 3326 2601; x_wconf 83' lang='lat' dir='ltr'><strong>singularitatem</strong></span> <span class='ocrx_word' id='word_1_332' title='bbox 3403 2530 3660 2594; x_wconf 87' lang='lat' dir='ltr'><strong>suam,</strong></span> <span class='ocrx_word' id='word_1_333' title='bbox 3725 2512 3991 2604; x_wconf 21' lang='lat' dir='ltr'><strong>‘quam</strong></span> 
     </span>
     <span class='ocr_line' id='line_1_74' title="bbox 2455 2623 3993 2720; baseline 0.003 -25"><span class='ocrx_word' id='word_1_334' title='bbox 2455 2623 2692 2699; x_wconf 86' lang='lat' dir='ltr'><strong>habet</strong></span> <span class='ocrx_word' id='word_1_335' title='bbox 2735 2647 2878 2720; x_wconf 91' lang='lat' dir='ltr'><strong>per</strong></span> <span class='ocrx_word' id='word_1_336' title='bbox 2909 2627 3472 2702; x_wconf 87' lang='lat' dir='ltr'><strong>actualitatem</strong></span> <span class='ocrx_word' id='word_1_337' title='bbox 3518 2648 3778 2709; x_wconf 89' lang='lat' dir='ltr'><strong>suam,</strong></span> <span class='ocrx_word' id='word_1_338' title='bbox 3825 2646 3993 2720; x_wconf 84' lang='lat' dir='ltr'><strong>quae</strong></span> 
     </span>
     <span class='ocr_line' id='line_1_75' title="bbox 2450 2741 3992 2836; baseline 0.002 -23"><span class='ocrx_word' id='word_1_339' title='bbox 2450 2746 2531 2816; x_wconf 86' lang='lat' dir='ltr'><strong>et</strong></span> <span class='ocrx_word' id='word_1_340' title='bbox 2597 2741 3384 2818; x_wconf 88' lang='lat' dir='ltr'><strong>incommunicabilis</strong></span> <span class='ocrx_word' id='word_1_341' title='bbox 3462 2743 3646 2817; x_wconf 89' lang='lat' dir='ltr'><strong>aliis</strong></span> <span class='ocrx_word' id='word_1_342' title='bbox 3711 2770 3727 2828; x_wconf 89' lang='grc'><strong>;</strong></span> <span class='ocrx_word' id='word_1_343' title='bbox 3797 2764 3992 2836; x_wconf 91' lang='lat' dir='ltr'><strong>ergo</strong></span> 
     </span>
     <span class='ocr_line' id='line_1_76' title="bbox 2451 2859 3991 2953; baseline 0.003 -24"><span class='ocrx_word' id='word_1_344' title='bbox 2451 2880 2634 2930; x_wconf 90' lang='lat' dir='ltr'><strong>cum</strong></span> <span class='ocrx_word' id='word_1_345' title='bbox 2703 2859 2784 2932; x_wconf 93' lang='lat' dir='ltr'><strong>in</strong></span> <span class='ocrx_word' id='word_1_346' title='bbox 2827 2860 3121 2953; x_wconf 90' lang='lat' dir='ltr'><strong>primo,</strong></span> <span class='ocrx_word' id='word_1_347' title='bbox 3169 2861 3275 2934; x_wconf 90' lang='lat' dir='ltr'><strong>sit</strong></span> <span class='ocrx_word' id='word_1_348' title='bbox 3319 2861 3586 2952; x_wconf 80' lang='lat' dir='ltr'><strong>maior</strong></span> <span class='ocrx_word' id='word_1_349' title='bbox 3652 2860 3991 2949; x_wconf 82' lang='lat' dir='ltr'><strong>actuali-</strong></span> 
     </span>
     <span class='ocr_line' id='line_1_77' title="bbox 2449 2977 3984 3071; baseline -0.001 -24"><span class='ocrx_word' id='word_1_350' title='bbox 2449 2979 2602 3057; x_wconf 91' lang='lat' dir='ltr'><strong>tas,</strong></span> <span class='ocrx_word' id='word_1_351' title='bbox 2638 2980 2763 3050; x_wconf 88' lang='lat' dir='ltr'><strong>est</strong></span> <span class='ocrx_word' id='word_1_352' title='bbox 2801 2977 3053 3050; x_wconf 86' lang='lat' dir='ltr'><strong>etiam</strong></span> <span class='ocrx_word' id='word_1_353' title='bbox 3089 2978 3357 3071; x_wconf 89' lang='lat' dir='ltr'><strong>major</strong></span> <span class='ocrx_word' id='word_1_354' title='bbox 3389 2978 3929 3069; x_wconf 77' lang='lat' dir='ltr'><strong>singularitas</strong></span> <span class='ocrx_word' id='word_1_355' title='bbox 3970 3002 3984 3045; x_wconf 74' lang='grc' dir='ltr'><strong><em>ι</em></strong></span> 
     </span>
     <span class='ocr_line' id='line_1_78' title="bbox 2446 3094 3989 3187; baseline 0.002 -23"><span class='ocrx_word' id='word_1_356' title='bbox 2446 3112 2647 3185; x_wconf 90' lang='lat' dir='ltr'><strong>ergo</strong></span> <span class='ocrx_word' id='word_1_357' title='bbox 2701 3094 2770 3167; x_wconf 93' lang='lat' dir='ltr'><strong>si</strong></span> <span class='ocrx_word' id='word_1_358' title='bbox 2820 3094 2989 3169; x_wconf 82' lang='lat' dir='ltr'><strong>haec</strong></span> <span class='ocrx_word' id='word_1_359' title='bbox 3031 3116 3192 3168; x_wconf 93' lang='lat' dir='ltr'><strong>non</strong></span> <span class='ocrx_word' id='word_1_360' title='bbox 3234 3099 3506 3187; x_wconf 90' lang='lat' dir='ltr'><strong>potest</strong></span> <span class='ocrx_word' id='word_1_361' title='bbox 3548 3094 3989 3179; x_wconf 90' lang='lat' dir='ltr'><strong>eommuni-</strong></span> 
     </span>
     <span class='ocr_line' id='line_1_79' title="bbox 2446 3211 3987 3304; baseline 0.002 -21"><span class='ocrx_word' id='word_1_362' title='bbox 2446 3211 2618 3284; x_wconf 89' lang='lat' dir='ltr'><strong>cari</strong></span> <span class='ocrx_word' id='word_1_363' title='bbox 2637 3237 2654 3294; x_wconf 90' lang='lat'>;</span> <span class='ocrx_word' id='word_1_364' title='bbox 2707 3233 2907 3304; x_wconf 89' lang='lat' dir='ltr'><strong>ergo</strong></span> <span class='ocrx_word' id='word_1_365' title='bbox 2970 3214 3237 3287; x_wconf 90' lang='lat' dir='ltr'><strong>minus</strong></span> <span class='ocrx_word' id='word_1_366' title='bbox 3279 3213 3822 3304; x_wconf 80' lang='lat' dir='ltr'><strong>singularitas</strong></span> <span class='ocrx_word' id='word_1_367' title='bbox 3864 3234 3987 3286; x_wconf 86' lang='lat' dir='ltr'><strong>ac-</strong></span> 
     </span>
     <span class='ocr_line' id='line_1_80' title="bbox 2444 3327 3169 3422; baseline -0.004 -21"><span class='ocrx_word' id='word_1_368' title='bbox 2444 3327 2857 3402; x_wconf 89' lang='lat' dir='ltr'><strong>tualitatis</strong></span> <span class='ocrx_word' id='word_1_369' title='bbox 2901 3327 3169 3422; x_wconf 91' lang='lat' dir='ltr'><strong>primi.</strong></span> 
     </span>
    </p>

    <p class='ocr_par' dir='ltr' id='par_1_26' title="bbox 2536 3444 3982 3538">
     <span class='ocr_line' id='line_1_81' title="bbox 2536 3444 3982 3538; baseline 0 -21"><span class='ocrx_word' id='word_1_370' title='bbox 2536 3446 2765 3527; x_wconf 90' lang='lat' dir='ltr'><strong>Item,</strong></span> <span class='ocrx_word' id='word_1_371' title='bbox 2864 3444 3028 3520; x_wconf 84' lang='lat' dir='ltr'><strong>tale</strong></span> <span class='ocrx_word' id='word_1_372' title='bbox 3082 3464 3225 3517; x_wconf 89' lang='lat' dir='ltr'><strong>ens</strong></span> <span class='ocrx_word' id='word_1_373' title='bbox 3316 3446 3431 3519; x_wconf 90' lang='lat' dir='ltr'><strong>sic</strong></span> <span class='ocrx_word' id='word_1_374' title='bbox 3509 3449 3982 3538; x_wconf 86' lang='lat' dir='ltr'><strong>separatum</strong></span> 
     </span>
    </p>
   </div>
   <div class='ocr_carea' id='block_1_26' title="bbox 4077 2313 4142 2361">
    <p class='ocr_par' dir='ltr' id='par_1_27' title="bbox 4077 2313 4142 2361">
     <span class='ocr_line' id='line_1_82' title="bbox 4077 2313 4142 2361; baseline 0 0"><span class='ocrx_word' id='word_1_375' title='bbox 4077 2313 4142 2361; x_wconf 82' lang='lat' dir='ltr'><strong>ali</strong></span> 
     </span>
    </p>
   </div>
   <div class='ocr_carea' id='block_1_27' title="bbox 4040 2264 4144 2312">
    <p class='ocr_par' dir='ltr' id='par_1_28' title="bbox 4040 2264 4144 2312">
     <span class='ocr_line' id='line_1_83' title="bbox 4040 2264 4144 2312; baseline 0 -17"><span class='ocrx_word' id='word_1_376' title='bbox 4040 2264 4144 2312; x_wconf 67' lang='lat' dir='ltr'><strong>quai</strong></span> 
     </span>
    </p>
   </div>
   <div class='ocr_carea' id='block_1_28' title="bbox 4143 2266 4184 2361">
    <p class='ocr_par' dir='ltr' id='par_1_29' title="bbox 4143 2266 4184 2361">
     <span class='ocr_line' id='line_1_84' title="bbox 4146 2266 4171 2298; baseline 0 0"><span class='ocrx_word' id='word_1_377' title='bbox 4146 2266 4171 2298; x_wconf 83' lang='lat' dir='ltr'><strong>n</strong></span> 
     </span>
     <span class='ocr_line' id='line_1_85' title="bbox 4143 2316 4184 2361; baseline 0 0"><span class='ocrx_word' id='word_1_378' title='bbox 4143 2316 4184 2361; x_wconf 46' lang='lat' dir='ltr'><strong>is¹</strong></span> 
     </span>
    </p>
   </div>
   <div class='ocr_carea' id='block_1_29' title="bbox 4061 3465 4176 3581">
    <p class='ocr_par' dir='ltr' id='par_1_30' title="bbox 4061 3465 4176 3581">
     <span class='ocr_line' id='line_1_86' title="bbox 4120 3465 4168 3514; baseline 0 0"><span class='ocrx_word' id='word_1_379' title='bbox 4120 3465 4168 3514; x_wconf 60' lang='grc' dir='ltr'><strong>ἵε</strong></span> 
     </span>
     <span class='ocr_line' id='line_1_87' title="bbox 4061 3527 4176 3581; baseline -0.035 0"><span class='ocrx_word' id='word_1_380' title='bbox 4061 3527 4176 3581; x_wconf 59' lang='grc' dir='ltr'><strong>ΡΜὸιΙ</strong></span> 
     </span>
    </p>
   </div>
   <div class='ocr_carea' id='block_1_30' title="bbox 2442 3561 4175 3642">
    <p class='ocr_par' dir='ltr' id='par_1_31' title="bbox 2442 3561 4175 3642">
     <span class='ocr_line' id='line_1_88' title="bbox 2442 3561 4175 3642; baseline -0.002 -10"><span class='ocrx_word' id='word_1_381' title='bbox 2442 3562 2805 3634; x_wconf 89' lang='lat' dir='ltr'><strong>eontinet</strong></span> <span class='ocrx_word' id='word_1_382' title='bbox 2843 3565 3101 3642; x_wconf 84' lang='lat' dir='ltr'><strong>totam</strong></span> <span class='ocrx_word' id='word_1_383' title='bbox 3155 3562 3563 3634; x_wconf 88' lang='lat' dir='ltr'><strong>rationem</strong></span> <span class='ocrx_word' id='word_1_384' title='bbox 3595 3561 3858 3642; x_wconf 74' lang='lat' dir='ltr'><strong>entis,</strong></span> <span class='ocrx_word' id='word_1_385' title='bbox 3903 3575 3984 3629; x_wconf 79' lang='grc' dir='ltr'><strong>ιο·</strong></span> <span class='ocrx_word' id='word_1_386' title='bbox 4074 3592 4175 3641; x_wconf 59' lang='grc' dir='ltr'><em>Μ</em></span> 
     </span>
    </p>
   </div>
   <div class='ocr_carea' id='block_1_31' title="bbox 2423 3676 4109 5520">
    <p class='ocr_par' dir='ltr' id='par_1_32' title="bbox 2423 3676 4109 5520">
     <span class='ocr_line' id='line_1_89' title="bbox 2443 3676 3979 3769; baseline 0.007 -24"><span class='ocrx_word' id='word_1_387' title='bbox 2443 3690 2578 3745; x_wconf 79' lang='lat' dir='ltr'><strong>tum</strong></span> <span class='ocrx_word' id='word_1_388' title='bbox 2606 3681 2731 3750; x_wconf 90' lang='lat' dir='ltr'><strong>est</strong></span> <span class='ocrx_word' id='word_1_389' title='bbox 2780 3677 2998 3759; x_wconf 87' lang='lat' dir='ltr'><strong>illud,</strong></span> <span class='ocrx_word' id='word_1_390' title='bbox 3042 3681 3281 3750; x_wconf 86' lang='lat' dir='ltr'><strong>extra</strong></span> <span class='ocrx_word' id='word_1_391' title='bbox 3332 3678 3534 3769; x_wconf 86' lang='lat' dir='ltr'><strong>quod</strong></span> <span class='ocrx_word' id='word_1_392' title='bbox 3574 3676 3785 3749; x_wconf 90' lang='lat' dir='ltr'><strong>nihil</strong></span> <span class='ocrx_word' id='word_1_393' title='bbox 3825 3681 3979 3757; x_wconf 86' lang='lat' dir='ltr'><strong>est;</strong></span> 
     </span>
     <span class='ocr_line' id='line_1_90' title="bbox 2440 3793 3978 3886; baseline 0.003 -26"><span class='ocrx_word' id='word_1_394' title='bbox 2440 3811 2641 3883; x_wconf 91' lang='lat' dir='ltr'><strong>ergo</strong></span> <span class='ocrx_word' id='word_1_395' title='bbox 2673 3797 2912 3866; x_wconf 85' lang='lat' dir='ltr'><strong>extra</strong></span> <span class='ocrx_word' id='word_1_396' title='bbox 2970 3793 3693 3886; x_wconf 85' lang='lat' dir='ltr'><strong>participationem</strong></span> <span class='ocrx_word' id='word_1_397' title='bbox 3740 3793 3978 3874; x_wconf 87' lang='lat' dir='ltr'><strong>illius,</strong></span> 
     </span>
     <span class='ocr_line' id='line_1_91' title="bbox 2438 3907 3984 4003; baseline 0.001 -25"><span class='ocrx_word' id='word_1_398' title='bbox 2438 3907 2644 3980; x_wconf 86' lang='lat' dir='ltr'><strong>nihil</strong></span> <span class='ocrx_word' id='word_1_399' title='bbox 2677 3913 2801 3982; x_wconf 90' lang='lat' dir='ltr'><strong>est</strong></span> <span class='ocrx_word' id='word_1_400' title='bbox 2839 3933 2853 3978; x_wconf 93' lang='lat'><strong>:</strong></span> <span class='ocrx_word' id='word_1_401' title='bbox 2907 3910 3041 3981; x_wconf 91' lang='lat' dir='ltr'><strong>sed</strong></span> <span class='ocrx_word' id='word_1_402' title='bbox 3082 3909 3150 3981; x_wconf 90' lang='lat' dir='ltr'><strong>si</strong></span> <span class='ocrx_word' id='word_1_403' title='bbox 3184 3913 3459 3983; x_wconf 91' lang='lat' dir='ltr'><strong>essent</strong></span> <span class='ocrx_word' id='word_1_404' title='bbox 3488 3909 3642 3981; x_wconf 88' lang='lat' dir='ltr'><strong>duo</strong></span> <span class='ocrx_word' id='word_1_405' title='bbox 3689 3907 3984 4003; x_wconf 87' lang='lat' dir='ltr'><strong>princi-</strong></span> 
     </span>
     <span class='ocr_line' id='line_1_92' title="bbox 2440 4023 3982 4120; baseline 0.001 -24"><span class='ocrx_word' id='word_1_406' title='bbox 2440 4024 2575 4117; x_wconf 89' lang='lat' dir='ltr'><strong>pia</strong></span> <span class='ocrx_word' id='word_1_407' title='bbox 2614 4049 2749 4094; x_wconf 78' lang='lat' dir='ltr'><strong>esse</strong></span> <span class='ocrx_word' id='word_1_408' title='bbox 2786 4023 3194 4108; x_wconf 86' lang='lat' dir='ltr'><strong>formalia,</strong></span> <span class='ocrx_word' id='word_1_409' title='bbox 3233 4048 3480 4099; x_wconf 89' lang='lat' dir='ltr'><strong>unum</strong></span> <span class='ocrx_word' id='word_1_410' title='bbox 3523 4046 3689 4098; x_wconf 91' lang='lat' dir='ltr'><strong>non</strong></span> <span class='ocrx_word' id='word_1_411' title='bbox 3737 4025 3982 4120; x_wconf 87' lang='lat' dir='ltr'><strong>parti-</strong></span> 
     </span>
     <span class='ocr_line' id='line_1_93' title="bbox 2437 4140 3980 4233; baseline 0 -19"><span class='ocrx_word' id='word_1_412' title='bbox 2437 4140 2755 4233; x_wconf 85' lang='lat' dir='ltr'><strong>ciparet</strong></span> <span class='ocrx_word' id='word_1_413' title='bbox 2779 4141 3019 4224; x_wconf 87' lang='lat' dir='ltr'><strong>aliud,</strong></span> <span class='ocrx_word' id='word_1_414' title='bbox 3043 4145 3122 4214; x_wconf 88' lang='lat' dir='ltr'><strong>et</strong></span> <span class='ocrx_word' id='word_1_415' title='bbox 3146 4144 3361 4214; x_wconf 87' lang='lat' dir='ltr'><strong>esset</strong></span> <span class='ocrx_word' id='word_1_416' title='bbox 3389 4141 3722 4214; x_wconf 90' lang='lat' dir='ltr'><strong>omnino</strong></span> <span class='ocrx_word' id='word_1_417' title='bbox 3748 4147 3980 4217; x_wconf 86' lang='lat' dir='ltr'><strong>extra</strong></span> 
     </span>
     <span class='ocr_line' id='line_1_94' title="bbox 2436 4257 3973 4352; baseline -0.001 -23"><span class='ocrx_word' id='word_1_418' title='bbox 2436 4257 2651 4329; x_wconf 87' lang='lat' dir='ltr'><strong>aliud</strong></span> <span class='ocrx_word' id='word_1_419' title='bbox 2688 4284 2701 4339; x_wconf 89' lang='lat'>;</span> <span class='ocrx_word' id='word_1_420' title='bbox 2739 4276 2940 4348; x_wconf 87' lang='lat' dir='ltr'><strong>ergo</strong></span> <span class='ocrx_word' id='word_1_421' title='bbox 2974 4280 3135 4331; x_wconf 91' lang='lat' dir='ltr'><strong>non</strong></span> <span class='ocrx_word' id='word_1_422' title='bbox 3178 4263 3522 4352; x_wconf 89' lang='lat' dir='ltr'><strong>possunt</strong></span> <span class='ocrx_word' id='word_1_423' title='bbox 3569 4281 3755 4333; x_wconf 90' lang='lat' dir='ltr'><strong>esse</strong></span> <span class='ocrx_word' id='word_1_424' title='bbox 3800 4260 3973 4331; x_wconf 89' lang='lat' dir='ltr'><strong>duo.</strong></span> 
     </span>
     <span class='ocr_line' id='line_1_95' title="bbox 2527 4375 4109 4485; baseline -0.001 -39"><span class='ocrx_word' id='word_1_425' title='bbox 2527 4376 2758 4457; x_wconf 88' lang='lat' dir='ltr'><strong>Item,</strong></span> <span class='ocrx_word' id='word_1_426' title='bbox 2850 4375 3345 4468; x_wconf 85' lang='lat' dir='ltr'><strong>plurificatio</strong></span> <span class='ocrx_word' id='word_1_427' title='bbox 3418 4375 3743 4458; x_wconf 84' lang='lat' dir='ltr'><strong>talium,</strong></span> <span class='ocrx_word' id='word_1_428' title='bbox 3821 4393 3972 4446; x_wconf 92' lang='lat' dir='ltr'><strong>non</strong></span> <span class='ocrx_word' id='word_1_429' title='bbox 4051 4375 4109 4485; x_wconf 58' lang='grc'><strong>50</strong></span> 
     </span>
     <span class='ocr_line' id='line_1_96' title="bbox 2433 4489 3971 4585; baseline -0.001 -23"><span class='ocrx_word' id='word_1_430' title='bbox 2433 4496 2648 4565; x_wconf 89' lang='lat' dir='ltr'><strong>esset</strong></span> <span class='ocrx_word' id='word_1_431' title='bbox 2684 4512 2828 4583; x_wconf 87' lang='lat' dir='ltr'><strong>per</strong></span> <span class='ocrx_word' id='word_1_432' title='bbox 2863 4491 3328 4575; x_wconf 78' lang='lat' dir='ltr'><strong>relationeS,</strong></span> <span class='ocrx_word' id='word_1_433' title='bbox 3366 4496 3456 4565; x_wconf 91' lang='lat' dir='ltr'><strong>ut</strong></span> <span class='ocrx_word' id='word_1_434' title='bbox 3489 4492 3567 4564; x_wconf 88' lang='lat' dir='ltr'><strong>in</strong></span> <span class='ocrx_word' id='word_1_435' title='bbox 3601 4489 3971 4585; x_wconf 87' lang='lat' dir='ltr'><strong>personis</strong></span> 
     </span>
     <span class='ocr_line' id='line_1_97' title="bbox 2431 4605 3969 4700; baseline -0.003 -19"><span class='ocrx_word' id='word_1_436' title='bbox 2431 4607 2745 4690; x_wconf 86' lang='lat' dir='ltr'><strong>divinis,</strong></span> <span class='ocrx_word' id='word_1_437' title='bbox 2837 4609 3026 4700; x_wconf 87' lang='lat' dir='ltr'><strong>quia</strong></span> <span class='ocrx_word' id='word_1_438' title='bbox 3072 4629 3319 4681; x_wconf 83' lang='lat' dir='ltr'><strong>unum</strong></span> <span class='ocrx_word' id='word_1_439' title='bbox 3382 4629 3542 4681; x_wconf 92' lang='lat' dir='ltr'><strong>non</strong></span> <span class='ocrx_word' id='word_1_440' title='bbox 3610 4613 3829 4683; x_wconf 89' lang='lat' dir='ltr'><strong>esset</strong></span> <span class='ocrx_word' id='word_1_441' title='bbox 3879 4605 3969 4680; x_wconf 87' lang='lat' dir='ltr'><strong>ab</strong></span> 
     </span>
     <span class='ocr_line' id='line_1_98' title="bbox 2430 4724 3969 4820; baseline 0.001 -24"><span class='ocrx_word' id='word_1_442' title='bbox 2430 4724 2619 4806; x_wconf 88' lang='lat' dir='ltr'><strong>alio,</strong></span> <span class='ocrx_word' id='word_1_443' title='bbox 2655 4747 2753 4797; x_wconf 88' lang='lat' dir='ltr'><strong>ex</strong></span> <span class='ocrx_word' id='word_1_444' title='bbox 2804 4747 2959 4816; x_wconf 87' lang='lat' dir='ltr'><strong>quo</strong></span> <span class='ocrx_word' id='word_1_445' title='bbox 3011 4726 3244 4798; x_wconf 89' lang='lat' dir='ltr'><strong>ambo</strong></span> <span class='ocrx_word' id='word_1_446' title='bbox 3304 4732 3494 4800; x_wconf 88' lang='lat' dir='ltr'><strong>sunt</strong></span> <span class='ocrx_word' id='word_1_447' title='bbox 3544 4728 3969 4820; x_wconf 59' lang='lat' dir='ltr'><strong>{equaliter</strong></span> 
     </span>
     <span class='ocr_line' id='line_1_99' title="bbox 2432 4841 4092 4936; baseline 0.004 -25"><span class='ocrx_word' id='word_1_448' title='bbox 2432 4841 2733 4933; x_wconf 86' lang='lat' dir='ltr'><strong>prima;</strong></span> <span class='ocrx_word' id='word_1_449' title='bbox 2790 4861 2989 4934; x_wconf 87' lang='lat' dir='ltr'><strong>ergo</strong></span> <span class='ocrx_word' id='word_1_450' title='bbox 3059 4864 3205 4936; x_wconf 87' lang='lat' dir='ltr'><strong>per</strong></span> <span class='ocrx_word' id='word_1_451' title='bbox 3263 4842 3665 4928; x_wconf 80' lang='lat' dir='ltr'><strong>absoluta.</strong></span> <span class='ocrx_word' id='word_1_452' title='bbox 3732 4846 4092 4930; x_wconf 59' lang='lat' dir='ltr'><strong>Num-1230</strong></span> 
     </span>
     <span class='ocr_line' id='line_1_100' title="bbox 2429 4928 4068 5053; baseline -0.001 -26"><span class='ocrx_word' id='word_1_453' title='bbox 2429 4977 2668 5048; x_wconf 85' lang='lat' dir='ltr'><strong>quam</strong></span> <span class='ocrx_word' id='word_1_454' title='bbox 2746 4963 3020 5032; x_wconf 88' lang='lat' dir='ltr'><strong>autem</strong></span> <span class='ocrx_word' id='word_1_455' title='bbox 3097 4959 3186 5034; x_wconf 87' lang='lat' dir='ltr'><strong>fit</strong></span> <span class='ocrx_word' id='word_1_456' title='bbox 3257 4960 3760 5052; x_wconf 86' lang='lat' dir='ltr'><strong>plurificatio</strong></span> <span class='ocrx_word' id='word_1_457' title='bbox 3828 4978 3966 5053; x_wconf 89' lang='lat' dir='ltr'><strong>per</strong></span> <span class='ocrx_word' id='word_1_458' title='bbox 4001 4928 4068 5027; x_wconf 60' lang='lat'><strong>25</strong></span> 
     </span>
     <span class='ocr_line' id='line_1_101' title="bbox 2425 5056 4063 5169; baseline 0.001 -25"><span class='ocrx_word' id='word_1_459' title='bbox 2425 5072 2824 5157; x_wconf 84' lang='lat' dir='ltr'><strong>absoluta,</strong></span> <span class='ocrx_word' id='word_1_460' title='bbox 2889 5075 3046 5148; x_wconf 91' lang='lat' dir='ltr'><strong>nisi</strong></span> <span class='ocrx_word' id='word_1_461' title='bbox 3098 5076 3285 5169; x_wconf 89' lang='lat' dir='ltr'><strong>quia</strong></span> <span class='ocrx_word' id='word_1_462' title='bbox 3345 5097 3594 5150; x_wconf 89' lang='lat' dir='ltr'><strong>unum</strong></span> <span class='ocrx_word' id='word_1_463' title='bbox 3634 5056 4063 5149; x_wconf 62' lang='lat' dir='ltr'><strong>illorump‘s</strong></span> 
     </span>
     <span class='ocr_line' id='line_1_102' title="bbox 2423 5191 3960 5285; baseline 0.001 -24"><span class='ocrx_word' id='word_1_464' title='bbox 2423 5193 2547 5262; x_wconf 89' lang='lat' dir='ltr'><strong>est</strong></span> <span class='ocrx_word' id='word_1_465' title='bbox 2591 5191 2854 5264; x_wconf 88' lang='lat' dir='ltr'><strong>altero</strong></span> <span class='ocrx_word' id='word_1_466' title='bbox 2891 5191 3356 5284; x_wconf 85' lang='lat' dir='ltr'><strong>perfectius,</strong></span> <span class='ocrx_word' id='word_1_467' title='bbox 3440 5197 3526 5266; x_wconf 90' lang='lat' dir='ltr'><strong>ut</strong></span> <span class='ocrx_word' id='word_1_468' title='bbox 3565 5194 3743 5265; x_wconf 84' lang='lat' dir='ltr'><strong>duae</strong></span> <span class='ocrx_word' id='word_1_469' title='bbox 3794 5211 3960 5285; x_wconf 80' lang='lat' dir='ltr'><strong>spe-</strong></span> 
     </span>
     <span class='ocr_line' id='line_1_103' title="bbox 2423 5307 3960 5402; baseline -0.001 -22"><span class='ocrx_word' id='word_1_470' title='bbox 2423 5308 2585 5380; x_wconf 91' lang='lat' dir='ltr'><strong>eies</strong></span> <span class='ocrx_word' id='word_1_471' title='bbox 2620 5308 3195 5402; x_wconf 82' lang='lat' dir='ltr'><strong>plurificantur</strong></span> <span class='ocrx_word' id='word_1_472' title='bbox 3228 5310 3373 5381; x_wconf 91' lang='lat' dir='ltr'><strong>sub</strong></span> <span class='ocrx_word' id='word_1_473' title='bbox 3420 5329 3741 5401; x_wconf 86' lang='lat' dir='ltr'><strong>genere,</strong></span> <span class='ocrx_word' id='word_1_474' title='bbox 3780 5307 3960 5400; x_wconf 86' lang='lat' dir='ltr'><strong>quia</strong></span> 
     </span>
     <span class='ocr_line' id='line_1_104' title="bbox 2423 5425 3950 5520; baseline 0.005 -24"><span class='ocrx_word' id='word_1_475' title='bbox 2423 5445 2746 5518; x_wconf 87' lang='lat' dir='ltr'><strong>semper</strong></span> <span class='ocrx_word' id='word_1_476' title='bbox 2786 5445 2945 5498; x_wconf 86' lang='lat' dir='ltr'><strong>una</strong></span> <span class='ocrx_word' id='word_1_477' title='bbox 2992 5429 3115 5500; x_wconf 89' lang='lat' dir='ltr'><strong>est</strong></span> <span class='ocrx_word' id='word_1_478' title='bbox 3166 5425 3607 5520; x_wconf 89' lang='lat' dir='ltr'><strong>perfectior</strong></span> <span class='ocrx_word' id='word_1_479' title='bbox 3671 5427 3950 5503; x_wconf 79' lang='lat' dir='ltr'><strong>altera,</strong></span> 
     </span>
    </p>
   </div>
   <div class='ocr_carea' id='block_1_32' title="bbox 2422 5542 3951 5635">
    <p class='ocr_par' dir='ltr' id='par_1_33' title="bbox 2422 5542 3951 5635">
     <span class='ocr_line' id='line_1_105' title="bbox 2422 5542 3951 5635; baseline -0.003 -21"><span class='ocrx_word' id='word_1_480' title='bbox 2422 5542 2631 5616; x_wconf 87' lang='lat' dir='ltr'><strong>sicut</strong></span> <span class='ocrx_word' id='word_1_481' title='bbox 2666 5543 2743 5615; x_wconf 91' lang='lat' dir='ltr'><strong>in</strong></span> <span class='ocrx_word' id='word_1_482' title='bbox 2785 5544 3161 5635; x_wconf 86' lang='lat' dir='ltr'><strong>analogo,</strong></span> <span class='ocrx_word' id='word_1_483' title='bbox 3227 5542 3688 5618; x_wconf 87' lang='lat' dir='ltr'><strong>substantia</strong></span> <span class='ocrx_word' id='word_1_484' title='bbox 3721 5547 3799 5628; x_wconf 86' lang='lat' dir='ltr'><strong>et</strong></span> <span class='ocrx_word' id='word_1_485' title='bbox 3839 5560 3951 5612; x_wconf 88' lang='lat' dir='ltr'><strong>ac-</strong></span> 
     </span>
    </p>
   </div>
   <div class='ocr_carea' id='block_1_33' title="bbox 1611 5660 3946 5757">
    <p class='ocr_par' dir='ltr' id='par_1_34' title="bbox 1611 5660 3946 5757">
     <span class='ocr_line' id='line_1_106' title="bbox 1611 5660 3946 5757; baseline -0.001 -26"><span class='ocrx_word' id='word_1_486' title='bbox 1611 5677 1792 5731; x_wconf 88' lang='lat' dir='ltr'><strong>oum</strong></span> <span class='ocrx_word' id='word_1_487' title='bbox 1886 5677 2087 5751; x_wconf 89' lang='lat' dir='ltr'><strong>crgo</strong></span> <span class='ocrx_word' id='word_1_488' title='bbox 2165 5678 2305 5731; x_wconf 90' lang='lat' dir='ltr'><strong>ens</strong></span> <span class='ocrx_word' id='word_1_489' title='bbox 2418 5660 2686 5732; x_wconf 87' lang='lat' dir='ltr'><strong>cidens</strong></span> <span class='ocrx_word' id='word_1_490' title='bbox 2757 5661 2902 5734; x_wconf 86' lang='lat' dir='ltr'><strong>sub</strong></span> <span class='ocrx_word' id='word_1_491' title='bbox 2983 5667 3191 5744; x_wconf 81' lang='lat' dir='ltr'><strong>ento,</strong></span> <span class='ocrx_word' id='word_1_492' title='bbox 3267 5662 3455 5757; x_wconf 88' lang='lat' dir='ltr'><strong>quia</strong></span> <span class='ocrx_word' id='word_1_493' title='bbox 3520 5679 3767 5733; x_wconf 87' lang='lat' dir='ltr'><strong>unum</strong></span> <span class='ocrx_word' id='word_1_494' title='bbox 3832 5660 3946 5744; x_wconf 79' lang='lat' dir='ltr'><strong>est</strong></span> 
     </span>
    </p>
   </div>
   <div class='ocr_carea' id='block_1_34' title="bbox 4155 4259 4158 4320">
    <p class='ocr_par' dir='ltr' id='par_1_35' title="bbox 4155 4259 4158 4320">
     <span class='ocr_line' id='line_1_107' title="bbox 4155 4259 4158 4320; baseline 0 0"><span class='ocrx_word' id='word_1_495' title='bbox 4155 4259 4158 4320; x_wconf 64' lang='lat' dir='ltr'><strong>l</strong></span> 
     </span>
    </p>
   </div>
  </div>
 </body>
</html>
