4252 6393
486 2246 567 2297 2⁴.

750 433 871 500 246

733 598 860 670 vel
895 616 1088 692 pars
1129 595 1331 688 ejus,
1367 593 1495 665 vel
1547 590 2047 665 informatur
2088 592 2276 681 post

731 713 1295 805 digestionem,
1355 715 1435 785 et
1494 710 1612 784 ita
1668 712 1793 784 est
1854 706 2270 780 nobilior:

729 851 917 906 nam
996 830 1291 912 anima,
1355 828 1482 901 vel
1562 827 1833 901 forma
1909 822 2276 899 substan-

727 948 976 1030 tialis,
1042 968 1216 1040 quae
1287 968 1448 1020 non
1516 945 1670 1018 fuit
1728 942 2026 1025 anima,
2101 941 2273 1014 ideo

725 1064 1087 1140 finaliter
1173 1063 1393 1136 vadit
1472 1063 1568 1136 ad
1641 1059 2268 1155 perfectionem,

728 1186 809 1256 et
865 1181 1280 1254 diceretur
1339 1178 1734 1273 perfectio
1791 1198 1889 1249 ex
1956 1175 2112 1247 fine
2156 1195 2273 1246 re-

731 1301 955 1373 mota
1016 1297 1511 1390 aliqualiter.
1587 1295 1732 1369 Sed
1801 1293 1869 1365 si
1930 1313 2090 1365 non
2148 1311 2273 1363 co-

731 1415 1193 1488 mederetur
1233 1413 1555 1505 aliquod
1584 1412 1858 1484 vivum
1891 1408 2267 1490 nobiliuS,

729 1531 1034 1606 sortior
1064 1537 1190 1608 est
1231 1531 1523 1613 forma,
1575 1534 1655 1604 et
1687 1530 2273 1619 corrumpetur

727 1648 1319 1743 imperfectior.
1359 1652 1461 1721 Et
1498 1647 1668 1720 ideo
1703 1645 1850 1721 tali
1883 1665 2076 1719 casu
2113 1643 2269 1716 suf-

722 1768 1009 1841 ficeret
1043 1765 1249 1859 quod
1289 1766 1595 1838 dictum
1637 1767 1786 1846 est,
1826 1763 2030 1856 quod
2062 1762 2268 1835 dica·

721 1887 861 1957 tur
900 1883 1287 1976 perfecta,
1335 1880 1523 1974 quia
1556 1901 1701 1974 per
1731 1878 2268 1971 digestionem

721 2000 1187 2092 disponitur
1263 1998 1553 2072 melius
1615 1997 1709 2070 ad
1794 2020 1929 2067 esse
2009 1996 2267 2069 nutri-

724 2116 1000 2189 menti.

813 2234 957 2307 Sed
1001 2232 1254 2307 adhuc
1316 2233 1562 2305 aliter
1613 2231 2012 2325 probatur
2070 2228 2266 2301 illud

722 2349 1226 2429 antecedens,
1284 2347 1473 2440 quia
1531 2346 1877 2438 digestio
1921 2344 2265 2438 juvatur

722 2487 769 2538 a
800 2465 1117 2557 frigore
1146 2464 1443 2548 alieno,
1481 2468 1561 2537 et
1584 2462 2075 2546 extrinseco,
2104 2468 2258 2540 etc.

718 2584 1091 2673 Negatur
1178 2582 1789 2674 consequentia,
1871 2586 1952 2654 et
2042 2579 2260 2654 ratio

714 2703 864 2780 est,
912 2698 1098 2790 quia
1133 2718 1293 2769 non
1317 2698 1661 2791 juvatur
1686 2718 1732 2769 a
1765 2697 2080 2789 frigore
2115 2698 2259 2771 illo

713 2815 1210 2897 extrinseco,
1255 2815 1418 2887 nisi
1454 2819 1795 2908 propter
1836 2813 2012 2897 hoc,
2052 2814 2258 2906 quod

710 2933 942 3008 calor
1003 2931 1411 3005 naturalis
1484 2952 1667 3004 cum
1739 2930 2092 3013 humido,
2177 2931 2258 3004 in

710 3072 868 3143 quo
905 3055 1453 3124 conservatur
1486 3050 1750 3140 frigus
1777 3048 2096 3140 fugiens
2129 3070 2258 3121 ex-

709 3166 1194 3249 trinsecum,
1238 3166 1524 3241 unitur
1568 3166 1940 3250 interiuS,
1978 3170 2057 3240 et
2090 3166 2256 3240 ani-

714 3284 869 3357 mis
913 3283 1214 3358 fortius
1274 3282 1681 3374 digeritur
1734 3283 1986 3364 cibus,
2049 3285 2256 3375 quod

712 3404 987 3476 tamen
1051 3404 1180 3474 est
1223 3399 1761 3473 intrinsecum
1813 3401 2090 3473 calore
2124 3421 2257 3473 na-

704 3517 983 3596 turali,
1009 3520 1086 3590 et
1129 3516 1245 3589 sic
1269 3516 1634 3608 juvatur,
1663 3519 1741 3590 et
1773 3537 1934 3589 non
1967 3517 2250 3601 aliter;

709 3636 968 3726 igitur
1029 3654 1188 3706 non
1235 3633 1609 3726 sequitur
1661 3621 1867 3726 quod
1938 3635 2254 3727 frigore

704 3751 1113 3824 efficiatur
1145 3750 1518 3841 digestio,
1550 3753 1937 3842 tanquam
1962 3755 2253 3842 agente

704 3867 1194 3950 immediate,
1224 3871 1303 3940 et
1326 3868 1743 3958 digerente
1770 3868 2247 3953 intrinseco,

705 3985 794 4055 ut
837 3986 1086 4075 patet.

794 4099 907 4171 Ad
974 4097 1546 4191 probationem
1614 4099 2245 4190 consequentiae,

706 4218 1127 4285 contrarium
1178 4214 1458 4305 impedit
1497 4219 1934 4298 contrarium,
1999 4227 2060 4283 et
2113 4238 2252 4285 non

693 4337 915 4423 juvat,
951 4350 1239 4402 verum
1272 4334 1396 4403 est
1430 4331 1497 4403 si
1551 4336 1850 4404 caetera
1892 4331 2058 4405 sint
2117 4353 2248 4425 pa·

713 4447 881 4528 ria;
923 4447 1056 4518 sed
1080 4448 1553 4539 quandoque
1586 4441 2099 4521 contrarium
2125 4450 2247 4542 ju-

703 4568 843 4637 vat
885 4563 1425 4644 contra-rium,
1471 4567 1549 4636 et
1592 4565 2063 4656 quandoque
2107 4566 2247 4637 im-

704 4680 945 4772 pedit,
983 4683 1064 4753 et
1098 4681 1567 4772 quandoque
1601 4681 1935 4773 impedit
1969 4682 2240 4766 simul,

701 4801 782 4871 et
808 4796 1045 4888 juvat
1086 4795 1168 4869 in
1200 4797 1818 4889 comparatione
1859 4799 1953 4870 ad
1985 4799 2244 4871 diver-

701 4933 791 4986 sa
825 4918 1228 5006 tempora,
1270 4933 1456 4985 nam
1493 4914 1828 5007 impedit
1863 4915 1943 4988 iu
1981 4921 2244 4989 extre-

700 5030 987 5105 mitate
1049 5029 1465 5103 actionum
1524 5029 2050 5103 calefaciendi
2131 5031 2241 5123 ip-

696 5169 874 5219 sum
911 5146 1326 5238 frigidum,
1355 5147 1697 5238 etjuvat
1729 5168 1903 5219 eam
1943 5147 2019 5219 in
2058 5169 2239 5241 pro-

697 5263 962 5346 funde,
1002 5268 1081 5337 et
1118 5262 1269 5335 hoc
1308 5268 1738 5357 postquam
1780 5265 2087 5356 depulit
2128 5266 2237 5357 ip-

696 5399 869 5451 sam
905 5380 1004 5450 ab
1035 5382 1434 5460 extremo,
1479 5384 1560 5453 et
1596 5380 1764 5451 ideo
1801 5400 1994 5451 raro
2044 5384 2237 5453 tem-

698 5516 919 5588 pore,
957 5500 1037 5569 ct
1070 5493 1220 5567 hoc
1254 5494 1505 5568 etiam
1540 5516 1697 5567 non
1729 5501 1852 5569 est
1889 5498 2235 5571 intentio

695 5611 1015 5704 agentis
1050 5611 1351 5706 frigidi,
1389 5612 1762 5685 videlicet
1787 5611 2078 5705 juvare
2113 5633 2237 5688 ca-

1897 420 2038 491 LlB.
2090 426 2189 490 lv.
2236 418 2779 491 METEORORUM

2390 587 2679 670 lorem‚
2729 587 2862 660 sed
2905 585 3253 661 intentio
3303 584 3430 657 est
3481 582 3921 662 destruere,

2389 710 2469 779 et
2503 706 2720 780 aliud
2746 704 3064 798 fugiens
3095 700 3742 778 destructionem
3767 702 3926 773 uni-

2390 825 2531 895 tur
2592 822 2863 906 alteri,
2936 826 3018 896 et
3058 821 3176 895 sic
3236 818 3434 913 agit,
3498 836 3661 891 non
3729 807 3925 910 quod

2388 938 2656 1030 frigus
2714 939 2914 1015 velit
2980 938 3246 1032 ipsum
3308 935 3751 1017 intendere,
3805 936 3926 1008 vel

2389 1053 2755 1136 intendit,
2796 1057 2929 1127 sed
2963 1054 3151 1147 quia
3192 1052 3535 1129 intendit
3565 1070 3926 1125 corrum-

2389 1190 2607 1262 pere,
2643 1176 2724 1245 et
2765 1173 2882 1246 sic
2914 1191 3012 1243 ex
3046 1170 3239 1262 fuga
3264 1170 3629 1264 juvatur,
3666 1171 3748 1241 et
3779 1166 3924 1241 hoc

2385 1291 2512 1361 est
2574 1307 2718 1380 per
2768 1288 3062 1380 ipsum,
3109 1286 3303 1362 licet
3348 1286 3671 1361 occasio
3714 1285 3823 1360 sit
3879 1304 3926 1357 a

2386 1403 2747 1497 frigore;
2819 1409 2899 1481 et
2943 1408 3059 1480 sic
3123 1405 3514 1480 similiter
3598 1403 3922 1476 concedi

2385 1524 2656 1614 potest
2692 1523 2895 1615 quod
2929 1522 3192 1615 frigus
3223 1542 3384 1595 non
3412 1521 3753 1596 intendit
3787 1520 3925 1593 ali-

2386 1658 2540 1731 quo
2587 1640 2818 1712 modo
2879 1640 3263 1721 calorem,
3335 1660 3478 1712 nec
3529 1637 3766 1731 juvat
3822 1637 3925 1710 di-

2385 1756 2893 1848 gestionem;
2957 1758 3089 1830 sed
3149 1758 3376 1832 calor
3416 1756 3736 1849 fugiens
3792 1754 3927 1828 fri-

2384 1891 2557 1964 gus,
2603 1876 2682 1945 et
2726 1895 2809 1947 se
2830 1875 3114 1948 uniens
3148 1873 3487 1947 intendit
3538 1874 3921 1955 calorem,

2381 1993 2460 2063 et
2513 1990 2749 2084 juvat
2809 1991 3374 2084 digestionem,
3418 1992 3496 2064 et
3551 1990 3707 2064 iste
3764 2009 3925 2063 non

2379 2110 2506 2179 est
2541 2106 2835 2200 frigus,
2874 2108 3008 2180 sed
3040 2108 3293 2181 calor.

2470 2226 2568 2298 Et
2602 2247 2701 2298 ex
2756 2225 2943 2298 istis
2986 2225 3558 2318 intelligantur
3608 2224 3923 2298 conclu·

2380 2338 2653 2413 siones
2735 2342 3163 2434 praedictae,
3245 2342 3557 2436 quando
3619 2343 3924 2416 dictum

2375 2458 2498 2528 est
2534 2458 2740 2548 quod
2772 2458 3038 2550 frigus
3077 2459 3630 2533 extrinsecum
3656 2458 3919 2553 juvat,

2376 2576 2798 2643 conclusione
2834 2578 3093 2664 quinta,
3131 2577 3209 2649 et
3257 2596 3419 2647 non
3465 2575 3776 2651 directe
3799 2575 3922 2669 ju·

2373 2690 2535 2770 vat,
2582 2690 2714 2760 sed
2750 2693 2836 2763 ut
2866 2689 3167 2764 dictum
3200 2694 3349 2764 est.

2460 2806 2573 2877 Ad
2615 2806 3069 2892 secunda-m,
3126 2810 3422 2899 Diqeslio
3476 2812 3555 2896 fit
3582 2834 3626 2878 a
3664 2812 3917 2879 calidi-

2373 2932 2504 2990 tate
2535 2925 2763 2993 aliena
2793 2927 2986 2993 nulla
3033 2928 3356 2996 existente
3406 2929 3693 3016 propria
3752 2931 3919 2997 cali·

2370 3042 2603 3111 ditate.
2650 3040 2975 3115 Dicitur
3024 3043 3120 3115 ad
3171 3045 3647 3118 antecedens
3708 3047 3922 3138 quod

2370 3154 2718 3249 digestio
2750 3158 2840 3231 fit
2874 3178 2921 3231 a
2972 3158 3311 3253 propria
3352 3160 3775 3237 caliditate
3823 3163 3924 3236 di·

2372 3273 2802 3363 gestibilis,
2875 3275 3064 3349 licet
3135 3275 3476 3370 propria
3543 3278 3921 3353 caliditas

2373 3389 2861 3481 digestibilis
2921 3391 3158 3485 juvat
3245 3394 3746 3486 quandoque,
3842 3399 3919 3468 et

2371 3508 2845 3600 quandoque
2920 3508 3263 3602 propria
3320 3509 3740 3585 caliditate
3813 3512 3919 3585 di-

2372 3624 2777 3713 gestibilis
2814 3646 2958 3719 per
3008 3628 3722 3720 consumptionem
3778 3629 3919 3702 fri-

2371 3740 2625 3831 goris,
2665 3743 2742 3812 et
2782 3762 2926 3834 per
2958 3742 3532 3816 abundantiam
3567 3744 3919 3819 humidi-

2366 3856 2590 3938 tatis,
2643 3859 2722 3929 et
2776 3857 3175 3932 siccitatis
3231 3858 3322 3932 fit
3378 3860 3623 3934 citius
3656 3863 3916 3956 diges-

2364 3972 2509 4055 tio,
2549 3973 2683 4045 sed
2714 3995 2998 4048 verum
3034 3975 3464 4068 aliquando
3499 3977 3713 4054 sicut
3748 3981 3916 4074 qui-

2364 4088 2544 4161 dam
2579 4091 3029 4184 expositor,
3067 4097 3155 4166 ut
3191 4113 3467 4187 supra.

2453 4208 2789 4290 Quidam
2821 4210 3248 4302 expositor
3282 4212 3687 4285 chrieus
3720 4215 3914 4288 dicit

2364 4324 2568 4415 quod
2608 4324 2898 4417 duplex
2944 4329 3066 4398 est
3118 4326 3493 4418 digestio,
3543 4331 3913 4420 quaedam

2361 4461 2409 4514 a
2449 4443 2723 4514 calore
2755 4442 3181 4527 exteriori,
3239 4446 3598 4537 quaedam
3652 4447 3757 4519 ab
3802 4446 3912 4519 in·

2361 4559 2684 4632 teriori.
2741 4562 2840 4633 Et
2887 4560 3260 4634 caliditas
3315 4562 3584 4654 primo
3639 4565 3907 4645 modo,

2359 4677 2510 4747 ete.
2556 4674 2985 4766 contingit,
3018 4675 3209 4768 quia
3243 4677 3364 4750 vel
3416 4677 3646 4750 calor
3677 4683 3910 4755 natu-

2362 4793 2562 4865 ralis
2602 4798 2726 4867 est
2778 4796 2855 4865 et
2923 4794 3317 4877 exterior,
3383 4795 3591 4868 sieut
3637 4797 3781 4869 Sol
3829 4798 3910 4870 in

2360 4910 2919 4985 maturatione
2969 4910 3417 4995 fructuum;
3471 4913 3595 4984 vel
3649 4914 3910 4988 artifi-

2356 5025 2588 5097 cialis
2622 5025 2829 5099 sicut
2866 5027 2948 5099 in
2979 5026 3442 5109 assatione;
3482 5029 3614 5101 sed
3646 5029 3910 5121 diges-

2353 5141 2471 5214 tio
2515 5163 2561 5214 a
2593 5143 2866 5216 calore
2898 5143 3260 5217 naturali
3296 5143 3750 5219 intrinseco
3785 5150 3908 5219 est

2354 5259 2445 5330 de
2486 5259 2760 5331 calore
2805 5259 3257 5333 intrinseco
3307 5261 3907 5351 digestibilium

2354 5374 2743 5456 effective,
2791 5381 2868 5447 et
2928 5377 3016 5447 fit
3085 5376 3550 5450 extrinseco
3620 5380 3905 5452 calore

2354 5492 2575 5566 circu
2593 5494 3015 5586 mseripto,
3052 5497 3130 5566 et
3165 5495 3255 5565 de
3280 5493 3431 5567 tali
3462 5495 3656 5569 dicit
3684 5497 3903 5570 Aris·

2352 5610 2688 5682 totelem
2724 5610 3296 5708 principaliter
3339 5611 3785 5698 intendere,
3823 5620 3899 5690 et

4039 2809 4110 2862 25.

4004 2875 4081 2925 Ad
4125 2873 4160 2921 2.
