4252 6393
1642 412 2001 492 ouAEs·r10
2048 411 2158 474 xx

332 605 451 653 esse
486 582 1071 656 aeviternorum
1124 579 1203 653 in
1263 599 1409 652 sua
1449 582 1861 655 continua-

333 703 562 783 tione,
608 705 690 775 et
722 721 881 772 non
929 700 1191 771 solum
1236 699 1316 770 in
1359 699 1526 771 suis
1583 722 1860 793 opera-

330 819 671 892 tionibus
741 818 981 891 habet
1055 836 1339 889 veram
1418 819 1859 891 successio-

327 956 520 1017 nem,
567 955 726 1007 non
778 933 1044 1006 minus
1095 932 1417 1006 habebit
1460 932 1550 1006 de
1602 934 1860 1008 unita-

332 1058 399 1125 te
453 1050 794 1133 essendi,
859 1071 1101 1143 quam
1160 1071 1292 1122 res
1362 1053 1857 1143 temporales

325 1167 663 1241 habeant
724 1168 804 1239 in
864 1188 1008 1239 suo
1065 1191 1199 1235 esse
1248 1196 1270 1236 .·
1323 1166 1511 1259 quia
1570 1168 1651 1239 in
1713 1189 1859 1240 sua

326 1284 879 1377 permanentia
918 1287 999 1357 ct
1040 1285 1583 1358 continuitate
1629 1285 1858 1359 habc-

324 1400 427 1472 bit
483 1420 767 1472 veram
846 1401 1470 1483 successionem,
1541 1407 1621 1475 et
1698 1423 1858 1474 non

322 1519 576 1590 solum
648 1519 725 1590 in
778 1519 946 1590 suis
997 1518 1853 1594 transmutationibus,

322 1636 474 1708 Aut
519 1635 772 1726 igitur
802 1635 1214 1708 successio
1248 1658 1413 1708 suae
1445 1638 1860 1710 continua-

322 1751 562 1825 tionis
607 1755 732 1825 est
784 1773 928 1845 per
980 1773 1064 1825 se
1117 1752 1196 1824 in
1244 1755 1641 1845 tempore,
1691 1754 1858 1827 sive

318 1873 437 1943 est
468 1874 815 1961 tempus,
873 1875 1014 1943 aut
1044 1874 1168 1943 est
1203 1870 1283 1941 in
1315 1891 1512 1941 aevo.
1558 1873 1855 1944 Amoto

318 1986 563 2060 ctiam
636 1985 853 2057 omni
924 1990 1190 2068 motu,
1270 1988 1447 2079 plus
1515 1988 1855 2061 dicimus

319 2102 643 2176 stetisse
683 2123 892 2184 eum,
932 2102 1068 2194 qui
1109 2103 1340 2177 stetit
1375 2105 1454 2175 in
1487 2125 1644 2176 uno
1676 2104 1855 2177 loco

319 2222 492 2293 tota
584 2218 732 2301 die,
807 2239 1047 2311 quam
1121 2219 1375 2303 illum,
1424 2221 1559 2312 qui
1628 2222 1858 2296 stetit

319 2354 468 2407 una
524 2334 729 2406 liora
771 2363 785 2405 ε
834 2355 1033 2427 ergo
1083 2336 1259 2429 ipsa
1294 2339 1641 2417 statura,
1690 2337 1858 2409 sive

319 2451 567 2543 qules,
632 2451 870 2525 habet
927 2473 1209 2525 veram
1271 2456 1723 2537 entitatem,
1780 2462 1859 2532 et

316 2589 598 2641 veram
633 2569 1193 2662 pluralitatem
1222 2575 1604 2665 partium,
1654 2574 1858 2647 alias

320 2686 568 2761 statio
611 2687 902 2760 diurna
933 2708 1094 2759 non
1126 2694 1342 2764 esset
1376 2691 1644 2783 maior
1694 2713 1859 2764 rea·

319 2802 506 2877 liter
539 2804 893 2878 statione
936 2804 1172 2879 unius
1207 2806 1455 2880 horae.

402 2920 568 2991 Nec
613 2922 883 3011 potest
913 2919 1093 3003 dici,
1133 2923 1336 3014 quod
1373 2923 1862 3015 temporalia

315 3033 624 3106 nullum
678 3041 952 3109 actum
1002 3035 1321 3117 liabent,
1369 3035 1527 3110 nisi
1562 3038 1643 3109 in
1674 3060 1862 3110 con-

315 3152 542 3225 tinua
623 3153 1119 3228 transitione
1191 3181 1206 3226 ε
1294 3156 1481 3248 quia
1559 3176 1861 3248 negare

316 3271 671 3361 quietem
713 3270 793 3344 in
836 3273 1075 3344 rebus
1118 3273 1631 3346 naturalibus
1665 3278 1859 3346 tcm-

316 3386 763 3478 poralibus,
816 3393 943 3462 est
992 3393 1284 3463 contra
1336 3411 1686 3462 sensum.

399 3502 701 3578 Dicunt
750 3508 1024 3578 autem
1074 3503 1239 3587 isti,
1295 3508 1499 3597 quod
1549 3510 1861 3583 Aristo-

317 3620 516 3694 teles
557 3626 892 3697 coactus
933 3619 1084 3694 fuit
1149 3644 1447 3715 ponere
1510 3627 1859 3717 quietem

316 3757 460 3829 per
492 3736 862 3813 accidens
906 3739 985 3811 in
1030 3742 1422 3831 tempo-re,
1458 3745 1534 3813 et
1574 3762 1715 3833 per
1749 3765 1856 3824 sc,

316 3856 502 3947 quia
536 3856 807 3948 posuit
849 3860 1161 3928 motum
1202 3877 1380 3928 esse
1437 3859 1861 3950 proprium

313 3971 769 4064 subjectum
812 3971 1234 4064 temporis,
1283 3977 1362 4046 et
1395 3993 1553 4045 non
1597 3975 1861 4067 ipsum

311 4085 901 4167 esse'actuale,
966 4086 1135 4158 sive
1200 4087 1659 4162 existentiae
1719 4091 1864 4163 sub

312 4200 917 4289 permanentia,
1005 4201 1133 4274 vel
1220 4203 1857 4289 continuatione,

314 4336 451 4387 seu
506 4317 963 4392 duratione.

400 4433 551 4508 Sed
586 4437 857 4526 potest
898 4434 1080 4509 istis
1111 4435 1294 4522 dici,
1339 4438 1545 4528 quod
1589 4441 1859 4512 unitas

310 4551 741 4644 temporis,
803 4572 1059 4643 neque
1115 4574 1213 4624 ex
1276 4557 1507 4645 parte
1561 4560 1855 4638 motus,

309 4685 456 4740 nec
489 4666 719 4759 quies
758 4667 1032 4760 aliqua
1073 4668 1551 4760 inquantum
1604 4673 1855 4764 quies,

308 4783 506 4859 dicit
538 4784 1083 4878 privationem
1118 4790 1385 4861 motus
1421 4787 1501 4859 in
1539 4809 1645 4870 re,
1685 4811 1860 4882 quae

310 4903 509 4992 apta
567 4904 761 4973 nata
818 4906 942 4974 est
1003 4903 1315 4975 moveri
1375 4930 1388 4972 :
1456 4925 1597 4976 nec
1666 4907 1859 4979 dicit

310 5016 898 5108 majoritatem,
936 5018 1065 5089 vel
1100 5018 1687 5104 minoritatem,
1733 5024 1859 5095 vel

310 5133 677 5224 partium
731 5134 1293 5227 pluralitatem
1357 5162 1370 5205 2
1439 5157 1581 5210 nec
1632 5139 1858 5230 quies

304 5248 603 5322 diurna
659 5253 782 5323 est
839 5251 1107 5343 maior
1157 5273 1398 5342 quam
1460 5252 1624 5336 illa,
1685 5277 1859 5348 quae

307 5368 432 5437 est
472 5365 557 5437 in
601 5386 760 5440 una
801 5365 1032 5449 hora,
1072 5367 1231 5440 nisi
1265 5389 1408 5461 per
1440 5391 1859 5463 compara-

308 5480 623 5554 tionem
686 5483 782 5556 ad
831 5488 1171 5558 motum.
1236 5484 1602 5559 Dicimus
1645 5489 1860 5561 enim

310 5577 671 5689 quietem
718 5599 1094 5673 diurnam
1141 5601 1564 5694 majorem,
1620 5626 1861 5697 quam

476 5731 736 5786 Tom.1V.

3390 411 3510 477 657

1980 581 2104 652 est
2139 577 2375 649 unius
2408 574 2665 654 horae;
2716 577 2844 647 vel
2897 576 3086 667 quia
3138 594 3294 657 res,
3347 596 3523 668 quae

1982 697 2284 789 quievit
2337 716 2495 768 una
2534 696 2682 778 die,
2729 697 2908 789 plus
2961 697 3226 789 potuit
3275 697 3354 769 in
3389 698 3529 770 illo

1982 814 2320 894 moveri,
2396 832 2635 904 quam
2719 834 2883 895 reS,
2968 834 3141 905 quae
3222 815 3529 909 quievit

1979 950 2140 1003 una
2198 930 2426 1012 hora,
2516 935 2595 1003 et
2658 933 2774 1004 sic
2836 954 3159 1027 semper
3245 956 3527 1008 secun-

1977 1049 2160 1120 dum
2204 1048 2663 1122 doctrinam
2719 1050 3192 1125 Aristotelis
3234 1054 3297 1124 4.
3341 1056 3528 1142 Pluy-

1974 1170 2094 1234 εἰς.
2160 1178 2319 1236 text.
2387 1170 2568 1234 Com.
2633 1169 2783 1237 118.
2842 1167 3067 1258 quies
3114 1189 3526 1240 mensura·

1976 1284 2115 1353 tur
2149 1302 2292 1373 per
2323 1282 3021 1376 comparationem
3055 1284 3150 1355 ad
3185 1287 3519 1358 motum.

2067 1400 2287 1480 Quod
2330 1403 2598 1470 autom
2646 1400 2864 1485 dicit,
2922 1402 3127 1492 quod
3170 1403 3348 1495 plus
3390 1403 3520 1476 ha·

1976 1514 2105 1585 bet
2166 1516 2256 1588 de
2319 1514 2687 1597 entitate,
2753 1536 2992 1608 quam
3064 1522 3376 1599 motus;
3442 1524 3524 1594 ct

1980 1633 2187 1724 quod
2265 1634 2678 1705 manentia
2751 1652 3026 1706 rerum
3111 1639 3522 1728 tempora-

1978 1751 2176 1822 lium
2213 1750 2318 1823 sit
2352 1750 2576 1840 quies
2623 1755 2802 1843 post
2840 1750 3522 1825 introductionem

1978 1868 2290 1952 formae,
2325 1872 2415 1941 ut
2452 1871 3001 1948 mensuratur,
3038 1873 3119 1942 et
3157 1890 3350 1942 vere
3383 1869 3523 1941 ha-

1974 1983 2107 2055 bet
2138 1982 2677 2066 durationem,
2723 1983 2898 2056 dico
2934 1985 3139 2076 quod
3173 1985 3520 2078 aequivo-

1976 2101 2236 2170 catur.
2274 2101 2480 2171 Nam
2516 2099 2741 2192 quies
2784 2099 3119 2192 proprie
3161 2106 3521 2193 accepta,

1975 2233 2137 2286 non
2178 2220 2300 2287 est
2334 2215 2491 2288 nisi
2527 2216 2880 2309 privatio
2917 2221 3209 2298 motus,
3245 2218 3335 2290 de
3373 2238 3525 2311 quo

1974 2329 2137 2402 dixi
2200 2330 2405 2422 quod
2469 2336 2836 2426 tempore
2908 2337 3437 2407 mensuratur
3504 2359 3518 2404 ε

1979 2447 2204 2538 quies
2248 2452 2518 2520 autem
2566 2452 2651 2521 ut
2693 2448 2884 2522 dicit
2921 2449 3186 2523 inesse
3231 2452 3348 2524 rei
3392 2471 3524 2542 gc-

1977 2564 2265 2645 nerali,
2324 2564 2491 2636 sive
2535 2566 2996 2658 temporali,
3052 2589 3206 2658 quo
3261 2569 3525 2662 priva-

1980 2686 2117 2756 tur
2172 2682 2339 2774 ipse
2403 2686 2672 2754 motus
2724 2684 3305 2774 generationiS,
3367 2705 3526 2757 non

1980 2804 2104 2873 est
2167 2798 2550 2892 privatio,
2626 2801 2758 2872 sed
2825 2805 2949 2875 est
3020 2800 3254 2884 idem,
3320 2803 3525 2894 quod

1983 2916 2395 2988 manentia
2451 2914 2668 2987 illius
2718 2940 2873 2998 esse,
2933 2939 3106 3009 quac
3173 2940 3332 2993 non
3401 2923 3525 2993 cst

1981 3032 2142 3104 alia
2178 3053 2308 3104 res
2350 3031 2447 3102 ab
2481 3032 2657 3124 ipso
2689 3056 2822 3100 esse
2855 3034 2974 3105 rei
3007 3037 3522 3123 generabilis.

1979 3153 2094 3224 De
2177 3150 2350 3242 ipso
2416 3154 2688 3223 autem
2764 3175 2896 3220 esse
2973 3156 3369 3238 manenti,
3445 3160 3525 3229 ct

1983 3267 2255 3359 quieto
2288 3266 2406 3338 rei
2450 3266 2964 3357 generabilis,
3009 3269 3173 3342 dixi
3207 3270 3287 3342 in
3329 3291 3526 3363 prae-

1980 3386 2289 3460 cedenti
2360 3385 2804 3477 quaestione
2869 3389 2914 3467 ⁶,
2990 3388 3195 3478 quod
3253 3391 3522 3462 motus

1984 3502 2099 3575 rei
2149 3524 2289 3594 per
2331 3523 2440 3583 se,
2477 3505 2558 3575 et
2591 3502 2856 3594 primo
2902 3506 3268 3596 tempore
3314 3526 3525 3577 men-

1983 3623 2357 3700 suratur;
2410 3639 2568 3690 non
2610 3624 2885 3692 autem
2936 3619 3112 3712 ipsa
3162 3622 3518 3705 mobilia,

1981 3735 2138 3808 nisi
2182 3737 2656 3828 inquantum
2689 3736 2881 3810 talis
2926 3739 3523 3832 transsumptio

1981 3853 2281 3943 aliquid
2336 3852 2612 3945 abjicit
2675 3853 2772 3924 ab
2829 3853 2971 3933 eis,
3038 3855 3164 3926 vel
3227 3855 3530 3948 aliquid

1981 3969 2287 4062 adjicit,
2352 3990 2524 4060 quae
2561 3969 2930 4061 adjectiO,
2980 3970 3108 4042 vel
3148 3971 3523 4064 abjectio,

1983 4085 2089 4161 sit
2155 4086 2611 4158 successive
2681 4086 2982 4177 aliquid
3052 4088 3521 4180 abjiciendo,

1980 4208 2060 4279 et
2101 4204 2611 4276 contrarium
2673 4202 3143 4295 adjiciendo,
3215 4205 3342 4277 vel
3400 4211 3525 4280 to-

1982 4326 2154 4395 tum
2204 4321 2310 4393 sit
2354 4319 2620 4392 simul.
2669 4319 2946 4392 Primo
3001 4322 3236 4394 modo
3282 4342 3526 4413 quan-

1976 4437 2247 4511 titatis
2298 4441 2375 4510 et
2421 4437 2843 4529 qualitatis
2887 4438 3089 4511 fiunt
3141 4445 3437 4522 motus.
3477 4461 3524 4512 a

1981 4557 2267 4647 quibus
2316 4574 2460 4646 per
2511 4577 2594 4626 se
2639 4558 3010 4646 tempore
3055 4576 3525 4631 mensuran-

1981 4675 2142 4753 tur,
2190 4671 2520 4743 sednon
2583 4670 2880 4762 primo;
2937 4673 3166 4746 verbi
3220 4676 3518 4765 gratia,

1978 4809 2162 4860 cum
2249 4786 2525 4859 albedo
2613 4786 2993 4862 continue
3079 4794 3524 4880 generatur

1982 4909 2204 4976 motu
2277 4901 2690 4992 augmenti
2760 4903 3193 4976 secundum
3271 4904 3524 4978 inten-

1979 5018 2316 5100 sionem,
2363 5019 2840 5108 inquantum
2879 5038 3021 5109 per
3056 5023 3331 5110 partes
3366 5042 3525 5094 mo·

1980 5140 2110 5209 tus
2179 5134 2560 5206 continue
2637 5134 3180 5226 acquiruntur
3247 5142 3525 5228 partes

1979 5251 2392 5332 albedinis,
2439 5250 2711 5323 album
2758 5255 2839 5325 et
2888 5251 3166 5325 albedo
3219 5273 3363 5345 per
3410 5277 3519 5338 se,

1980 5369 2166 5442 licet
2209 5388 2367 5440 non
2424 5368 2713 5460 primo,
2777 5372 3147 5461 tempore
3210 5394 3523 5450 mensu-

1983 5489 2300 5558 rantur.
2341 5485 2700 5558 Secundo
2747 5487 2978 5559 modo
3018 5511 3152 5556 esse
3195 5490 3312 5564 rei
3347 5497 3522 5568 sub-

1983 5602 2391 5684 stantiale,
2432 5602 2635 5693 quod
2683 5602 2896 5676 dicta
2948 5606 3248 5698 positio
3281 5618 3522 5687 vocat

3310 5746 3371 5796 ⁴2

3611 2118 3750 2194 Qufd
3777 2127 3855 2168 ese

3614 2195 3779 2246 quw-5.

3566 3386 3585 3408 ⁶
3606 3399 3753 3438 num.
3781 3383 3862 3436 21.

3592 3452 3642 3498 et
3672 3460 3815 3512 seqq.
