4252 6393
419 3979 631 4093 met-{⁸25³

609 4107 698 4218 se
724 4087 821 4170 le,
859 4090 940 4162 et
977 4088 1331 4161 refluxus
1367 4087 1724 4179 quolibet
1754 4088 1876 4161 die
1909 4094 2156 4163 natur
2162 4091 2270 4164 ali

373 4120 568 4217 ’bnamn

406 4183 452 4216 28

372 4230 643 4281 naturali.

712 402 828 469 134

699 584 927 638 mare
997 581 1383 656 magnum
1454 561 1981 655 intercipitur
2041 559 2251 632 insu-

698 681 827 763 lis,
875 681 1010 756 ubi
1040 685 1165 755 est
1205 681 1341 753 via
1383 678 1786 759 strictior,
1834 677 1942 752 ibi
1987 677 2252 768 magis

699 803 1044 893 apparet
1083 798 1378 880 fluxus,
1432 801 1514 872 et
1564 796 1696 868 ubi
1739 795 2119 888 amplior,
2148 795 2253 867 ibi

707 914 972 987 minus
1017 920 1387 1009 apparet.
1446 916 1593 988 Sed
1634 914 1799 988 alia
1852 915 2041 986 sunt
2093 932 2255 984 ma-

704 1032 857 1114 ria,
907 1054 1082 1126 quae
1123 1032 1407 1113 fluunt,
1483 1038 1563 1107 et
1624 1053 1785 1105 non
1853 1034 2258 1125 apparent

704 1151 954 1223 fluere
988 1153 1330 1244 propter
1362 1150 1898 1232 altitudinem,
1937 1154 2016 1223 et
2040 1148 2258 1222 habi·

707 1269 1107 1343 tationem
1149 1267 1503 1362 rupium,
1540 1271 1622 1341 et
1657 1267 2052 1360 riparum,
2091 1266 2259 1359 qui-

708 1387 855 1458 bus
890 1386 1332 1463 includitur
1375 1386 1569 1458 illud
1612 1407 1864 1458 mare.
1914 1387 2059 1458 Sed
2102 1391 2259 1459 ter-

712 1505 830 1579 tia
872 1508 1083 1585 sunt,
1132 1524 1482 1598 quorum
1514 1502 1778 1575 fluxus
1820 1524 1978 1575 non
2021 1523 2261 1597 appa-

716 1625 844 1696 ret
901 1625 1244 1718 propter
1300 1620 1479 1703 hoc,
1539 1620 1727 1714 quia
1775 1640 2023 1692 unum
2081 1620 2262 1694 fluit

714 1739 797 1814 in
832 1738 1261 1830 reliquum,
1299 1742 1381 1812 et
1412 1759 1453 1809 e
1494 1742 1813 1811 contra.

805 1856 953 1930 Sed
994 1855 1337 1930 tertium
1390 1875 1642 1947 genus
1703 1852 2056 1926 marium
2108 1860 2259 1938 est,

715 1975 922 2066 quod
972 1972 1173 2054 fluit,
1229 1976 1310 2046 et
1350 1975 1692 2065 apparet
1724 1971 2001 2054 fluere,
2049 1973 2263 2046 sicut

717 2111 944 2163 mare
978 2094 1414 2172 Oceanum,
1468 2094 1549 2163 et
1595 2088 1758 2162 alia
1803 2090 2068 2162 maria
2112 2091 2264 2165 sibi

714 2208 1216 2299 contignata.
1252 2209 1557 2279 Verum
1589 2210 1715 2279 est
1748 2211 2022 2280 tamen
2057 2208 2266 2299 quod

716 2326 993 2419 aliqua
1043 2323 1309 2397 maria
1351 2328 1541 2397 sunt
1590 2322 2072 2398 continuata
2121 2344 2268 2416 per

715 2443 892 2515 vias
925 2442 1264 2516 strictas
1301 2440 1511 2512 mari
1549 2444 1892 2522 Ocea-ne,
1933 2461 2107 2532 quae
2154 2445 2265 2514 ta—

721 2580 902 2632 mcn
952 2575 1113 2631 non
1145 2558 1425 2640 fluunt,
1462 2577 1608 2629 nec
1655 2557 2043 2638 refluunt;
2092 2558 2266 2631 ideo

722 2675 1008 2756 maria,
1074 2695 1248 2766 quae
1315 2694 1476 2745 non
1527 2673 2118 2747 continuantur
2173 2675 2268 2746 ad

719 2797 1127 2868 Oceanum
1160 2811 1320 2862 non
1351 2790 1636 2871 fluunt,
1664 2811 1808 2862 nec
1832 2791 2082 2864 etiam
2108 2790 2269 2865 ista

720 2930 896 3001 quae
947 2907 1539 2982 continuantur
1591 2907 1856 2980 solum
1907 2928 2052 3000 per
2091 2906 2268 2979 vias

719 3026 1085 3108 strictaS,
1147 3024 1363 3098 sicut
1419 3029 1545 3099 est
1605 3045 1832 3096 mare
1894 3024 2267 3099 Mediter-

721 3163 1090 3219 raneum.
1127 3142 1347 3215 Unde
1383 3161 1608 3215 mare
1641 3145 2049 3217 Oceanum
2080 3143 2267 3217 ‹lici-

722 3263 860 3334 tur
903 3260 1094 3332 illud
1168 3279 1393 3331 mare
1464 3278 1876 3348 magnum,
1981 3259 2271 3352 imper-

719 3375 1175 3457 transibile,
1225 3376 1429 3467 quod
1472 3374 1772 3448 circuit
1814 3379 2075 3450 totam
2110 3381 2269 3450 ter-

723 3513 901 3565 ram
943 3490 1465 3565 habitabilem
1511 3492 1609 3564 ab
1641 3492 1973 3566 Oriente
2009 3491 2088 3564 in
2130 3497 2268 3568 Oc·

721 3612 1115 3687 cidentem
1152 3631 1295 3704 per
1338 3610 1784 3691 Meridiem‚
1822 3614 1903 3684 et
1946 3613 2269 3703 Septen-

724 3728 1190 3809 trionalcm,
1257 3728 1375 3800 ita
1426 3728 1632 3819 quod
1692 3732 1923 3801 terra
1964 3726 2270 3801 habita-

726 3845 912 3919 bilis
952 3850 1077 3919 est
1120 3843 1387 3918 insula
1430 3843 1668 3918 istius
1716 3845 1995 3916 maris.

814 3959 1092 4033 Tertio
1145 3961 1582 4043 sciendum,
1631 3962 1837 4053 quod
1876 3961 2141 4035 fluxus
2183 3963 2270 4034 il-

725 4213 815 4287 flt
885 4213 1030 4295 bis,
1113 4212 1240 4285 vel
1312 4212 1718 4286 modicum
1790 4215 2079 4296 minus,
2156 4215 2272 4288 ita

725 4340 933 4432 quod
993 4340 1221 4417 Luna
1289 4340 1715 4413 accedente
1781 4340 1882 4412 ab
1940 4340 2270 4415 Oriente

723 4466 818 4537 ad
853 4464 1390 4553 Meridianum
1424 4465 1628 4548 fluit,
1664 4469 1743 4539 et
1777 4466 2077 4539 iterum
2123 4468 2268 4539 Lu·

720 4612 824 4664 na
892 4593 1319 4668 accedente
1377 4593 1472 4664 ad
1532 4596 1917 4687 punctum
1989 4593 2268 4665 mediae

720 4719 987 4793 noctis
1031 4720 1333 4798 iterato
1378 4720 1581 4802 fluit,
1628 4724 1708 4794 ct
1751 4721 1866 4795 ita
1908 4720 2268 4812 quolibet

721 4866 993 4920 mense
1032 4847 1236 4922 flunt
1283 4851 1408 4922 tot
1473 4850 1688 4938 (nam
1740 4847 2095 4938 quolibet
2144 4847 2268 4920 dic

720 4972 1082 5045 naturali
1139 4972 1340 5053 fluit,
1395 4976 1476 5045 ct
1520 4971 1790 5046 refluit
1836 4992 2062 5044 mare
2112 4972 2261 5056 bis,

720 5097 886 5170 imo
928 5099 1082 5173 duo
1137 5098 1432 5181 fluxuS,
1488 5102 1570 5173 et
1621 5119 1780 5171 una
1836 5098 2006 5186 dies
2057 5099 2265 5171 cxci-

719 5220 1058 5313 piuntur
1100 5223 1180 5327 in
1226 5229 1527 5314 mense)
1592 5223 1854 5295 fluxus
1904 5227 1984 5295 et
2035 5222 2264 5295 reflu-

714 5369 867 5420 xus
927 5349 1342 5443 duplicati,
1427 5353 1624 5441 quot
1693 5353 1878 5422 sunt
1946 5350 2112 5423 dies
2185 5349 2264 5420 in

718 5492 1014 5556 mense,
1051 5475 1356 5548 duobus
1389 5476 1759 5559 fluxibus,
1797 5482 1877 5551 et
1922 5498 2079 5549 una
2109 5476 2257 5559 die,

713 5600 1100 5696 exceptis,
1130 5623 1372 5697 quam
1403 5602 1613 5680 diem
1648 5606 1872 5681 Luna
1906 5602 2262 5700 acquirit

1901 398 2044 462 Lm.
2095 400 2169 465 11.
2217 395 2764 464 METEORORUM

2369 563 2596 634 motu
2676 561 3018 655 proprio
3098 566 3392 639 contra
3455 564 3911 641 firmamen-

2366 680 2541 750 tum
2583 677 2663 750 in
2708 700 3005 752 mense.

2459 800 2772 880 Quarto
2837 796 3275 881 sciendum,
3333 801 3540 892 quod
3581 800 3662 873 in
3705 802 3915 875 mari

2372 917 2560 987 sunt
2585 916 2950 1005 quaedam
2969 916 3436 1008 voragines,
3465 939 3640 1011 quae
3665 920 3917 993 etiam

2372 1036 2983 1123 consequuntur
3017 1032 3265 1107 istum
3302 1040 3615 1109 motum
3642 1039 3913 1120 Lunae,

2376 1149 2490 1222 ita
2523 1150 2729 1241 quod
2771 1150 3084 1242 quando
3119 1171 3346 1224 mare
3381 1153 3677 1237 refluit,
3723 1160 3918 1228 tunc

2370 1267 2812 1357 voragines
2857 1266 3017 1339 illae
3060 1267 3494 1343 attrahunt
3554 1270 3704 1342 sibi
3758 1292 3920 1344 ma-

2375 1404 2620 1475 gnam
2663 1405 2959 1477 aquam
3009 1405 3195 1458 cum
3244 1405 3541 1476 magno
3585 1387 3918 1481 impetu,

2374 1507 2456 1577 et
2498 1502 2962 1584 absorbent,
3027 1506 3316 1595 postea
3371 1503 3454 1575 in
3509 1504 3728 1577 fluxu
3781 1505 3925 1578 ite-

2377 1622 2564 1692 rato
2606 1619 3018 1693 emittunt.

2468 1737 2763 1820 Quinto
2807 1737 3220 1811 sciendum
3250 1742 3375 1811 est
3414 1738 3506 1811 de
3547 1758 3928 1829 augmen-

2376 1853 2717 1936 tatione,
2771 1858 2851 1927 et
2901 1853 3435 1936 diminutione
3497 1854 3731 1928 istius
3783 1853 3927 1925 flu-

2377 1991 2556 2051 xuS,
2605 1970 2811 2061 quod
2852 1970 2934 2042 in
2972 1970 3263 2061 hyeme
3295 1970 3558 2043 fluxus
3603 1971 3754 2046 iste
3794 1976 3929 2046 est

2382 2086 2653 2180 major
2713 2108 2954 2178 quam
3014 2088 3098 2160 in
3152 2093 3464 2170 aestate,
3528 2094 3610 2163 et
3667 2089 3931 2164 adhuc

2382 2203 2653 2297 major
2711 2204 2937 2278 circa
2993 2205 3624 2298 AEquinoctium,
3682 2226 3932 2298 quam

2381 2322 2463 2394 in
2507 2319 2823 2411 hyeme,
2867 2321 2994 2393 vel
3047 2321 3129 2394 in
3168 2325 3480 2395 aesta-te.
3528 2321 3933 2396 Similiter

2379 2438 2644 2510 fluxus
2709 2437 2864 2511 iste
2918 2441 3041 2511 est
3105 2437 3379 2511 minor
3431 2440 3656 2511 Luna
3719 2439 3932 2510 exis·

2381 2556 2601 2629 tente
2653 2554 2734 2626 in
2783 2554 3117 2647 eclypsi,
3151 2555 3506 2635 ,caeteris
3562 2553 3927 2646 paribuS,

2383 2690 2628 2763 quam
2723 2671 2950 2743 Luna
3038 2691 3201 2744 non
3292 2671 3763 2764 eclypsata;
3844 2676 3934 2746 et

2381 2788 2783 2862 existente
2836 2786 3279 2880 plenilunio
3326 2786 3683 2879 majores
3723 2787 3935 2862 fiunt

2382 2906 2672 2987 fluxus,
2728 2910 2809 2980 et
2852 2904 3025 2977 ideo
3071 2904 3148 2978 in
3194 2924 3467 2977 mense
3509 2902 3934 2995 assignan-

2382 3027 2520 3097 tur
2549 3022 3082 3104 variationes,
3118 3041 3308 3093 nam
3343 3020 3423 3093 in
3456 3021 3724 3115 prima
3756 3042 3933 3114 sep-

2385 3140 2696 3214 timana
2727 3139 3023 3213 fluctus
3063 3138 3487 3220 decrescit,
3528 3137 3606 3210 in
3651 3159 3931 3211 secun-

2380 3257 2478 3329 da
2545 3257 2871 3339 crescit,
2933 3255 3011 3328 in
3061 3254 3312 3330 tertia
3362 3255 3784 3336 decrescit,
3843 3254 3934 3327 in

2385 3378 2683 3466 quarta
2752 3372 3080 3446 crescit.
3155 3372 3306 3446 Isti
3394 3371 3651 3463 igitur
3737 3378 3935 3447 sunt

2384 3491 2721 3565 effectus
2753 3494 2835 3565 et
2875 3490 3431 3584 experientiae,
3471 3512 3648 3583 quae
3687 3511 3932 3584 appa-

2387 3614 2570 3683 rent
2603 3609 2684 3681 in
2724 3608 2970 3690 fluxu,
3007 3612 3086 3681 et
3131 3608 3468 3689 refluxu,
3512 3608 3605 3681 de
3640 3607 3934 3700 quibus

2386 3730 2670 3820 postea
2701 3725 3144 3817 assignatae
3186 3728 3375 3799 sunt
3405 3745 3701 3798 causae.

2865 4056 3301 4115 ARTICULUS
3363 4057 3433 4112 11.

2489 4237 2584 4303 De
2625 4257 2824 4302 causa
2865 4238 3093 4321 flua-tes
3141 4247 3200 4302 ct
3239 4239 3539 4321 refluxus
3588 4240 3818 4305 marist.

2484 4437 2889 4516 Quantum
2958 4431 3054 4504 ad
3124 4434 3582 4516 secundum,
3653 4434 3934 4512 dicunt

3971 818 4213 896 Van-afim

3972 882 4033 932 in
4077 885 4213 934 mari

4118 4472 4212 4545 ⁴2,

2382 4550 2638 4643 aliqui
2690 4550 2897 4643 quod
2945 4568 3194 4622 causa
3247 4554 3372 4622 est
3424 4550 3755 4623 reflexio
3819 4552 3929 4645 ip-
3970 4535 4166 4598 ‘'P'‘”ffi

2384 4667 2551 4740 sius
2621 4668 2716 4740 ad
2777 4670 3119 4739 montes.
3184 4668 3394 4740 Nam
3456 4669 3933 4760 quandoque-

2381 4806 2593 4878 aqua
2628 4783 2881 4856 maris
2913 4784 3280 4859 defertur
3315 4806 3459 4877 per
3499 4789 3785 4858 ventos
3826 4788 3929 4859 ad

2385 4902 2608 4994 ripas
2640 4920 2824 4973 cum
2869 4900 3201 4992 impetu,
3241 4921 3288 4972 a
3323 4900 3610 4993 quibus
3656 4901 3929 4974 reflec-

2381 5019 2614 5100 titur,
2679 5021 2759 5091 et
2820 5016 3123 5088 reflexa
3191 5016 3493 5090 iterato
3550 5018 3768 5091 vadit
3827 5019 3927 5091 ad

2380 5134 2585 5207 alias
2631 5134 2879 5225 ripas,
2917 5137 2996 5206 et
3031 5133 3146 5205 sic
3189 5134 3592 5207 continue.

2473 5252 2693 5325 Istud
2739 5270 2900 5323 non
2954 5250 3298 5330 videtur,
3361 5248 3550 5341 quia
3602 5251 3924 5323 tandem
3977 5275 4213 5338 Rejicim

2377 5371 2798 5442 cessarent
2841 5367 3189 5460 impetus
3243 5366 3388 5446 illi,
3444 5360 3588 5439 nec
3635 5367 3924 5441 flerent

2374 5483 2944 5559 determinatis
2978 5482 3486 5576 temporibus
3530 5481 3741 5559 sicut
3783 5482 3920 5554 flu-

2373 5625 2524 5679 xus
2575 5607 2654 5680 et
2699 5600 3082 5678 refluxus.
