4252 6393
175 1213 207 1262 5.

1616 405 1985 486 QuAEs'rio
2031 402 2162 465 viu

751 799 1185 860 ARTICULUS
1261 796 1351 853 111.

640 986 737 1051 De
769 982 1121 1072 primitate
1152 978 1475 1045 materiae.

395 1178 648 1253 Tertio
682 1174 1249 1270 inquirendum
1292 1172 1415 1243 est
1457 1169 1548 1241 de
1583 1171 1830 1239 mate-

316 1298 439 1372 riae
468 1296 908 1391 primitate.
937 1291 1176 1367 Circa
1203 1288 1407 1381 quod
1427 1289 1550 1358 est
1580 1284 1826 1358 scien-

312 1416 493 1498 dum,
566 1413 768 1507 quod
839 1407 1090 1502 aliqui
1139 1405 1645 1496 distinguunt
1746 1402 1824 1475 in

314 1531 625 1603 materia
686 1528 979 1621 duplex
1035 1545 1287 1616 genus
1341 1519 1817 1616 primitatis.

308 1647 480 1728 Uno,
522 1644 921 1738 inquiunt.
970 1640 1203 1712 modo
1243 1638 1543 1711 dicitur
1576 1639 1820 1708 mate-

308 1764 415 1836 ria
437 1767 649 1853 prima
682 1761 1164 1852 inquantum
1194 1760 1489 1846 primum
1521 1754 1820 1846 impor-

304 1883 410 1953 tat
451 1879 1036 1952 ordinationem
1080 1879 1433 1954 naturae;
1488 1877 1570 1945 et
1629 1875 1819 1944 tunc

305 1997 618 2070 materia
652 1995 919 2089 prima
949 1992 1248 2066 dicitur
1293 1991 1508 2071 illud,
1548 1990 1626 2062 in
1664 2007 1817 2082 quo

306 2116 447 2185 stat
489 2110 771 2184 ultima
816 2108 1213 2182 resolutio
1277 2107 1637 2180 omnium
1679 2125 1819 2177 na-

304 2231 664 2303 turalium
756 2226 1343 2321 generabilium
1434 2242 1820 2317 corpora-

186 2372 255 2422 lib.
305 2346 512 2429 lium,
552 2351 628 2419 et
659 2347 826 2420 tale
863 2345 1217 2439 primum
1251 2343 1475 2415 debet
1519 2364 1695 2414 esse
1728 2342 1818 2412 de

173 2450 273 2546 ἔξῗ·
310 2467 575 2536 natura
634 2483 779 2535 sua
857 2463 1155 2554 absque
1244 2458 1460 2530 omui
1551 2459 1820 2531 forma

172 2562 799 2671 ³22¹·substantiali
835 2604 849 2649 :
887 2584 1087 2659 tum,
1135 2577 1317 2670 quia
1363 2578 1626 2649 omnis
1662 2578 1821 2649 sor-

171 2683 266 2795 }322‘}
308 2717 417 2769 ma
450 2694 1009 2770 substantialis
1042 2695 1176 2766 dat
1208 2715 1386 2765 esse
1411 2697 1622 2776 actu,
1657 2715 1815 2766 ma-

169 2807 270 2921 ¹5¹5·
295 2815 483 2887 teria
522 2819 789 2888 autem
828 2812 1089 2885 omnis
1131 2815 1252 2884 est
1296 2832 1437 2884 ens
1484 2812 1812 2886 omnino

170 3011 223 3058 pe.

170 2934 234 2983 *1³³¹
296 2928 359 3001 in
400 2932 804 3024 potentia:
858 2934 1059 3010 tum,
1119 2928 1306 3020 quia
1359 2928 1809 3020 subjectum

293 3047 819 3138 generationis
922 3051 1046 3119 est
1124 3066 1284 3117 non
1360 3066 1501 3117 ens
1566 3044 1808 3116 simul

289 3184 449 3236 cum
518 3164 892 3245 materia,
940 3182 1116 3256 quae
1175 3164 1301 3234 est
1356 3162 1805 3253 subjectum

290 3281 842 3372 generationis
891 3300 1051 3351 non
1096 3282 1184 3352 ut
1247 3279 1488 3351 simul
1534 3306 1549 3349 ε
1599 3282 1798 3361 tum,

287 3397 451 3490 quia
492 3398 864 3477 materia,
923 3418 1098 3489 quae
1158 3399 1280 3467 est
1347 3396 1799 3488 subjectum

285 3513 835 3603 generationis,
873 3514 1078 3586 alias
1146 3516 1361 3584 esset
1404 3513 1799 3606 composi·

281 3634 353 3703 ta
412 3654 503 3704 ex
566 3632 916 3705 materia
990 3636 1070 3704 et
1107 3633 1395 3714 Forma,
1467 3635 1544 3703 et
1608 3636 1798 3705 tunc

286 3747 603 3819 materia
646 3748 787 3819 illa
826 3753 1041 3820 esset
1094 3747 1399 3820 scibilis
1448 3769 1588 3840 per
1630 3749 1795 3820 for-

284 3883 497 3946 mam,
545 3886 636 3938 ac
688 3886 834 3959 per
883 3865 1033 3937 hoc
1065 3868 1332 3936 totum
1395 3867 1791 3959 composi-

281 3978 429 4049 tum
468 3999 627 4052 non
686 3982 810 4050 est
863 3978 1212 4052 materia
1262 3978 1552 4070 prima.
1610 3982 1790 4054 Alio

283 4096 483 4167 modo
515 4095 814 4169 dicitur
846 4095 1189 4167 materia
1228 4096 1493 4188 prima
1520 4120 1793 4171 secun-

278 4209 434 4284 dum
487 4214 695 4304 quod
746 4213 1142 4304 importat
1195 4212 1788 4287 ordinationem

278 4326 681 4421 temporiS‚
718 4331 805 4400 ut
842 4328 955 4400 sic
991 4328 1061 4399 id
1091 4330 1409 4402 dicatur
1444 4332 1791 4404 materia

281 4443 540 4531 prima,
626 4446 828 4538 quod
895 4445 1326 4519 duratione
1395 4449 1790 4540 temporis

280 4562 673 4654 praecessit
718 4562 1173 4635 ordinatam
1212 4565 1478 4636 mundi
1528 4565 1789 4657 dispo-

284 4680 660 4762 sitionem,
734 4680 1166 4753 secundum
1202 4683 1406 4772 quod
1438 4683 1737 4755 dicitur
1770 4712 1784 4755 ε

180 4842 189 4851 .
233 4846 242 4857 .
282 4796 344 4863 In
371 4801 705 4887 principio
748 4799 1000 4865 creavit
1041 4801 1213 4865 Deus
1262 4802 1516 4881 coelum,
1562 4814 1622 4867 et
1663 4815 1791 4870 eer-

282 4933 442 4993 ram,·
479 4911 629 4984 hoc
668 4915 790 4984 est
835 4910 1271 4983 informem
1321 4914 1783 4998 materiam;

282 5029 346 5099 et
376 5026 521 5099 isto
556 5028 791 5100 modo
824 5027 904 5098 in
941 5048 1025 5099 se
1058 5027 1392 5101 includit
1427 5030 1786 5123 aliquam

284 5136 624 5221 formam,
691 5159 852 5210 non
955 5140 1273 5231 quidem
1358 5142 1788 5217 elementa-

284 5272 452 5337 rem,
487 5256 615 5327 vel
692 5255 1049 5347 alicujus
1129 5256 1536 5330 distinctae
1608 5282 1785 5352 spe-

283 5370 430 5454 ciei,
472 5375 602 5446 sed
659 5373 1015 5466 aliquam
1090 5374 1791 5467 imperfectionem

283 5507 429 5577 quae
505 5513 587 5564 se
664 5489 1011 5562 habebat
1081 5492 1175 5562 ad
1255 5492 1568 5564 formas
1642 5494 1794 5566 ele-

286 5611 661 5681 mentares
702 5611 789 5679 ut
826 5608 1199 5691 materia,
1237 5613 1315 5683 et
1359 5615 1446 5683 ut
1497 5610 1794 5703 imper-

3378 397 3497 461 373

1925 566 2289 645 fectum.
2380 564 2587 637 sicut
2664 565 2933 637 forma
3024 562 3495 656 embryonis

1958 705 2044 754 se
2130 683 2370 756 habet
2447 684 2540 755 ad
2617 681 2940 774 aliquod
3009 682 3493 774 perfectum,

1956 801 2124 873 sive
2197 801 2338 873 illa
2406 799 2757 873 materia
2835 799 3085 873 fuerit
3115 798 3498 873 distincta

1951 936 1998 988 a
2077 917 2482 1010 principio
2559 916 2702 989 sub
2787 915 3077 987 formis
3152 915 3495 987 elemen-

1949 1034 2298 1115 taribus,
2391 1037 2480 1107 ut
2565 1031 2813 1124 aliqui
2904 1036 3229 1125 putant,
3325 1032 3494 1104 sive

1944 1171 2129 1231 non,
2213 1168 2718 1241 quocumque
2805 1147 3035 1220 modo
3121 1147 3260 1219 illa
3331 1167 3491 1219 ma-

1943 1269 2155 1342 teria
2194 1268 2507 1342 dicetur
2542 1265 2805 1359 prima
2850 1264 3126 1337 ordine
3185 1267 3491 1356 tempo-

1943 1386 2056 1460 ris
2091 1388 2462 1478 respectu
2495 1404 2805 1464 corum,
2845 1404 3016 1474 quse
3051 1382 3267 1456 facta
3300 1385 3487 1455 sunt

1938 1523 2325 1599 processu
2370 1500 2771 1593 temporis
2811 1520 2909 1572 ex
2963 1499 3164 1593 ipsa.

2507 1680 2907 1738 SCHOLIUM.

2006 1836 2186 1894 Circa
2217 1834 2562 1905 subjectum
2615 1835 3040 1903 generationis
3095 1834 3292 1892 variae
3340 1841 3485 1894 sunt

1933 1938 2098 1994 inter
2147 1939 2446 1993 Auctores
2494 1934 2837 1990 sententiae.
2887 1932 3146 2001 Quidam
3206 1940 3483 1994 statuunt

1935 2036 2260 2092 materiam
2320 2033 2589 2105 primam
2656 2032 2824 2090 nude
2881 2038 3190 2106 sumptam
3250 2034 3481 2107 absque

1932 2133 2145 2205 aliqua
2230 2134 2427 2190 forma
2495 2132 2914 2190 substantiali.
2986 2133 3110 2190 Alii
3196 2135 3478 2192 affectam

1932 2235 2279 2307 quantitate
2337 2234 2728 2307 reliquisque
2785 2233 3297 2306 dispositionibus
3352 2238 3483 2294 ror-

1934 2349 2050 2390 mae
2097 2332 2565 2392 introducendas
2612 2334 3000 2392 necessariis.
3037 2334 3160 2393 Alii
3208 2332 3480 2407 denique

1930 2439 2126 2491 totum
2176 2435 2582 2506 compositum
2612 2433 2689 2491 de
2730 2449 2888 2492 novo
2929 2435 3230 2502 genitum.
3264 2435 3476 2491 Scotus

1930 2549 2103 2601 vero,
2139 2535 2228 2590 uti
2258 2535 2675 2591 communiter
2713 2533 3062 2607 explicatur
3101 2549 3135 2590 a
3165 2534 3296 2590 suis
3336 2548 3475 2590 sec-

1930 2631 2254 2701 tatoribus,
2294 2635 2535 2691 sensuit
2583 2634 2648 2690 in
2695 2634 2750 2691 4.
2808 2631 2953 2690 dist.
3002 2634 3089 2689 11.
3138 2637 3355 2705 quaest.
3414 2635 3469 2691 3.

1930 2734 2364 2804 generationes
2402 2733 2754 2789 viventium
2795 2732 3127 2804 subjectari
3171 2733 3235 2788 in
3278 2736 3476 2789 mate-

1929 2834 2022 2889 ria
2081 2833 2307 2904 prima,
2361 2837 2424 2889 ut
2469 2835 2751 2889 affectam
2794 2833 2990 2889 forma
3020 2832 3470 2903 corporeitatiS,

1927 2934 2195 3007 aliisque
2271 2932 2696 2990 accidentibus
2751 2930 3304 3003 consequentibus;
3368 2943 3471 2986 re-

1925 3050 2067 3094 rum
2108 3049 2262 3092 vero
2294 3033 2781 3090 inanimatarum
2816 3031 2881 3085 in
2916 3029 3042 3086 sola
3083 3030 3360 3086 materia.
3394 3033 3471 3087 At

1922 3135 2026 3193 hic
2056 3139 2272 3192 censet
2311 3135 2375 3189 in
2424 3131 2713 3188 omnibus
2767 3127 3273 3203 generationibus
3320 3128 3470 3185 sub-

1920 3234 2315 3295 stantialibus
2374 3233 2772 3306 praesupponi
2833 3230 3097 3287 formam
3158 3229 3221 3284 in
3273 3230 3468 3284 mate-

1919 3336 2043 3405 ria;
2078 3340 2139 3392 et
2168 3334 2466 3389 similiter
2504 3331 2671 3389 infra
2713 3346 2772 3402 q.
2810 3331 2896 3386 17.
2930 3345 2991 3386 n.
3022 3328 3112 3383 25.
3147 3332 3207 3385 et
3242 3340 3369 3399 seq.
3406 3332 3467 3383 et

1918 3451 1977 3491 n.
2011 3435 2101 3490 36.
2136 3431 2435 3489 Videatur
2464 3435 2672 3486 tamen
2723 3430 2788 3485 in
2837 3428 2892 3484 3.
2927 3426 3067 3483 dist.
3101 3429 3190 3483 22.
3224 3441 3282 3498 q.
3321 3428 3369 3484 1.
3402 3434 3456 3495 §-

1914 3536 2190 3598 Rati'ones,
2223 3546 2362 3600 quas
2406 3531 2647 3598 faciunt,
2681 3532 2742 3584 et
2787 3528 2874 3583 in.
2915 3527 2964 3581 1.
2995 3523 3269 3582 distinet.
3311 3527 3365 3583 3.
3399 3532 3453 3592 §-

1909 3632 2160 3688 Secundo
2189 3633 2269 3686 sic
2299 3650 2314 3686 .·
2343 3629 2445 3687 ubi
2479 3632 2566 3686 ait
2596 3629 2661 3684 in
2692 3625 2940 3683 entibus
2969 3624 3324 3695 compositis
3356 3623 3457 3680 fle-

1911 3733 1963 3787 ri
1998 3731 2441 3788 resolutionem
2494 3728 2714 3784 ultimo
2762 3724 2838 3781 ad
2879 3722 3253 3794 simpliciter
3300 3724 3455 3779 sim-

1904 3834 2115 3910 plicia.

2001 3988 2172 4057 Ista
2219 3979 2635 4053 distinctio
2688 3979 2766 4050 in
2830 3974 3236 4070 positione
3287 3995 3445 4047 non

1910 4104 2181 4194 potest
2223 4098 2458 4171 facile
2502 4095 2888 4170 sustineri
2924 4122 2938 4165 ε
2989 4095 3192 4187 quod
3227 4097 3449 4187 patet

1908 4217 2376 4311 specialiter
2437 4219 2825 4307 quantum
2910 4216 3003 4286 ad
3066 4213 3447 4307 primum,

1908 4334 1987 4405 in
2058 4354 2214 4425 quo
2257 4332 2580 4412 dicitur,
2629 4331 2833 4423 quod
2886 4331 3233 4403 materia
3287 4331 3452 4403 for-

1910 4471 2037 4521 ma
2092 4446 2610 4521 substantiali
2646 4446 3067 4529 denudata,
3120 4450 3243 4519 est
3280 4449 3455 4519 sub-

1898 4565 2210 4657 jectum
2247 4563 2826 4653 generationis,
2874 4567 2951 4635 et
2997 4564 3452 4655 corruptio-

1905 4683 2030 4754 nis
2129 4680 2708 4762 immediatum‚
2763 4684 2841 4752 et
2907 4684 3030 4753 cst
3103 4682 3450 4754 materia

1908 4800 2174 4894 prima
2255 4798 2530 4871 ordine
2608 4803 2951 4872 naturae.
3037 4800 3257 4882 Quod
3335 4800 3450 4871 sic

1907 4918 2159 5011 probo
2213 4943 2226 4985 :
2285 4919 2450 4989 Nos
2503 4917 2865 4989 videmus
2920 4918 3122 5009 quod
3185 4920 3447 4991 omnis

1904 5055 2041 5105 ars
2085 5032 2365 5125 incipit
2413 5032 2739 5125 operari
2779 5054 2878 5103 ex
2924 5033 3272 5106 materia
3312 5034 3452 5106 ali-

1905 5171 2143 5243 quam
2212 5149 2564 5222 formam
2641 5151 3264 5225 substantialem
3309 5151 3447 5225 ha-

1902 5265 2168 5347 bente;
2220 5286 2358 5337 ars
2420 5266 2634 5339 enim
2668 5265 3007 5340 faciendi
3043 5268 3448 5340 indumen-

1902 5385 2073 5454 tum
2105 5383 2487 5477 supponit
2515 5386 2988 5477 pannum‚et
3017 5385 3155 5459 illa
3190 5386 3441 5470 filum,

1903 5502 1982 5572 et
2016 5500 2158 5571 illa
2191 5501 2656 5573 necessario
2693 5502 3043 5574 formam
3094 5509 3438 5587 naturae,

1908 5615 2214 5688 scilicet
2252 5615 2555 5698 lanam;
2617 5619 2729 5690 sic
2797 5620 2876 5691 in
2938 5624 3116 5694 arte
3171 5622 3441 5696 fabrili

3599 3987 3674 4037 16.
