4252 6393
635 428 713 488 40
1817 424 1970 485 Llss.·
2011 424 2053 485 1.
2101 418 2641 484 METEORORUM

624 590 809 682 quid
844 589 1524 664 offundituractio
1557 586 1903 679 alicujus
1936 602 2171 674 agen-

626 707 759 789 tis,
811 705 1328 798 refrangitur
1369 704 1632 796 magis
1683 723 1937 797 prope
1998 722 2174 794 per-

628 823 1259 916 pendicularem,
1351 825 1585 896 tanto
1674 820 1946 893 radius
2036 818 2173 891 ille

629 939 930 1014 fortius
981 944 1062 1016 et
1105 940 1355 1015 altius
1388 944 1661 1033 potest
1702 937 2034 1012 elevari.

310 1045 559 1159 σωξὶια,
720 1059 842 1130 Ex
910 1057 1070 1132 isto
1132 1057 1492 1131 inferunt
1549 1055 1802 1148 aliqui
1851 1057 2002 1128 duo
2045 1075 2173 1127 co-

276 1172 471 1282 riwni·
634 1173 1008 1246 rollaria.
1066 1173 1436 1246 Primum
1458 1175 1609 1254 est,
1657 1173 1864 1264 quod
1917 1170 2177 1243 media

629 1289 858 1380 regio
889 1291 1107 1361 aeris
1142 1291 1288 1362 sub
1319 1289 1528 1382 polis
1564 1288 1833 1361 mundi
1868 1287 2178 1361 contin-

628 1406 749 1498 git
782 1410 1122 1480 terram.
1161 1406 1597 1488 Probatur,
1658 1424 1846 1476 nam
1882 1401 2089 1476 radii
2130 1424 2177 1476 a

629 1523 839 1618 polis
876 1523 1149 1596 mundi
1181 1522 1521 1598 refracti
1554 1545 1715 1596 non
1748 1523 2180 1596 elevantur

637 1641 718 1714 in
757 1641 1043 1714 altum.

730 1755 1180 1831 Secundum
1236 1759 1397 1839 est,
1458 1757 1662 1848 quod
1714 1756 1859 1828 sub
1916 1755 2178 1847 AEqui-

638 1874 1002 1955 noctiali‚
1055 1894 1199 1946 nec
1251 1872 1468 1947 inter
1505 1873 1702 1946 duos
1753 1871 2173 1966 TropicOS,

627 1995 756 2064 est
816 1991 1073 2064 media
1140 1989 1369 2081 regio
1436 1990 1679 2063 aeris.
1740 1991 2173 2073 Probatur,

629 2110 817 2204 quia
849 2107 970 2181 illi
1021 2106 1228 2180 radii
1282 2108 1854 2200 provenientes
1902 2127 1951 2179 a
1992 2108 2178 2181 Sole

629 2224 1336 2317 refrangunturin
1397 2225 1737 2317 seipsos,
1794 2246 1980 2297 cum
2012 2225 2177 2299 sint

624 2341 1380 2436 perpendiculares;
1441 2342 1612 2415 ideo
1663 2362 1824 2413 non
1891 2346 2016 2418 est
2068 2343 2176 2417 di-

626 2458 984 2532 versitas
1045 2455 1505 2538 fractionis,
1560 2460 1641 2532 et
1701 2479 1845 2550 per
1901 2479 2177 2532 conse-

632 2593 884 2666 quens
925 2592 1069 2645 nec
1122 2573 1382 2645 media
1434 2573 1660 2663 regio
1705 2574 1949 2647 aeris,

721 2692 1028 2763 Contra
1077 2689 1429 2781 primam
1488 2695 1807 2782 partem
1852 2693 2177 2767 secundi

276 2775 496 2898 ξέζῖἵῆῗ
543 2772 599 2885 ἑ·
630 2804 1056 2876 corollarii
1100 2805 1510 2897 objicitur,
1577 2807 1765 2900 quia
1807 2829 2175 2901 sequere-

339 2898 537 2949 ⁰⁰''⁰²²·
632 2924 770 2995 tur
829 2919 1035 3012 quod
1083 2925 1301 2995 esset
1360 2922 1656 2995 salsum
1718 2925 1798 2997 in
1859 2929 2171 3009 aestate,

629 3035 817 3128 quia
886 3040 1275 3127 quantum
1346 3038 1605 3110 media
1673 3040 1900 3131 regio
1959 3042 2178 3116 aeris

628 3150 858 3226 debet
898 3172 1077 3225 esse
1110 3153 1372 3245 magis
1422 3175 1676 3249 prope
1709 3160 2019 3232 terram
2054 3177 2176 3230 ra-

630 3266 856 3342 tione
895 3266 1445 3360 elongationis
1499 3292 1547 3344 a
1595 3274 1803 3357 Sole,
1856 3278 2176 3349 tantum

633 3403 780 3476 per
856 3385 1188 3476 longam
1248 3389 1803 3488 praesentiam,
1867 3395 1948 3465 et
2002 3413 2176 3484 per·

632 3501 1126 3575 manentiam
1172 3503 1381 3577 Solis
1450 3527 1697 3599 super
1763 3506 1903 3579 illa
1945 3513 2179 3600 parte

632 3618 938 3710 poterit
982 3623 1616 3714 recompensari.
1684 3625 1855 3697 Imo
1900 3624 1980 3696 in
2038 3646 2178 3697 aes·

630 3737 803 3809 tate
846 3736 985 3809 Sol
1016 3737 1313 3830 aspicit
1345 3743 1670 3832 partem
1714 3745 1963 3816 terrae
1999 3763 2178 3834 sup-

634 3850 990 3942 positam
1016 3854 1226 3946 polo,
1252 3876 1397 3946 per
1426 3857 1843 3930 dimidium
1879 3877 2179 3930 annum

634 3966 980 4057 integre,
1036 3971 1399 4063 exceptis
1448 3974 1989 4067 crepusculis;
2037 3974 2182 4066 igi-

632 4086 772 4156 tur
812 4084 1133 4160 videtur
1174 4087 1402 4179 quod,¹
1441 4088 1548 4162 ibi
1611 4090 1717 4164 sit
1770 4092 2179 4167 sufficiens

632 4198 1030 4283 caliditas,
1077 4205 1157 4276 et
1207 4209 1597 4294 quantum
1642 4207 1901 4281 media
1959 4211 2178 4283 aeris

635 4316 864 4408 regio
909 4319 1216 4411 poterit
1259 4321 1567 4394 elevari
1612 4324 1687 4396 in
1731 4330 2042 4408 aestate,
2097 4332 2178 4401 et

636 4439 1027 4525 quantum
1066 4438 1446 4514 dicuntur
1507 4441 1710 4514 radii
1763 4442 1974 4516 Solis
2019 4462 2175 4514 non

633 4551 941 4627 elevari
983 4554 1063 4626 in
1111 4556 1395 4630 altum.
1460 4557 1662 4632 Dico
1708 4560 1913 4652 quod
1974 4560 2179 4634 radii

637 4666 1077 4745 incidentes
1121 4673 1217 4745 ad
1285 4680 1607 4766 partem
1668 4677 2179 4771 suppositam

636 4784 824 4876 polo
870 4786 1461 4879 refranguntur
1501 4792 1884 4867 elevando
1939 4817 2023 4866 se
2066 4794 2178 4867 ul-

636 4904 770 4973 tra
812 4902 1115 4994 polum,
1168 4911 1248 4980 et
1293 4909 1497 4999 quod
1563 4910 1904 4986 refracti
1962 4912 2177 4985 simi·

634 5018 828 5093 liter
885 5020 1108 5095 ultra
1180 5024 1407 5099 illam
1476 5033 1796 5119 partem
1872 5030 2180 5104 directe

634 5134 1060 5212 elevantur
1150 5163 1439 5216 versus
1518 5166 1841 5217 sursum
1932 5147 2178 5220 istum

640 5253 941 5346 polum.

726 5374 1031 5448 Contra
1064 5376 1492 5449 secundam
1516 5384 1830 5469 partem
1857 5382 2179 5454 secundi

293 5473 495 5588 &mk
546 5539 599 5593 2·
634 5489 1061 5563 corollarii
1096 5490 1505 5585 obiicitur,
1544 5495 1732 5585 quia
1765 5496 1922 5568 nisi
1962 5497 2179 5572 inter

326 5608 561 5670 vamm-
638 5605 1031 5703 Tropieos
1091 5612 1308 5686 esset
1357 5610 1615 5689 media
1658 5613 1884 5706 regio
1929 5614 2170 5697 acris,

283 1829 609 1880 Secundum.

2286 584 2769 674 sequeretur
2829 582 3035 674 quod
3098 581 3204 654 ibi
3264 601 3424 655 non
3498 587 3826 675 possent

2284 698 2466 772 fieri
2549 688 3131 793 impressiones
3202 721 3455 793 aquae.
3538 704 3824 775 Conse-

2288 837 2537 910 quens
2570 815 2895 899 falsum,
2940 821 3021 893 et
3070 823 3365 893 contra
3412 818 3823 910 experien-

2286 934 2514 1008 tiam.
2587 936 2689 1008 Et
2754 933 3153 1027 probatur
3221 934 3822 1028 consequentia,

2289 1052 2477 1145 quia
2508 1053 2715 1127 tales
2775 1052 3357 1145 impressiones
3415 1054 3619 1128 fiunt
3685 1075 3828 1147 per

2290 1166 2981 1258 ingrossationem
2999 1190 3047 1243 a
3069 1167 3520 1260 frigiditate
3555 1169 3829 1244 mediae

2292 1284 2677 1376 regionis,
2701 1290 2783 1360 et
2816 1286 2988 1360 ideo
3020 1308 3182 1360 non
3215 1289 3588 1363 obstante
3623 1288 3828 1380 quod

2292 1401 2428 1475 Sol
2487 1403 2838 1495 aspiciat
2877 1405 3236 1497 aliquam
3280 1411 3626 1498 partem,
3679 1406 3828 1478 ele-

2289 1523 2618 1591 vantem
2655 1541 2943 1593 versus
2990 1522 3267 1613 polum
3312 1522 3826 1615 perpendicu-

2290 1635 2610 1719 lariter,
2657 1641 2927 1711 tamen
2981 1639 3252 1711 radius
3313 1639 3468 1712 iste
3530 1639 3829 1712 refrac-

2292 1757 2423 1828 tus
2495 1753 2575 1825 in
2635 1754 2993 1847 seipsum
3051 1756 3432 1829 continue
3485 1757 3828 1831 remitti-

2294 1873 2455 1953 tur,
2491 1875 2572 1945 et
2602 1871 3077 1947 debilitatur
3108 1874 3188 1945 in
3218 1876 3568 1957 tantum,
3625 1874 3829 1967 quod

2291 1985 2565 2061 lumen
2621 1989 2799 2080 ejus
2855 2009 3018 2062 non
3078 1990 3380 2066 sufficit
3445 1992 3541 2064 ad
3602 1989 3826 2085 frigi-

2289 2104 2651 2178 ditatem.
2723 2107 2844 2177 Ex
2895 2126 3052 2198 quo
3112 2110 3336 2200 patet
3390 2108 3596 2200 quod
3671 2128 3828 2181 non

2290 2219 2641 2312 aspiciat
2730 2220 3088 2314 aliquam
3170 2227 3490 2316 partem
3576 2203 3842 2298 terrae'

2290 2334 3113 2427 perpendiculariter;
3161 2338 3324 2411 imo
3376 2340 3444 2412 si
3487 2339 3658 2432 jam
3709 2360 3828 2415 as-

2291 2452 2489 2544 picit
2539 2452 2898 2545 aliquam
2958 2460 3275 2548 partem
3352 2460 3601 2531 terrae
3656 2479 3826 2551 per-

2290 2570 2953 2663 pendiculariter,
3046 2594 3191 2667 per
3277 2579 3544 2649 totum
3633 2576 3826 2648 resi-

2286 2686 2528 2758 duum
2586 2686 2742 2762 diei
2809 2689 3152 2783 aspiciet
3222 2690 3446 2764 illam
3508 2697 3825 2784 partem

2290 2802 2631 2896 oblique.

2379 2923 2498 2992 Ex
2561 2920 2721 2995 isto
2764 2921 3135 3013 sequitur
3202 2923 3408 3015 quod
3448 2924 3827 2998 continue

2289 3038 2787 3130 procedendo
2811 3059 3100 3111 versus
3117 3041 3534 3121 Austrum,
3572 3041 3828 3114 media

2291 3151 2522 3244 regio
2557 3154 2774 3227 aeris
2798 3158 2924 3229 est
2958 3153 3220 3245 magis
3237 3153 3556 3231 elevata
3586 3176 3829 3249 super

2289 3273 2627 3352 terram,
2697 3291 2939 3363 quam
3007 3272 3506 3364 procedendo
3570 3274 3828 3364 magis

2288 3405 2575 3459 versus
2619 3387 3302 3479 Septentrionem,
3348 3387 3673 3461 caeteris
3703 3409 3828 3481 pa·

2293 3504 2555 3586 ribus,
2639 3505 2828 3595 quia
2912 3525 3236 3598 semper
3330 3504 3536 3580 radii
3619 3504 3827 3579 Solis

2289 3642 2578 3694 versus
2611 3622 3005 3696 Austrum
3049 3625 3640 3718 refranguntur
3672 3646 3827 3697 ma-

2294 3740 2416 3831 gis
2461 3760 2714 3832 prope
2756 3742 3535 3833 perpendicularem.

2399 3858 2794 3940 Secundo,
2886 3858 3256 3949 sequitur
3343 3859 3549 3951 quod
3619 3858 3830 3932 inter

2292 3974 2489 4046 duos
2559 3975 2954 4067 Tropieos
3051 3978 3175 4049 est
3253 3976 3514 4048 media
3601 3975 3826 4066 regio

2293 4091 2512 4163 aeris
2590 4090 3025 4173 altissima,
3084 4096 3428 4184 propter
3499 4110 3827 4164 causam

2301 4206 2803 4301 praedictam.

2381 4327 2684 4409 Terti0,
2722 4327 3093 4418 sequitur
3126 4326 3331 4418 quod
3363 4326 3830 4399 concavitas

2294 4443 2570 4517 mediae
2652 4445 3011 4535 regionis
3087 4465 3253 4516 non
3336 4449 3464 4518 est
3548 4445 3830 4536 figurae

2291 4560 2779 4641 conformis3
2845 4564 3095 4652 patet,
3142 4559 3330 4653 quia
3382 4560 3631 4633 altius
3680 4561 3830 4631 ele-

2289 4678 2535 4750 vatur
2584 4677 2664 4749 in
2706 4696 2864 4749 una
2924 4681 3184 4770 parte,
3248 4681 3329 4752 et
3370 4677 3690 4749 bassius
3749 4677 3828 4748 in

2292 4792 2455 4865 alia
2498 4820 2511 4862 :
2558 4813 2758 4884 ergo
2786 4796 2911 4868 est
2950 4793 3372 4866 difformis..

2381 4916 2714 4993 Quarto,
2759 4912 3130 5003 sequitur
3162 4912 3366 5003 quod
3425 4911 3504 4984 in
3546 4914 3830 4985 aestate

2291 5028 2542 5101 altior
2580 5033 2704 5102 est
2746 5028 3006 5101 media
3051 5028 3277 5119 regio
3320 5028 3538 5102 aeris
3589 5047 3833 5120 super

2293 5143 2650 5236 aliquam
2695 5149 3015 5236 partem
3078 5147 3348 5226 terrae,
3426 5165 3667 5236 quam
3727 5144 3833 5216 sit

2293 5281 2538 5354 super
2611 5262 2971 5335 eamdem
3052 5262 3131 5333 in
3206 5262 3529 5352 hyeme;
3612 5264 3836 5354 patet

2293 5379 2480 5472 quia
2541 5380 2619 5450 in
2660 5383 2949 5452 aestate
3001 5379 3136 5453 Sol
3205 5379 3500 5470 aspicit
3573 5378 3832 5468 magis

2290 5495 2596 5570 directe
2631 5500 2970 5578 terram,
3012 5495 3304 5570 saltem
3346 5514 3635 5572 versus
3678 5513 3826 5568 nos

2292 5634 2530 5708 quam
2576 5614 2656 5686 in
2716 5613 3030 5710 hyeme.
