4252 6393
612 411 814 474 ἵῖ448

763 573 992 652 Item,
1030 588 1385 661 corpora
1412 563 1863 657 simplicia,
1892 562 2224 653 inquan-

671 692 842 762 tum
877 687 1078 759 talia
1118 706 1277 757 non
1321 687 1507 755 sunt
1548 687 1740 774 apta
1774 680 1868 751 ad
1911 679 2165 752 vitam
2203 703 2217 758 ;

666 824 869 897 ergo
932 801 1391 895 composita
1463 800 1948 891 inquantum
2008 817 2221 868 com-

668 921 962 1015 posita,
1030 921 1214 990 sunt
1276 920 1467 1009 apta
1545 915 1639 987 ad
1680 913 1936 986 vitam
1999 939 2012 982 :
2090 912 2224 982 sed

670 1043 1088 1112 ostensum
1165 1038 1314 1114 ost,
1390 1033 1597 1124 quod
1657 1034 1957 1104 natura
2016 1027 2221 1100 nihil

564 1151 569 1154 ’
667 1153 1037 1249 producit
1122 1151 1281 1223 nisi
1361 1147 1957 1241 compositum;
2021 1165 2220 1236 ergo

668 1270 933 1342 omnis
967 1268 1302 1340 effectus
1336 1269 1651 1338 naturae
1682 1263 1920 1334 habet
1947 1261 2220 1353 aliquo

670 1386 904 1458 modo
947 1381 1510 1476 aptitudinem,
1548 1383 1628 1452 ct
1662 1381 2082 1472 aspectum
2126 1379 2221 1449 ad

667 1499 952 1573 vitam.

769 1617 1000 1700 Item,
1073 1616 1217 1689 illa
1273 1636 1449 1708 quae
1510 1617 1697 1688 sunt
1777 1613 1856 1683 in
1942 1610 2219 1682 eadem

666 1735 892 1806 recta
957 1731 1198 1815 linea,
1248 1730 1522 1804 omnia
1581 1728 1876 1802 habent
1943 1746 2219 1818 aspec-

661 1855 836 1926 tum
935 1851 1030 1923 ad
1107 1848 1487 1924 ultimum
1563 1852 1644 1921 et
1722 1844 2219 1936 complexum

658 1965 882 2040 illius
926 1966 1185 2048 lineae,
1223 1969 1301 2038 et
1338 1965 1616 2056 aliquo
1657 1963 1888 2035 modo
1923 1960 2220 2033 habent

659 2087 1081 2176 aspectum
1151 2083 1246 2155 ad
1346 2082 1533 2153 illas
1606 2077 2160 2173 perfectiones
2199 2103 2212 2144 ε

657 2201 791 2273 sed
834 2199 1108 2271 omnia
1149 2219 1324 2291 quae
1357 2219 1404 2271 a
1443 2200 1742 2271 natura
1768 2194 2220 2287 producun-

656 2320 822 2399 tur,
862 2319 1049 2389 sunt
1084 2314 1164 2387 in
1195 2315 1414 2388 linea
1458 2318 1688 2388 recta
1731 2333 1915 2385 cum
1966 2309 2217 2382 homi-

661 2451 784 2514 ne,
820 2436 902 2505 et
945 2435 1285 2524 propter
1337 2431 1606 2522 ipsum
1652 2431 2211 2520 generantur;

663 2566 865 2639 ergo
909 2567 1093 2620 cum
1127 2545 1369 2618 homo
1424 2545 1532 2619 sit
1570 2544 1875 2626 vivenS,
1942 2543 2216 2616 omnia

658 2664 1058 2756 producta
1113 2683 1160 2735 a
1222 2666 1523 2737 natura
1582 2661 1873 2734 habent
1942 2659 2215 2752 aliquo

554 2807 565 2815 ·
661 2782 895 2854 modo
991 2782 1409 2874 aspectum
1477 2780 1570 2852 ad
1614 2777 2213 2870 susceptionem

313 3890 405 3940 An
432 3887 569 3951 lapi-

378 3950 491 4011 des,
516 3956 565 3997 et

369 4011 599 4061 metalla

657 2898 874 2972 vitae.

751 3016 982 3096 Item,
1048 3012 1129 3087 in
1202 3012 1587 3106 operibus
1634 3010 2030 3085 ordinatis
2099 3008 2212 3081 vi·

654 3129 957 3213 demus,
998 3128 1202 3222 quod
1234 3131 1535 3202 natura
1586 3131 1666 3202 et
1716 3147 1854 3199 ars
1890 3145 2213 3219 semper

657 3245 1057 3340 incipiunt
1126 3246 1224 3318 ab
1267 3244 1749 3339 imperfecto
1824 3243 2042 3315 illius
2084 3262 2209 3333 ge-

655 3362 903 3446 neris,
996 3362 1231 3455 cujus
1309 3360 1902 3456 perfectionem
2007 3382 2212 3453 quae-

658 3484 850 3555 runt
885 3504 900 3562 ;
936 3500 1137 3572 ergo
1170 3498 1585 3571 nunquam
1630 3483 1928 3552 natura
1976 3498 2207 3569 gene·

658 3599 790 3671 rat
865 3596 1189 3689 aliquod
1265 3596 1566 3678 vivum,
1638 3595 1797 3667 nisi
1864 3616 1963 3667 ex
2015 3597 2205 3668 vivo

658 3711 932 3804 aliquo
967 3713 1226 3794 modo,
1273 3711 1462 3785 licet
1500 3710 2004 3803 imperfecto.

750 3829 832 3904 Si
910 3829 1376 3921 objiciatur,
1475 3828 1679 3921 quod
1745 3828 2052 3921 lapides
2125 3832 2207 3900 et

658 3945 991 4019 metalla
1050 3948 1553 4036 generantur
1621 3964 1668 4016 a
1736 3950 2059 4026 natura,
2125 3948 2206 4018 et

373 4075 613 4124 vivam!
652 4062 925 4134 tamen
968 4082 1126 4133 non
1185 4061 1494 4141 vivunt,
1549 4061 2035 4152 respondent
2099 4060 2206 4131 is-

652 4178 741 4259 ti,
805 4183 885 4252 et
925 4178 1223 4259 dicunt,
1302 4177 1508 4268 quod
1575 4176 1856 4248 vivunt
1928 4176 2203 4269 aliquo

655 4313 949 4386 genere
1011 4294 1202 4368 vitae
1274 4292 1645 4385 quamvis
1690 4292 2199 4386 imperfectO,

652 4410 1021 4502 quamvis
1049 4430 1332 4482 sensus
1366 4411 1650 4481 noster
1683 4409 2017 4482 obtusus
2041 4430 2203 4481 non

649 4526 1283 4621 comprehendat
1354 4525 1578 4598 illam
1658 4527 1938 4608 vitam,
2013 4525 2202 4617 quia

648 4663 811 4714 non
881 4639 1413 4734 apprehendit
1463 4661 1641 4712 esse
1700 4639 1860 4712 nisi
1926 4640 2200 4731 aliquo

649 4763 881 4831 certo
976 4755 1235 4837 modo,
1332 4760 1413 4830 et
1492 4754 1766 4847 aliquo
1840 4755 2200 4848 perfecto

654 4872 938 4965 gradu,
987 4870 1252 4963 qualis
1315 4870 1582 4963 primo
1628 4869 1705 4940 in
1753 4870 2054 4963 plantis
2090 4870 2201 4942 in-

652 4988 854 5081 cipit
923 5008 1351 5082 apparerc.
1414 4986 1837 5060 Elementa.
1896 4992 2196 5069 autem,

655 5111 743 5181 ut
807 5109 996 5179 sunt
1057 5123 1263 5197 pura
1329 5106 1409 5179 et
1469 5102 1903 5196 simplicia,
1976 5103 2198 5178 nullo

657 5222 891 5296 modo
944 5220 1254 5300 vivunt,
1325 5218 1512 5310 quia
1589 5240 1732 5291 nec
1805 5219 2194 5303 sentiunt,

650 5360 795 5412 nec
828 5337 1125 5411 habent
1165 5336 1520 5427 aliquam
1579 5336 2198 5430 dispositionem

651 5473 1155 5545 organorum
1228 5451 1354 5522 vel
1422 5470 1840 5534 venarum,
1916 5451 1994 5523 in
2052 5472 2199 5524 sua

648 5574 974 5650 natura,
1013 5588 1187 5659 quae
1239 5569 1429 5646 sunt
1470 5567 1700 5662 signa
1739 5568 1930 5645 vitae
1978 5592 1992 5637 ε
2041 5589 2198 5641 me-

1859 403 1959 465 DE
2004 400 2268 465 RERUM
2313 401 2702 465 PRINCIPIO

2335 562 2536 635 talla
2595 567 2867 634 autem
2903 566 2982 634 et
3024 561 3329 655 lapides
3374 563 3755 642 sentiunt,
3801 567 3874 635 ct

2336 676 2631 749 habent
2677 677 3208 768 multiplicem
3277 678 3872 751 distinctionem

2335 811 2752 873 venarum,
2828 812 3000 883 quae
3065 793 3338 863 omnia
3396 796 3584 865 sunt
3653 791 3877 881 signa

2335 906 2684 998 alicujus
2726 909 3025 999 gradus
3059 910 3273 982 vitae.
3321 909 3540 980 Unde
3581 908 3873 988 dicunt,

2337 1024 2543 1113 quod
2590 1045 2825 1096 omne
2876 1025 3427 1117 compositum
3480 1046 3525 1097 a
3585 1029 3878 1099 natura

2334 1140 2821 1229 productum
2866 1141 3072 1215 vivit
3118 1169 3131 1210 ;
3181 1145 3261 1216 et
3297 1142 3361 1214 si
3401 1140 3703 1222 Sancti,
3757 1141 3875 1213 vel

2334 1254 2807 1348 Philosophi
2866 1257 3139 1330 dicant
3196 1258 3629 1350 aliquando
3701 1279 3878 1332 con·

2337 1372 2714 1454 trarium,
2779 1377 2902 1447 est
2957 1373 3566 1464 intelligendum
3607 1376 3699 1447 de
3744 1374 3877 1448 illo

2334 1488 2586 1575 gradal
2662 1488 2878 1570 vitae,
2954 1510 3188 1581 quom
3270 1511 3555 1562 sensus
3620 1490 3878 1582 primo

2338 1604 2709 1697 percipit,
2759 1605 3022 1698 qualis
3075 1607 3314 1680 estin
3369 1607 3691 1701 plantis.

2423 1721 2745 1804 Quinto,
2797 1727 2880 1795 ut
2920 1723 3302 1817 praedicta
3338 1723 3600 1816 magis
3645 1746 3880 1818 appa-

2333 1843 2593 1918 reant,
2656 1841 3084 1914 ostendunt
3152 1841 3291 1916 isti
3352 1843 3556 1934 quod
3624 1846 3877 1925 terra,

2331 1957 2536 2047 (quae
2591 1958 2713 2028 est
2763 1956 3254 2050 principium
3319 1959 3737 2051 passivum
3800 1964 3879 2033 et

2333 2073 2909 2166 compositum,
2960 2080 3047 2150 ut
3112 2081 3530 2149 ostensum
3587 2082 3736 2159 est,
3802 2082 3879 2151 et

2332 2189 2652 2262 ratione
2696 2190 2915 2263 illius
2952 2193 3576 2285 compositionis
3609 2195 3881 2268 omnia

2329 2307 2740 2381 naturalia
2797 2309 2998 2383 fiunt
3064 2332 3163 2382 ex
3205 2311 3371 2392 illa,
3431 2312 3558 2384 vel
3630 2312 3881 2384 mixta

2326 2426 2760 2500 transeunt
2795 2427 2874 2498 in
2903 2428 3124 2500 illam
3169 2430 3874 2522 compositionem,

2330 2543 2516 2633 quia
2551 2544 2695 2616 sub
2730 2545 2870 2617 illa
2904 2549 3027 2620 (st
3061 2544 3514 2638 subjectum
3549 2568 3879 2639 genera·

2329 2659 2578 2733 tionis
2608 2665 2687 2734 et
2739 2663 3326 2755 corruptionis)
3373 2664 3464 2736 de
3527 2663 3688 2739 ista
3730 2669 3883 2737 ter-

2332 2791 2425 2843 ra
2503 2773 2618 2844 sic
2705 2777 3064 2866 accepta,
3147 2776 3602 2859 ostendunt,
3677 2777 3881 2869 quod

2325 2885 2565 2962 habet
2599 2889 2952 2982 aliquem
2986 2892 3331 2982 gradum
3364 2893 3579 2975 vitae,
3609 2914 3880 2985 quam-

2325 3005 2450 3078 vis
2504 3006 2859 3098 primum
2926 3013 3006 3082 et
3067 3008 3665 3102 imperfectum.
3733 3010 3882 3093 Qui

2326 3123 2626 3214 gradus
2673 3125 2999 3219 proficit
3045 3147 3188 3220 por
3257 3128 3591 3219 agentia
3653 3134 3881 3203 natu·

2327 3241 2540 3313 ralia
2602 3242 2682 3314 in
2755 3263 3033 3315 omnes
3095 3245 3394 3334 gradus
3453 3244 3671 3327 vitae,
3747 3245 3886 3337 qui

2324 3362 2510 3430 sunt
2548 3359 2629 3431 in
2667 3380 2863 3451 pure
2883 3362 3422 3444 naturalibus,
3461 3367 3542 3436 et
3592 3382 3691 3435 ex
3731 3362 3885 3436 hoc

2324 3475 2640 3566 quidem
2699 3476 3188 3551 concludunt
3241 3478 3728 3553 sensitivum
3803 3481 3882 3553 in

2318 3591 2585 3665 brutis
2630 3613 2807 3664 esse
2850 3593 2948 3664 ab
2984 3595 3560 3686 intelligentia.
3599 3599 3883 3671 Primo

2322 3708 2463 3790 sic,
2509 3730 2608 3780 ox
2656 3711 2721 3781 2.
2771 3709 3337 3800 physicorum,
3387 3713 3821 3805 colligitur
3866 3740 3881 3783 ε

2319 3825 2531 3900 sicut
2604 3826 2766 3899 tale
2829 3845 3103 3917 agens,
3177 3832 3257 3902 ct
3319 3829 3484 3903 tale
3554 3833 3884 3924 patiens

2320 3945 2508 4015 sunt
2609 3942 3242 4034 proportionata
3319 3947 3414 4019 ad
3490 3968 3887 4037 generan-

2316 4056 2500 4128 dum
2539 4058 2785 4131 talem
2830 4058 3233 4142 effectum,
3280 4065 3361 4135 et
3407 4068 3687 4137 mutuo
3724 4065 3886 4138 sibi

2317 4175 3063 4266 correspondentia,
3130 4181 3216 4249 ut
3263 4197 3437 4249 mas
3492 4184 3571 4252 et
3629 4180 3891 4254 foemi-

2316 4291 2544 4363 nain
2585 4291 2931 4364 diversis
2995 4294 3416 4384 speciebus
3489 4295 3585 4368 ad
3646 4318 3886 4390 gene·

2318 4407 2725 4480 rationem
2846 4410 3463 4500 producendam,
3599 4414 3887 4486 eodem

2318 4524 2550 4596 modo
2594 4544 2868 4614 agens,
2942 4530 3241 4608 motor,
3290 4529 3367 4598 et
3412 4529 3736 4619 patiens
3807 4532 3889 4602 in

2315 4639 2492 4711 tota
2534 4645 2832 4714 natura
2869 4644 3056 4715 sunt
3092 4643 3759 4735 proportionata,
3799 4651 3883 4719 et

2319 4759 2599 4829 mutuo
2652 4756 2803 4829 sibi
2845 4761 3611 4852 correspondentia;
3671 4782 3888 4854 ergo

2315 4870 2523 4959 quod
2598 4869 2834 4944 habet
2922 4892 3172 4963 agens
3241 4879 3425 4949 actu
3483 4882 3564 4951 et
3635 4878 3884 4952 modo

2317 4985 2707 5077 persectO,
2764 4987 2915 5060 hoc
2952 4989 3267 5081 patiens
3312 4994 3543 5065 modo
3580 4994 3886 5088 imper-

2314 5102 2528 5176 fecto
2575 5129 2589 5172 :
2639 5104 2771 5175 sed
2835 5105 3392 5197 Intelligentia
3429 5110 3656 5185 unita
3688 5111 3884 5184 orbi

2312 5219 2394 5292 in
2438 5218 2758 5293 ratione
2822 5222 3196 5306 motoriS,
3242 5229 3365 5298 cst
3415 5245 3663 5316 agens
3700 5229 3886 5301 uni-

2309 5336 2657 5417 versale,
2726 5341 2952 5409 terra
3016 5340 3478 5414 universale
3548 5344 3884 5435 patiens

2311 5459 2392 5528 et
2444 5455 2845 5548 primum;
2892 5478 3092 5549 orgo
3128 5458 3191 5530 si
3235 5458 3390 5533 isto
3426 5467 3696 5536 motor
3733 5463 3886 5537 ha-

2309 5571 2441 5645 bet
2518 5571 2801 5654 vitain,
2876 5593 3202 5647 necesso
3243 5579 3364 5646 cst
3455 5578 3657 5669 quod
3718 5578 3881 5653 hoc

4004 1737 4064 1785 18.

3927 2568 4005 2616 An
4030 2574 4149 2614 tea-ra

3950 2629 4115 2677 habeat

3923 2691 4126 2753 aliquem

3937 2753 4136 2817 yradum

3989 2816 4111 2864 tieoe.
