4252 6393
368 4761 666 4838 Μαῃίςὴωί

386 4839 447 4873 re
441 4841 470 4888 J
477 4832 662 4875 concur.

741 440 861 507 270

735 601 1138 696 opposita,
1205 618 1351 693 per
1410 618 1645 691 quem
1715 601 2038 672 modum
2099 599 2274 691 agit

730 738 978 790 causa
1019 716 1313 810 prima.

819 838 1050 916 Item,
1093 834 1458 907 videmus
1493 835 1699 925 quod
1734 835 1813 906 in
1857 832 2274 905 effectibus

727 956 1119 1029 causatur
1156 952 1376 1032 ordo,
1413 956 1492 1025 et
1529 952 1801 1024 unitas
1847 951 2157 1024 ordinis
2191 951 2273 1023 in

727 1071 888 1144 situ
961 1071 1059 1142 ab
1127 1069 1551 1151 efficiente,
1626 1070 1797 1143 sive
1865 1073 2057 1159 agat
2130 1089 2274 1161 per

721 1187 1143 1268 naturam,
1226 1186 1396 1258 sive
1487 1205 1632 1277 per
1717 1188 2060 1258 artem:
2128 1206 2273 1277 per

721 1306 1140 1383 naturam,
1231 1305 1321 1374 ut
1404 1301 1624 1393 patet
1714 1304 2105 1389 quantum
2177 1300 2272 1372 ad

723 1417 1345 1511 productionem
1416 1417 1497 1489 in
1556 1416 1757 1488 flore
1815 1420 1895 1488 et
1956 1415 2266 1497 fructu;

722 1536 1121 1626 quantum
1163 1532 1258 1604 ad
1291 1531 1567 1611 situm,
1607 1529 1797 1621 quia
1829 1528 2115 1602 folium
2152 1551 2272 1601 su-

724 1649 1212 1742 perponitur
1269 1645 1598 1727 fructui,
1664 1645 1894 1737 quasi
1947 1644 2041 1716 ad
2084 1664 2271 1716 con-

725 1764 1278 1837 servationem
1323 1787 1338 1832 ε
1376 1764 1455 1834 et
1515 1781 1614 1832 ex
1658 1760 2032 1832 omnibus
2086 1760 2270 1832 istis

721 1880 917 1953 facit
977 1880 1403 1972 quamdam
1464 1876 1774 1949 ordinis
1841 1877 2265 1958 unitatem,

720 2000 808 2070 ut
851 2000 1071 2090 patet
1116 1996 1199 2068 in
1257 1994 1706 2075 frondibus,
1764 1992 2072 2086 stipite,
2141 2013 2271 2063 ra-

723 2112 918 2194 mis,
997 2116 1078 2185 et
1146 2109 1546 2183 fructibus
1607 2134 1622 2178 :
1687 2112 1765 2181 et
1848 2108 1995 2180 hoc
2072 2106 2268 2178 facit

720 2230 997 2302 eadem
1047 2227 1174 2301 vis
1232 2231 1550 2298 naturae
1601 2225 1895 2305 activa,
1979 2227 2060 2296 et
2118 2222 2270 2295 hoc

721 2348 945 2439 patet
1015 2345 1098 2416 in
1157 2342 1653 2415 formatione
1724 2339 2113 2420 hominis,
2187 2342 2268 2411 et

720 2459 1150 2553 cujuslibet
1209 2457 1619 2531 animalis.
1686 2459 1811 2530 Ita
1858 2456 2108 2529 etiam
2147 2455 2267 2527 vi-

723 2579 1002 2651 demus
1039 2579 1118 2652 in
1163 2577 1545 2671 operibus
1589 2574 1800 2648 artis
1849 2578 1928 2646 et
1987 2574 2268 2645 volun-

717 2694 945 2774 tatis,
1041 2696 1130 2769 ut
1209 2694 1420 2785 patet
1493 2691 1575 2764 in
1652 2687 2265 2763 constructione

718 2810 1007 2883 domus
1064 2810 1145 2880 et
1206 2806 1293 2878 in
1344 2804 1714 2877 omnibus
1765 2802 2258 2885 artificiatis,

717 2946 817 2999 ex
857 2924 1231 3006 diversis,
1278 2922 1404 2994 vel
1446 2919 1897 2993 contrariis
1941 2940 2261 3011 compo·

723 3040 935 3122 sitis,
1008 3039 1199 3132 quia
1248 3059 1534 3112 eorum
1588 3037 2014 3132 productio
2066 3037 2264 3126 (ma-

715 3157 931 3232 xime
999 3157 1068 3231 si
1147 3176 1285 3230 ars
1354 3157 1745 3251 producat
1829 3152 2263 3225 materiam

715 3275 1291 3370 propinquam)
1355 3279 1434 3348 et
1499 3295 1786 3348 eorum
1857 3270 2263 3346 ordinatio

715 3390 1134 3465 reducitur
1166 3391 1261 3463 ad
1286 3409 1532 3462 unum
1566 3385 1950 3461 efficiens.
1982 3388 2264 3466 Quam·

710 3504 839 3578 vis
884 3503 1147 3595 igitur
1179 3503 1733 3578 contrarietas
1777 3501 1884 3575 sit
1921 3501 2001 3573 in
2031 3499 2263 3572 effec-

654 3619 959 3705 ‘tibus,
1035 3622 1223 3715 quia
1293 3623 1565 3695 omnia
1634 3620 2126 3695 conveniunt
2182 3618 2262 3689 in

717 3740 1058 3833 quadam
1131 3738 1447 3812 unitate
1503 3742 1582 3811 et
1617 3737 1896 3811 ordine
1948 3735 2265 3807 univer-

716 3857 811 3940 si,
848 3877 1011 3929 non
1047 3859 1370 3950 oportet
1406 3856 1611 3948 quod
1644 3875 1930 3928 eorum
1975 3853 2138 3925 sint
2161 3850 2266 3925 di-

715 3991 959 4044 versa
996 3970 1482 4044 efficientia:
1522 3970 1684 4042 imo
1737 3967 2012 4060 potius
2056 3965 2265 4058 quod

715 4107 965 4161 unum
1026 4089 1132 4161 sit
1195 4085 1696 4182 principium
1763 4105 2048 4157 eorum
2095 4104 2265 4154 om-

715 4204 971 4288 nium,
1038 4226 1215 4297 quae
1258 4204 1338 4276 in
1381 4201 1673 4274 mundo
1730 4202 1941 4281 sunt,
1995 4203 2076 4272 et
2118 4197 2266 4270 sub

716 4322 997 4394 eodem
1041 4320 1321 4393 ordine
1362 4314 1724 4389 universi
1778 4316 2094 4395 cadunt,
2132 4335 2266 4386 cu-

711 4434 1068 4526 jusmodi
1114 4435 1299 4505 sunt
1344 4430 1615 4504 omnia
1656 4432 1958 4504 creata.

492 4573 568 4624 ιε.
821 4551 1224 4624 Motivum
1282 4547 1531 4621 etiam
1591 4546 1863 4620 tertiae
1924 4543 2267 4640 positio-

405 4638 604 4689 Funde

392 4662 637 4750 mentun}
720 4667 848 4741 nis
908 4667 1217 4740 nullum
1280 4668 1440 4747 est;
1509 4664 1697 4757 quia
1754 4661 2125 4755 quamvis
2186 4659 2266 4732 in

719 4782 1043 4856 entibus
1105 4780 1212 4853 sit
1272 4778 1571 4852 bonum
1640 4783 1719 4852 et
1765 4776 2093 4857 malum,
2161 4774 2267 4847 sit

718 4900 970 4972 etiam
1054 4896 1449 4990 perfectio
1510 4899 1592 4968 et
1647 4890 2013 4972 defectio,
2106 4908 2270 4961 non

715 5020 995 5090 tamen
1042 5017 1370 5107 oportet
1415 5011 1624 5103 quod
1684 5010 1841 5084 ista
1887 5007 2270 5080 reducan-

713 5132 856 5202 tur
896 5129 992 5201 ad
1036 5127 1359 5200 diversa
1392 5124 1854 5197 efficientia.
1890 5120 2270 5195 Defectus

712 5255 935 5330 enim
981 5256 1062 5326 et
1121 5250 1454 5332 malum,
1519 5249 1999 5340 inquantum
2038 5242 2265 5324 talia,

718 5369 882 5450 non
957 5376 1254 5448 liabent
1325 5372 1810 5445 efficientem
1893 5387 2265 5448 causam,

714 5494 846 5566 sed
916 5490 1451 5569 deficientem,
1548 5488 1758 5560 sicut
1813 5485 2270 5559 claudicare

707 5620 900 5694 dicit
994 5621 1176 5702 duo,
1249 5619 1330 5690 et

1893 439 1997 504 DE
2041 438 2303 506 RERUM
2353 438 2743 506 PRINCIPIO

2388 601 2534 674 ire.
2573 602 2736 676 Nee
2765 606 3039 676 tamen
3073 604 3156 678 in
3188 606 3349 680 isto
3386 610 3595 690 actu,
3635 609 3766 701 qui
3796 616 3909 687 est

2386 725 2790 804 claudicare,
2883 729 3208 817 oportet
3294 726 3490 799 duas
3573 729 3912 805 virtutes

2388 839 2737 911 motivas
2796 840 3276 931 assignare:
3335 845 3467 916 sed
3535 848 3739 939 quod
3802 855 3915 925 est

2385 953 2493 1027 ibi
2539 956 3066 1047 perfeetionis
3107 964 3186 1033 ct
3237 961 3764 1054 operationis,
3816 970 3920 1039 at·

2383 1070 2786 1145 tribuitur
2815 1074 3142 1157 virtuti;
3183 1077 3387 1167 quod
3420 1083 3545 1152 est
3596 1078 3702 1151 ibi
3736 1082 3918 1156 mali

2382 1191 2462 1260 et
2536 1189 2918 1272 defectus,
3000 1193 3489 1268 attribuitur
3585 1196 3917 1271 defectui

2381 1306 2745 1388 virtutis,
2861 1309 3071 1383 sicut
3127 1311 3481 1384 dicerem
3550 1313 3630 1386 in
3696 1316 3918 1388 oculo

2387 1424 2594 1496 male
2677 1425 3019 1507 vidente,
3133 1449 3292 1500 non
3376 1431 3581 1520 quod
3661 1430 3917 1505 virtus

2388 1541 2671 1633 primae
2722 1562 2985 1614 causae
3041 1543 3148 1617 sit
3208 1544 3291 1615 in
3350 1543 3623 1636 aliquo
3681 1545 3922 1620 defec-

2385 1661 2651 1730 tuosa.
2714 1658 2826 1730 Ac
2889 1679 3034 1752 per
3093 1658 3276 1742 hoc,
3342 1659 3423 1732 in
3484 1661 3687 1744 illis,
3755 1685 3921 1755 quae

2382 1772 2480 1844 ab
2513 1772 2656 1845 illa
2688 1775 3087 1857 totaliter,
3134 1779 3211 1847 et
3250 1777 3714 1851 immediate
3752 1800 3923 1872 pro·

2384 1888 2693 1968 cedunt,
2769 1890 3037 1961 nullus
3103 1888 3458 1963 defectus
3526 1913 3625 1963 ex
3692 1897 3926 1986 parte

2380 2003 2809 2079 efficientis
2890 2006 3339 2098 reperitur;
3415 2008 3547 2080 sed
3618 2009 3699 2082 in
3768 2011 3925 2083 illis

2385 2118 2465 2190 in
2561 2121 2849 2213 quibus
2946 2128 3502 2216 cooperantur
3600 2129 3930 2219 agentia

2382 2242 2664 2311 creata
2704 2261 2802 2311 ex
2846 2240 3158 2313 defectu
3214 2241 3553 2315 virtutis
3613 2265 3924 2327 earum,

2379 2354 2506 2426 vel
2601 2376 2699 2426 ex
2787 2353 3408 2449 indispositione
3505 2363 3924 2443 materiae,

2381 2493 2620 2564 quain
2687 2471 3143 2563 requirunt,
3203 2473 3560 2550 defectus
3623 2477 3932 2570 aliquo·

2378 2590 2533 2662 ties
2571 2588 3010 2681 reperitur.
3058 2590 3187 2662 Sic
3244 2591 3501 2682 igitur
3562 2595 3807 2679 mala,
3851 2599 3927 2669 et

2377 2705 2733 2777 defectus
2802 2705 3299 2779 reducuntur
3368 2708 3463 2781 ad
3529 2708 3931 2782 defectum

2377 2822 2783 2895 virtutum
2860 2822 3518 2915 particula-rium,
3567 2830 3654 2900 ut
3715 2827 3931 2899 mala

2379 2941 2635 3013 moris
2694 2941 2790 3012 ad
2829 2940 3225 3014 defectum
3280 2942 3619 3018 virtutis
3684 2945 3935 3039 parti-

2379 3059 2685 3134 cularis
2717 3062 3061 3131 naturae.

2469 3174 2955 3250 Reducimus
3009 3176 3258 3249 etiam
3335 3178 3610 3251 omnia
3683 3179 3921 3263 mala,
4055 3205 4115 3256 13.

2376 3298 2454 3368 et
2499 3295 2853 3368 defectus
2915 3293 3010 3367 ad
3071 3314 3316 3367 unum
3360 3295 3721 3387 primum
3764 3296 3923 3370 effi·
3955 3270 4177 3390 323⁸?ss

2378 3411 2597 3484 ciens
2666 3410 3251 3502 quodammodo
3332 3436 3347 3481 :
3423 3412 3629 3503 quod
3714 3391 4177 3518 sicutffffgffi

2377 3527 2918 3620 perfectiones
2947 3547 3223 3599 omnes
3248 3526 3655 3619 accipiunt
3686 3550 3923 3601 suum
3963 3515 4177 3642 ffim'ffl

2375 3664 2578 3723 esse,
2643 3642 2725 3714 in
2768 3643 2918 3714 hoc
2979 3642 3184 3732 quod
3244 3642 3421 3734 ipso
3473 3641 4177 3754 producun-1³5}ss2¹32}a

2376 3759 2542 3839 tur,
2579 3759 2656 3828 et
2693 3758 2960 3850 ipsum
3006 3756 3240 3829 modo
3274 3757 3550 3848 aliquo
3596 3757 3926 3829 imitan-
4043 3776 4128 3816 tw·-
4175 3777 4176 3782 ’

2376 3874 2540 3954 tur,
2642 3874 2834 3943 tunc
2929 3872 3228 3963 gradus
3327 3872 3931 3964 perfectionum

2380 3988 2738 4060 sumitur
2789 3992 2868 4061 et
2901 3988 3455 4079 cognoscitur,
3494 3989 3935 4062 secundum

2382 4104 2787 4197 maJorem
2846 4108 2923 4177 et
3031 4104 3437 4178 minorem
3496 4105 3938 4199 appropin-

2382 4221 2854 4313 quationem
2895 4223 2990 4295 ad
3059 4224 3251 4296 illud
3313 4224 3675 4317 primum
3740 4251 3756 4294 :
3824 4222 3937 4296 sic

2382 4340 2598 4413 mala
2690 4340 3044 4414 defectus
3144 4344 3766 4432 cognoscuntur
3858 4342 3937 4412 et

2380 4455 3019 4548 distinguuntur,
3059 4458 3492 4531 secundum
3530 4458 3938 4550 majorem

2380 4573 2460 4643 et
2526 4572 2928 4646 minorem
2981 4572 3588 4664 elongationem
3631 4573 3737 4644 ab
3799 4572 3937 4644 illo

2382 4707 2542 4759 uno
2586 4688 2854 4780 primo
2893 4688 3275 4782 perfecto,
3343 4686 3461 4759 ita
3504 4687 3715 4778 quod
3760 4707 3940 4779 per-

2384 4803 2630 4878 fectio
2674 4805 2896 4877 illius
2938 4807 3061 4878 est
3117 4824 3505 4878 mensura
3567 4801 3940 4876 omnium

2386 4921 3006 5015 perfectionum,
3046 4922 3479 4995 seeundum
3524 4920 3938 4992 rationem

2387 5036 3095 5129 appropinquandi
3145 5039 3223 5110 et
3260 5035 3803 5117 assimilandi,
3858 5037 3937 5107 et

2383 5155 2508 5224 est
2580 5171 2962 5224 mensura
3065 5152 3427 5224 omnium
3525 5150 3941 5224 malorum

2385 5269 2464 5339 et
2496 5267 2978 5350 defectuum,
3025 5269 3459 5340 seeundum
3524 5266 3938 5340 rationem

2385 5382 2847 5474 elongandi,
2894 5383 3328 5457 secundum
3376 5383 3584 5475 quod
3629 5383 3938 5455 dicitur

2387 5497 2470 5569 in
2498 5500 2565 5570 2.
2610 5501 2692 5568 de
2743 5502 2980 5568 Gener.
3044 5510 3204 5567 teme.
3253 5499 3365 5570 56.
3412 5502 3704 5588 Propter
3746 5501 3938 5587 lonqc

1434 5613 1578 5696 ire,
1659 5618 1738 5687 ct
1819 5611 2276 5685 defectuose
2394 5614 2654 5682 distare
2700 5638 2743 5682 α
2782 5616 3030 5706 prime,
3079 5615 3342 5703 reliquo
3394 5614 3588 5681 modo
3645 5614 3933 5704 comple·
