4252 6393
616 440 736 504 734
1786 435 1892 497 DE
1932 429 2176 497 ano
2223 428 2611 499 PRINCIPIO

610 600 816 693 quod
891 616 1054 669 non
1119 598 1244 669 θεῖ
1313 613 1585 669 causa.
1657 595 2151 668 Antecedens

607 714 847 807 liujus
889 712 1291 806 probatur
1348 708 1718 801 exemplo
1769 711 1851 780 et
1902 706 2151 781 ratio-

605 854 728 904 ne.
767 830 1245 924 Exemplum
1279 829 1617 923 ponitur
1656 828 1820 901 tale
1855 855 1868 897 :
1910 847 2152 918 quan-

600 948 799 1021 titas
831 947 1046 1019 enim
1087 948 1209 1019 est
1247 943 1778 1038 propinquius
1814 945 2152 1014 causata,

605 1064 1026 1156 qualitate,
1071 1083 1230 1135 non
1275 1067 1545 1135 tamen
1587 1064 1711 1132 est
1752 1060 1926 1151 ejus
1970 1079 2150 1130 cnu-

605 1202 718 1253 sa.
785 1184 1017 1253 Patet
1060 1180 1585 1253 discurrendo
1633 1198 1775 1271 per
1828 1196 2146 1249 causas.

606 1299 1016 1372 Probatur
1079 1298 1329 1372 etiam
1392 1297 1734 1377 ratione,
1793 1294 1976 1386 quia
2035 1314 2149 1364 se-

607 1418 862 1491 cunda
904 1414 1319 1489 conclusio
1353 1416 1477 1485 est
1517 1413 1607 1484 de
1661 1410 2146 1483 sufficientia

606 1535 1053 1610 divisionis.

2263 614 2465 666 esse.
2519 595 2598 665 si
2639 594 2885 677 dicas,
2941 597 3487 690 compositum
3540 597 3806 690 potest

2263 733 2440 782 esse
2500 732 2647 805 per
2705 731 2954 803 agens
3014 714 3395 787 naturale
3441 741 3454 784 ε
3495 733 3653 786 non
3698 719 3808 788 ta-

2267 847 2446 900 men
2508 830 2857 903 materia
2926 832 3199 924 potest
3266 852 3443 903 esse
3498 852 3645 925 per
3698 830 3812 923 ip-

2263 965 2475 1027 sum,
2568 947 2739 1019 sine
2838 968 2991 1040 qua
3089 948 3590 1041 impossibile
3689 952 3815 1020 est

2264 1063 2812 1156 compositum
2877 1085 3078 1137 esse.
3143 1065 3545 1142 Instantia
3613 1063 3819 1136 nihil

2262 1178 2505 1259 valet,
2544 1179 2729 1271 quia
2774 1199 3023 1273 agens
3064 1180 3442 1255 naturale
3485 1202 3646 1253 non
3687 1183 3811 1252 θεῖ

2262 1295 2433 1364 tota
2493 1313 2737 1366 causa
2792 1297 3252 1389 compositi,
3317 1317 3358 1368 a
3407 1318 3587 1389 quo,
3662 1294 3815 1369 cir·

2263 1410 2762 1504 cumscripto
2812 1411 3123 1485 scilicet
3180 1413 3398 1485 omni
3452 1412 3642 1494 alio,
3690 1432 3834 1505 po,

2268 1528 2423 1597 test
2518 1548 2695 1598 θεεθ
2796 1530 3368 1622 compositum.
3465 1531 3580 1603 De
3671 1528 3819 1601 tali

357 1677 492 1749 θρα-
698 1654 888 1720 Nihil
969 1650 1288 1740 dependet
1357 1651 1834 1722 essentialiter,
1921 1650 2055 1714 nisi
2111 1671 2151 1712 a
2268 1640 2584 1733 loquor,
2659 1646 2841 1736 quin
2908 1646 2973 1718 si
3039 1667 3315 1719 omnes
3380 1667 3671 1719 causas
3735 1645 3816 1717 in

308 1741 467 1790 ⁰¹⁰⁸¹⁰
495 1737 576 1789 12.
611 1792 810 1838 causa
875 1769 978 1836 vel
1059 1779 1326 1834 causalo
1400 1765 1878 1854 propinquiori
1946 1765 2156 1830 alieni
2272 1760 2487 1831 Omni
2526 1779 2821 1851 genero
2868 1784 3132 1836 causa]
3171 1763 3587 1836 ordinatas
3639 1763 3733 1834 ad
3768 1766 3828 1829 B

613 1908 850 1954 causae.
2272 1876 2748 1970 conjungas,
2804 1886 2884 1954 et
2924 1880 3261 1956 effectus
3307 1879 3829 1975 propinquio-

410 2020 459 2071 9.
706 2001 1116 2075 Probatur
1150 2025 1165 2069 ε
1214 1998 1398 2090 quia
1440 1995 1508 2069 si
1551 1995 2028 2088 dependeret
2062 1991 2160 2063 ab
2274 2011 2404 2063 res
2440 1992 2616 2086 ipso
2650 2000 2709 2063 B
2739 1995 2900 2071 sint
2935 1998 3336 2092 producti,
3373 2018 3520 2091 per
3546 2015 3829 2068 omnes

620 2120 892 2211 aliquo
925 2117 1112 2197 alio,
1152 2116 1259 2189 sit
1294 2113 1486 2186 illud
1517 2118 1568 2181 A
1604 2117 1682 2185 et
1712 2111 2159 2204 dependens
2275 2108 2477 2183 istas
2519 2116 2571 2180 A
2624 2134 2783 2186 non
2846 2118 3118 2208 potest
3160 2137 3362 2198 esse,
3414 2115 3604 2208 quia
3659 2133 3825 2185 non

619 2240 700 2305 Β.
763 2240 815 2304 A
867 2254 1029 2306 non
1088 2232 1522 2312 existente,
1588 2233 1644 2297 B
1702 2249 1862 2299 non
1933 2226 2091 2301 erit
2143 2250 2157 2294 ε
2274 2228 2396 2298 θεῖ
2431 2248 2700 2311 causa,
2746 2252 2892 2304 nee
2953 2239 3383 2306 causatum
3423 2232 3514 2304 de
3555 2250 3832 2303 nume-

290 2392 559 2448 Quodlibee
620 2351 752 2424 sed
793 2354 842 2419 A
878 2369 1040 2423 non
1098 2348 1528 2430 existente,
1575 2365 1852 2419 omnes
1895 2362 2163 2417 causae
2278 2363 2370 2414 ro
2405 2343 2783 2429 istorum,
2832 2351 2910 2420 θῖ
2949 2349 3120 2422 sinc
3153 2355 3231 2432 A,
3273 2354 3327 2417 B
3358 2368 3519 2420 non
3553 2350 3831 2441 potest

265 2469 573 2518 ²³⁰⁸³⁶⁶⁸⁸²’
617 2489 762 2563 per
830 2489 914 2541 εθ
987 2466 1242 2560 ipsius
1294 2469 1350 2534 B
1410 2467 1752 2558 possunt
1827 2481 2161 2537 concur·
2276 2480 2490 2539 esse;
2556 2483 2755 2552 ergo
2801 2485 2945 2557 per
3008 2486 3286 2538 omnes
3341 2465 3543 2536 istas
3582 2463 3835 2536 simul

333 2519 344 2531 “
383 2533 410 2564 e
471 2532 519 2577 o,

283 2533 559 2691 {3335ssssss
618 2605 826 2665 rere,
863 2588 942 2657 et
984 2583 1235 2656 etiam
1273 2581 1544 2654 omnia
1587 2586 1926 2654 causata
1983 2579 2163 2653 istis
2270 2575 2626 2668 junctas,
2674 2584 2730 2647 B
2773 2602 2931 2652 non
2992 2587 3264 2674 potest
3314 2601 3539 2663 esse;
3623 2600 3833 2672 ergo

269 2704 558 2816 ⁶233*thss
617 2702 889 2776 causis
933 2698 1525 2794 propinquiora
1569 2719 1809 2792 quam
1862 2703 1939 2779 B,
1987 2719 2164 2791 pos·
2282 2715 2557 2766 omnes
2604 2697 2778 2770 istae
2824 2699 3063 2772 simul
3102 2700 3406 2794 junctae
3442 2719 3600 2771 non
3637 2704 3835 2772 sunt

323 2829 501 2891 prins.

2277 2811 2654 2886 totaliter
2711 2836 2955 2888 causa
3016 2817 3271 2910 ipsius
3316 2821 3392 2900 B,
3443 2816 3649 2909 quod
3702 2821 3837 2888 θεῖ

2280 2929 2747 3021 oppositum
2790 2932 3065 3025 positi.
3119 2935 3234 3006 De
3306 2933 3569 3026 prima
3636 2931 3836 3004 divi·

2280 3046 2504 3118 sione
2586 3047 2895 3123 similes
2978 3053 3176 3124 duas
3262 3048 3836 3124 conclusiones

2279 3183 2675 3257 propono.
2743 3165 3020 3240 Prima
3080 3171 3305 3262 patet
3363 3168 3455 3241 de
3500 3167 3839 3242 distinc-

2280 3282 2499 3355 tione
2535 3283 3115 3369 membrorum,
3154 3289 3392 3361 otest
3428 3315 3441 3358 :

620 2823 808 2894 sunt
840 2840 1018 2891 esse
1045 2817 1216 2909 jam
1261 2821 1622 2898 causata,
1673 2816 1850 2909 quia
1899 2820 1950 2884 A
1994 2814 2165 2887 nul-

619 2939 784 3009 lum
829 2936 1180 3010 istorum
1214 2939 1361 3017 θεῖ,
1409 2955 1554 3028 per
1603 2937 1716 3015 te;
1763 2954 1962 3022 ers-ro
2009 2953 2167 3005 om-

614 3053 848 3127 nibus
876 3053 1145 3126 causis
1174 3073 1316 3146 per
1343 3075 1425 3125 se
1458 3051 2161 3130 concurrentibus,

616 3178 697 3246 et
732 3170 1103 3245 omnibus
1155 3170 1516 3245 causatis
1560 3166 2167 3264 propinquiori-

613 3288 760 3361 bus
797 3288 971 3383 ipso
1009 3291 1084 3369 B,
1117 3288 1288 3379 'jam
1325 3286 1642 3380 positis,
1680 3291 1736 3354 B
1767 3306 1923 3358 non
1959 3285 2159 3365 erit;

613 3426 813 3498 ergo
850 3426 1127 3478 omnes
1172 3405 1349 3479 istm
1391 3424 1660 3477 causae
1703 3422 1848 3497 per
1882 3424 1964 3473 se
2004 3421 2167 3473 non

615 3526 801 3595 sunt
836 3522 1334 3596 sufficientes
1368 3542 1660 3602 causa),
1698 3521 1945 3595 etiam
1983 3540 2167 3615 pro-

613 3638 1180 3731 pinquioribus
1232 3640 1589 3712 causatis
1625 3638 1796 3731 jam
1840 3636 2161 3731 positis

616 3751 1210 3846 Consequentia
1278 3756 1535 3843 patet,
1630 3753 1817 3843 quia
1897 3773 2164 3825 caussn

616 3871 1110 3944 sufficientes
1174 3870 1345 3963 jam
1406 3871 1768 3944 causatis
1833 3870 2164 3963 propin-

618 3989 1038 4081 quioribus
1075 3988 1388 4082 positis,
1427 3992 1770 4082 possunt
1822 4008 2164 4061 causare

617 4106 1015 4179 remotius
1071 4108 1519 4178 causatum.
1569 4105 1713 4179 Sed
1787 4104 1850 4177 si
1911 4106 2158 4185 dicas,

617 4224 824 4316 quod
874 4226 1451 4315 argumentum
1511 4243 1672 4294 non
1725 4221 2158 4301 concludit,

616 4338 807 4431 quin
857 4339 1175 4432 possint
1222 4363 1236 4407 ε
1288 4338 1418 4410 sed
1472 4337 1902 4420 concludit,
1959 4335 2162 4429 quod

615 4475 775 4527 non
825 4460 1191 4529 causant.
1231 4457 1401 4527 Hoc
1437 4454 1636 4525 nillil
1682 4459 1830 4533 est,
1878 4472 2064 4523 nam
2109 4457 2159 4519 A

613 4594 774 4646 non
825 4576 1158 4666 potente
1216 4594 1419 4654 esse,
1494 4594 1639 4665 per
1699 4575 1804 4653 te,
1877 4575 1930 4637 B
1995 4588 2157 4640 non

618 4691 888 4779 potest
918 4709 1096 4761 esse
1130 4715 1144 4757 t
1177 4688 1309 4759 sed
1346 4687 1716 4759 omnibus
1749 4685 2162 4778 prwdictis

616 4823 715 4875 ex
785 4809 1020 4897 parte
1099 4823 1535 4877 causarum
1619 4801 2022 4886 omnium,
2083 4802 2162 4872 θῖ

616 4924 1144 4995 causatorum
1179 4920 1552 5014 priorum
1583 4917 1896 5011 positis,
1927 4922 1974 4983 A
2005 4936 2163 4987 non

619 5042 888 5134 potest
932 5059 1112 5111 esse
1152 5059 1300 5132 per
1361 5038 1526 5119 illa,
1591 5035 1772 5128 quia
1839 5054 1996 5105 non
2039 5036 2163 5106 θεῖ

614 5156 939 5248 aliquod
985 5154 1360 5236 istorum,
1410 5174 1555 5225 nec
1609 5151 2016 5225 causa-bile
2068 5149 2167 5222 ab

613 5273 766 5354 eis;
840 5292 1039 5363 ergo
1093 5276 1150 5339 B
1206 5292 1368 5343 non
1426 5271 1696 5362 potest
1775 5288 1954 5340 esse
2023 5288 2168 5359 per

2764 3507 3149 3567 SCHOLIUM
3199 3511 3270 3566 V.

2350 3686 2526 3741 Circa
2560 3685 2829 3757 primam
2863 3685 3241 3744 divisionem
3291 3688 3532 3745 ordinis
3570 3690 3835 3761 positam

2276 3800 2409 3858 cap.
2444 3800 2483 3840 1.
2522 3787 2583 3840 in
2615 3790 2897 3843 eminens
2928 3791 2989 3842 ct
3045 3802 3388 3855 excessum,
3423 3804 3529 3844 seu
3564 3789 3629 3845 in
3663 3789 3836 3846 nobi·

2277 3883 2403 3938 lius
2450 3887 2509 3939 et
2562 3885 2769 3938 minus
2820 3883 3024 3941 nobile
3093 3886 3437 3942 secundum
3497 3890 3833 3943 essentiam

2276 3983 2448 4052 ponit
2479 3982 2631 4039 duas
2669 3982 2827 4039 alias
2876 3984 3329 4042 conclusiones.
3382 3986 3613 4053 Prima,
3664 3985 3831 4056 quod

2278 4083 2417 4136 Non
2476 4096 2660 4137 omne
2712 4096 3029 4138 excessum
3084 4086 3376 4152 dependet
3431 4086 3842 4143 essentialiter

2273 4184 2353 4238 ab
2380 4182 2721 4237 accedente.
2751 4181 3033 4239 Secunda
3059 4201 3072 4238 ε
3110 4186 3250 4239 Noa
3280 4199 3465 4240 omne
3494 4186 3843 4253 dependens

2274 4279 2596 4333 exceditur
2630 4282 2703 4335 ab
2727 4292 2815 4347 ec,
2841 4292 2885 4336 a
2915 4295 3032 4352 quo
3054 4284 3363 4350 dependet.
3388 4283 3569 4338 Ratio
3602 4283 3844 4338 utrius-

2276 4390 2396 4446 que
2427 4379 2518 4431 θεῖ
2548 4374 2831 4431 evidens,
2865 4376 3053 4434 Addit
3077 4380 3323 4435 tertiam
3351 4379 3841 4446 conclusionem,

2276 4487 2415 4541 quae
2467 4478 2558 4529 est
2609 4473 2694 4528 15.
2747 4473 2910 4546 quod
2967 4477 3316 4548 Nunquam
3347 4479 3701 4545 pluralitas
3755 4484 3845 4533 cs!

2272 4574 2558 4638 ponenda
2590 4575 2721 4629 sine
2743 4575 3118 4640 necess-itale,
3144 4590 3327 4645 quain
3353 4574 3541 4632 habet
3570 4578 3622 4629 2.
3653 4575 3712 4631 d.
3750 4576 3841 4631 10.

2276 4684 2448 4724 num.
2488 4669 2571 4727 ll.
2606 4673 2667 4724 et
2705 4670 2750 4724 l.
2785 4669 2843 4724 d.
2882 4671 2965 4727 10.
3001 4675 3222 4741 quaest.
3270 4673 3321 4727 1.
3374 4676 3437 4727 et
3487 4672 3643 4729 alias
3693 4687 3845 4744 pas-

2275 4768 2387 4821 sim
2447 4781 2521 4820 ex
2582 4766 2632 4821 1.
2694 4766 2941 4836 Physic.
3003 4772 3150 4824 text.
3201 4768 3291 4823 58.
3352 4774 3413 4825 et
3468 4771 3524 4825 8.
3586 4771 3843 4840 Physic.

2278 4869 2428 4920 text.
2461 4865 2551 4920 56.

2366 5045 2507 5110 Non
2534 5066 2725 5111 omne
2764 5066 3092 5112 excessum
3124 5046 3445 5135 depende!
3474 5054 3840 5119 essentiali·

2281 5173 2379 5226 lm·
2436 5160 2517 5225 ab
2557 5163 2911 5228 eminente.

2372 5274 2591 5363 Ergo
2666 5272 2950 5365 primm
3009 5273 3433 5350 divisionis
3477 5279 3838 5372 primum

3982 5090 4119 5142 Con-

3915 5152 4064 5206 clus.
4094 5152 4167 5202 ¹3.

4000 5349 4085 5400 10.

614 5388 805 5460 illa:
843 5407 1031 5461 nam
1075 5407 1221 5480 per
1262 5383 1463 5457 nihil
1515 5388 1992 5477 potestesse
2026 5383 2167 5455 ali-

619 5504 826 5597 quid,
912 5523 1057 5597 per
1127 5503 1337 5594 quod
1402 5521 1563 5573 non
1635 5503 1902 5593 potest
1975 5498 2169 5571 illud

617 5641 820 5703 θεεθ,
852 5620 1025 5692 sine
1060 5639 1216 5711 quo
1253 5615 1754 5710 impossibile
1795 5620 1920 5690 est
1978 5615 2171 5688 illud

2284 5386 2733 5457 membrum
2805 5408 2965 5459 non
3045 5387 3291 5464 infert
3359 5396 3837 5469 necessario

2284 5502 2744 5575 secundum.
2792 5504 3055 5577 Probo
3093 5507 3568 5581 antecedens
3601 5540 3614 5581 ε
3648 5515 3839 5605 Spe-

2282 5617 2445 5690 cies
2484 5617 2840 5692 nobilior
2878 5623 3002 5693 θεῖ
3044 5620 3406 5695 eminens
3452 5631 3838 5719 respectu
