4252 6393
1680 365 2038 444 QuAEs·r10
2087 369 2274 430 xvm
3397 375 3509 440 621

343 547 456 600 ma
503 531 938 605 seeundum
997 534 1405 606 actionem
1445 536 1616 627 jam
1661 556 1868 628 ⁴prae-

339 647 600 719 sentis.
661 649 759 721 Et
793 648 1003 722 siout
1032 650 1122 721 ‹le
1164 650 1568 742 aliquibus
1611 653 1869 727 unita-

339 761 538 833 tibus
605 764 985 838 diseretis
1049 766 1128 837 in
1195 787 1304 848 re,
1408 767 1868 842 intellectus

333 876 626 951 format
654 881 802 953 sibi
832 902 1076 953 unum
1096 888 1602 975 conceptum,
1633 886 1868 957 unius

336 995 622 1086 speciei
655 998 1002 1079 numeri,
1076 998 1190 1070 sio
1233 999 1325 1070 de
1363 1001 1728 1092 partibus
1791 1001 1869 1072 in

338 1130 411 1181 re
473 1131 630 1182 non
684 1113 1247 1196 existentibus,
1314 1121 1400 1189 ut
1452 1118 1542 1189 dc
1590 1124 1870 1211 praeto-

335 1227 515 1310 rit0‚
549 1233 631 1303 et
670 1231 975 1315 futuro,
1021 1253 1203 1306 oum
1249 1235 1632 1326 praesenti
1666 1237 1871 1308 exis-

334 1345 527 1417 tenti
590 1347 909 1420 ratione
967 1349 1450 1435 durationiS,
1522 1373 1696 1445 quae
1748 1358 1871 1426 est

335 1471 683 1559 tempus:
719 1472 800 1541 et
835 1469 1266 1540 secundum
1303 1469 1509 1542 tales
1543 1491 1873 1562 concep-

334 1587 455 1655 tus
547 1583 889 1666 dicitur,
981 1585 1414 1659 secundum
1495 1587 1871 1676 Augusti-

332 1720 543 1782 num‚
596 1705 914 1794 tempus
986 1702 1344 1793 longum,
1417 1703 1544 1775 vel
1602 1704 1868 1784 breve,

334 1836 489 1888 non
531 1819 968 1890 secundum
1027 1819 1266 1901 aliud,
1335 1841 1576 1912 quam
1637 1821 1745 1894 sit
1796 1822 1875 1893 in

337 1954 418 2005 re
453 1938 715 2007 extra.

1981 534 2298 599 Dicturus
2327 557 2472 600 sum
2502 539 2853 614 canticum,
2910 538 3084 625 quod
3115 542 3292 620 novi,
3340 550 3523 606 ante-

1980 671 2177 737 quam
2218 653 2569 737 incipiam,
2606 655 2681 718 in
2722 664 2924 720 totum
2966 658 3336 742 expectatio
3380 679 3526 725 mea

1983 770 2287 837 tenditur
2306 795 2331 852 ,·
2363 794 2509 837 cum
2539 785 2756 838 amem.
2780 793 3053 859 caepere,
3091 785 3410 861 quantum
3442 798 3525 843 ez:

1981 886 2102 952 illo
2147 890 2218 952 in
2271 892 2687 974 proeteritum
2744 891 3152 977 decerpsere,
3228 893 3527 958 tenditur

1982 1004 2056 1068 in
2107 1007 2426 1069 memoria
2468 1027 2637 1087 mea,
2690 1019 2884 1091 atque
2932 1006 3343 1073 distenditur
3390 1009 3525 1073 vita

1984 1121 2183 1205 hujus
2210 1122 2495 1186 actionis
2527 1143 2683 1186 mea»
2724 1123 2794 1188 in
2842 1125 3227 1188 memoriam
3255 1136 3529 1210 propter

1984 1236 2158 1321 quod
2172 1236 2343 1314 disci,
2372 1249 2432 1301 et
2449 1239 2514 1302 in
2535 1240 3344 1326 eaepeetationempropter
3356 1242 3529 1327 quod

1985 1353 2283 1419 dicturus
2322 1376 2489 1434 snm,
2513 1377 2807 1442 prcesens
2849 1368 3069 1424 tamen
3098 1359 3285 1425 adest
3320 1372 3528 1428 atten-

1989 1472 2080 1534 tio
2123 1492 2291 1548 mea,
2335 1492 2458 1556 per
2494 1493 2689 1557 quam
2742 1475 3104 1559 lraji'citm·‚
3151 1477 3324 1562 qnod
3390 1489 3532 1545 erat

1987 1587 2318 1670 satarum,
2348 1597 2415 1651 ιιι
2437 1589 2563 1670 siat
2576 1592 3024 1673 prseteritum.
3061 1593 3251 1667 Quod
3281 1606 3535 1679 quanto

1989 1705 2205 1787 mayis
2232 1704 2483 1787 aqilun
2521 1715 2582 1769 et
2602 1707 2852 1790 amiur,
2882 1719 3065 1773 tanto
3096 1708 3392 1776 breviata
3424 1732 3532 1777 ea·-

1984 1822 2359 1903 pectatione
2417 1823 2861 1910 prolonqatur
2920 1828 3263 1905 memoria,
3328 1828 3534 1893 donec

1991 1946 2123 2000 tola
2164 1940 2534 2023 expectatio
2575 1951 3027 2020 consumatur,
3064 1963 3208 2007 eum
3242 1955 3375 2009 tota
3409 1945 3531 2009 illa

1988 2054 2163 2118 aetio
2213 2056 2413 2136 sintita
2459 2059 2808 2124 transierit
2867 2061 2941 2124 in
2992 2062 3402 2126 memoriam.
3450 2062 3534 2126 Ει

1988 2171 2165 2257 quod
2204 2173 2276 2236 in
2308 2183 2440 2238 toto
2470 2176 2749 2254 cantico,
2796 2179 2916 2242 hoc
2945 2179 3019 2243 in
3056 2180 3340 2264 sinqulis
3368 2201 3533 2263 par-

1991 2287 2214 2352 ticulis
2252 2290 2392 2372 ejus
2432 2289 2529 2370 sit,
2567 2301 2761 2376 atque
2811 2291 2884 2356 in
2920 2293 3209 2378 sinqulis
3254 2293 3536 2377 syllabis

91 2057 316 2170 Μίεῖἆίά-
419 2053 521 2122 Et
577 2052 801 2143 ponit
844 2052 1014 2144 ipse
1068 2053 1572 2143 Augustinus
1613 2074 1873 2127 exem—

88 2187 317 2295 rureffipus
341 2166 556 2258 plum
598 2171 706 2239 11.
744 2167 1105 2240 Confess.
1143 2188 1316 2261 cap.
1370 2171 1481 2240 ⁴25.
1526 2174 1606 2242 et
1655 2191 1871 2259 seqq.

63 2245 292 2359 ..litem
341 2281 465 2353 ubi
505 2281 827 2355 videtur
858 2286 1036 2356 tota
1079 2302 1228 2354 sua
1267 2283 1737 2357 deductione
1782 2285 1876 2356 ad

338 2397 481 2471 hoo
524 2399 876 2481 tendere,
941 2400 1147 2492 quod
1187 2421 1286 2471 ex
1323 2405 1556 2493 parte
1591 2402 1706 2473 1¹ei
1749 2423 1875 2473 ex-

333 2515 704 2590 trinsecae
734 2536 896 2589 non
941 2516 1198 2608 possit
1245 2516 1691 2606 longitudo,
1736 2523 1877 2592 aut

331 2631 688 2707 brevitas
742 2635 1046 2708 attendi
1091 2633 1171 2706 in
1225 2637 1617 2726 tempore,
1689 2635 1878 2725 quia

331 2750 531 2840 quod
571 2771 732 2822 non
764 2756 913 2832 est,
948 2772 1093 2824 neo
1128 2751 1486 2839 longum,
1526 2771 1669 2823 neo
1704 2751 1874 2822 bre-

327 2886 419 2937 ve
481 2867 641 2939 dici
704 2873 1029 2961 potest:
1111 2867 1630 2961 praeteritum
1716 2889 1874 2939 non

327 2988 472 3065 est,
517 2982 889 3057 futurum
933 3005 1092 3057 non
1133 2988 1283 3066 est,
1341 3005 1698 3078 praesens
1741 3005 1874 3057 au-

330 3104 489 3172 tem
559 3102 843 3174 statim
908 3103 1361 3195 pertransit
1426 3131 1439 3172 :
1493 3102 1663 3174 ideo
1716 3122 1873 3174 non

330 3222 453 3291 est
524 3218 746 3291 aliud
823 3220 1216 3311 loquendo
1311 3222 1402 3292 do
1507 3225 1875 3312 tempore

331 3334 565 3427 longe
604 3338 1053 3428 praeterit0‚
1121 3337 1278 3409 nisi
1324 3337 1650 3429 quidam
1693 3357 1875 3409 oon-

332 3458 607 3545 oeptus
664 3453 1126 3527 intellectus
1189 3454 1448 3544 longae
1513 3452 1876 3545 praetei‘i·

333 3569 605 3641 tionis.
655 3572 754 3644 Et
823 3570 1025 3642 nihil
1091 3571 1304 3643 aliud
1373 3575 1498 3644 ost
1552 3570 1877 3660 alonge

333 3684 723 3769 saturum,
798 3687 955 3759 nisi
1036 3687 1357 3780 quidam
1436 3691 1876 3779 conceptus

333 3803 591 3895 longae
635 3803 1178 3878 futuritionis.
1240 3804 1459 3876 Unde
1511 3805 1626 3877 sio
1685 3803 1877 3876 dicit

331 3922 670 4010 August.
715 3919 1042 4000 citatus,
1087 3941 1261 4012 cap.
1295 3922 1406 3991 28.
1459 3924 1621 3998 Quis
1669 3923 1880 4008 iqitur

333 4050 525 4125 neyat
553 4039 788 4123 fictura
819 4039 1116 4105 nondum
1147 4060 1281 4105 esse
1302 4039 1334 4104 ἴ)
1353 4038 1470 4105 secl
1500 4050 1718 4104 tamen
1730 4042 1880 4125 jam

331 4164 429 4218 est
475 4154 542 4218 in
604 4155 834 4220 animo
901 4157 1273 4241 expectatio
1326 4155 1736 4238 ficturorum.
1795 4154 1880 4217 Ec

333 4270 484 4355 quis
533 4282 730 4356 παραὶ
776 4273 1123 4358 proeterita
1169 4276 1318 4359 jam
1357 4293 1491 4337 non
1541 4272 1728 4337 esse?
1765 4269 1881 4335 sed

335 4397 554 4453 tamen
591 4389 811 4454 adhuc
839 4389 1036 4454 estin
1076 4390 1303 4453 animo
1353 4390 1676 4453 nzemoria
1709 4409 1880 4474 prce-

335 4505 706 4571 teritorum.
745 4506 830 4571 Et
869 4506 1017 4591 quis
1046 4515 1244 4591 neqat
1295 4526 1588 4590 proesens
1629 4516 1881 4591 tempus

335 4640 565 4685 carere
589 4622 859 4708 spatio?
908 4623 1066 4708 quia
1107 4623 1182 4687 in
1233 4633 1478 4707 puncto
1530 4623 1876 4708 partitur,-

332 4735 458 4800 sed
494 4746 706 4804 tamen
770 4738 1101 4825 perdurat
1157 4740 1461 4815 attentiO,
1523 4761 1645 4825 per
1683 4760 1881 4824 quam

328 4863 616 4939 perayat
658 4854 878 4920 abesse
934 4855 1110 4940 quod
1167 4855 1414 4922 aderit.
1461 4855 1611 4922 Non
1669 4856 1881 4941 iqitur

334 4968 600 5055 lonyum
640 4985 893 5059 tempus
949 4973 1275 5056 futurum,
1324 4972 1498 5059 quod
1536 4993 1670 5038 non
1731 4984 1825 5038 est
1858 4999 1876 5037 :

329 5084 456 5149 sed
501 5087 765 5176 lonqum
823 5090 1153 5173 finarum,
1233 5089 1432 5175 Ionqa
1509 5089 1880 5174 eaepectatio

334 5204 558 5284 saturi
620 5215 736 5284 est,
834 5227 1045 5292 neque
1121 5206 1390 5292 lonqum
1461 5206 1880 5291 praeteritum

338 5328 589 5405 tempus
607 5323 782 5411 quod
819 5343 958 5388 non
996 5332 1110 5400 est,
1183 5322 1299 5387 sed
1342 5322 1608 5408 lonyum
1646 5333 1879 5407 prsete-

344 5434 571 5515 ritum,
617 5439 815 5525 lonqa
872 5439 1197 5504 memoria
1233 5439 1567 5523 prceteriti
1595 5449 1710 5502 est.
1781 5438 1881 5509 Et

339 5552 535 5623 tunc
585 5553 806 5647 ponit
865 5551 1326 5646 exemplum
1372 5552 1642 5625 dicens
1712 5551 1875 5623 sio:

1991 2405 2132 2489 ejus
2172 2404 2293 2469 lzoc
2342 2405 2411 2468 in
2462 2407 2725 2470 actione
2767 2406 3068 2493 lonqiore
3126 2412 3313 2495 cujus
3360 2411 3538 2493 sorte

1985 2521 2329 2606 particula
2358 2531 2451 2585 est
2490 2522 2665 2588 illud
2704 2526 3062 2600 canticum,
3113 2525 3233 2589 hoc
3281 2527 3353 2591 in
3402 2537 3537 2592 tola

1990 2639 2131 2702 vita
2160 2638 2471 2717 homin-is,
2512 2641 2698 2724 cujus
2723 2652 2949 2725 partes
2976 2653 3129 2706 sunt
3176 2664 3398 2708 omnes
3425 2666 3536 2708 ac-

1990 2754 2201 2819 tiones
2230 2756 2543 2834 hominis,
2581 2758 2797 2821 hocin
2821 2768 2953 2822 toto
2982 2759 3220 2823 sceeulo
3239 2759 3540 2841 filiorum

1987 2871 2355 2950 hominum,
2401 2875 2590 2954 cujus
2624 2885 2853 2958 partes
2908 2885 3061 2938 szmt
3127 2896 3349 2940 omnes
3388 2876 3541 2941 vila>

1987 2987 2355 3053 hominum.
2406 2986 2595 3057 Haec
2631 2987 3161 3074 Augustinus.

2085 3101 2313 3171 Patet
2367 3120 2567 3191 ergo
2640 3104 2843 3193 quod
2911 3102 3081 3174 haec
3142 3104 3296 3176 fuit
3355 3106 3527 3199 eJus

1992 3216 2290 3307 opinio,
2339 3222 2656 3309 ternpus
2694 3217 2989 3289 habere
3022 3242 3200 3291 esso
3238 3219 3314 3290 in
3354 3243 3535 3293 oon-

1990 3335 2226 3424 oeptu
2276 3333 2590 3414 animae,
2654 3337 2733 3407 ot
2801 3354 2960 3406 non
3001 3338 3261 3407 extra.
3322 3336 3538 3409 Unde

1989 3447 2185 3520 dicit
2228 3447 2431 3519 idem
2466 3451 2572 3520 11.
2625 3449 2986 3522 Confess.
3043 3471 3217 3543 cap.
3264 3455 3370 3524 14.
3426 3456 3539 3521 Fi-

1991 3568 2226 3633 denter
2265 3579 2484 3634 tamen
2514 3569 2664 3634 dico
2693 3572 2864 3635 scire
2902 3592 3024 3650 me,
3071 3572 3244 3658 quod
3273 3575 3333 3638 si
3364 3575 3542 3639 nihil

1987 3688 2387 3771 prseteriret‚
2443 3709 2580 3752 non
2618 3699 2775 3752 esset
2802 3691 3218 3773 praeteritum
3260 3702 3534 3777 tempus,

1991 3812 2052 3866 et
2097 3802 2158 3865 si
2206 3802 2385 3867 nihil
2422 3802 2793 3881 adveniret,
2840 3824 2974 3869 non
3019 3816 3179 3869 esset
3236 3808 3539 3890 saturum

1991 3930 2264 4004 tempas,
2300 3930 2360 3983 et
2388 3919 2448 3983 si
2479 3920 2654 3984 nihil
2675 3931 2859 3999 esset,
2889 3943 3025 3987 non
3056 3934 3215 3987 esset
3244 3944 3542 4008 prcesens

1995 4045 2269 4119 tempus.
2316 4036 2461 4100 Duo
2500 4057 2654 4121 erqo
2685 4037 2807 4101 illa
2851 4048 3171 4123 tempora,
3227 4042 3541 4125 prseteri-

1994 4163 2130 4218 tum
2149 4164 2209 4217 et
2237 4155 2567 4238 futurum,
2602 4156 2923 4240 quomodo
2963 4167 3140 4237 sunt,
3187 4158 3452 4242 quando
3483 4169 3543 4222 et

1989 4268 2404 4353 proeteritum
2482 4272 2629 4355 jam
2685 4291 2819 4335 non
2895 4282 3010 4349 est,
3117 4282 3174 4335 et
3239 4274 3543 4357 ficturum

1993 4383 2293 4449 nondum
2339 4384 2485 4451 est?
2539 4407 2835 4472 prees-ens
2900 4399 3116 4453 autem
3184 4391 3245 4453 si
3290 4411 3545 4477 semper

1993 4511 2153 4565 esset
2210 4521 2525 4585 prcesens,
2606 4524 2725 4567 nec
2783 4505 2857 4569 in
2893 4506 3309 4589 prseteritum
3361 4517 3542 4573 tran-

1992 4618 2178 4694 siret,
2231 4619 2381 4702 jam
2436 4638 2570 4681 non
2627 4630 2787 4683 esset
2846 4630 3119 4705 tempus,
3202 4622 3318 4687 sed
3356 4634 3542 4689 aeter-

1994 4732 2196 4796 nita-5.
2260 4734 2340 4797 Si
2404 4754 2557 4819 erqo
2612 4754 2927 4818 praesens,
2992 4747 3062 4802 ut
3122 4748 3373 4824 tempus
3427 4742 3538 4819 sit,

1995 4848 2144 4913 ideo
2171 4850 2271 4930 lit,
2309 4849 2467 4933 qaia
2497 4850 2571 4913 in
2599 4852 3015 4934 prceteritum
3046 4856 3341 4932 transiit,
3388 4876 3542 4941 quo-

1994 4965 2188 5030 modo
2218 4974 2278 5029 et
2308 4965 2427 5029 ltoc
2456 4986 2589 5029 esse
2619 4965 2909 5032 dicimus
2941 4970 3052 5032 eui
3081 4990 3305 5047 causa,
3345 4983 3410 5035 nt
3457 4974 3545 5036 sit

1996 5082 2144 5162 illa,
2191 5094 2303 5161 est,
2371 5084 2527 5168 quia
2585 5104 2721 5147 mm
2771 5085 2920 5162 erit,
2981 5097 3051 5150 ut
3107 5087 3359 5151 scilicet
3410 5109 3546 5154 mm

1994 5220 2145 5263 vere
2183 5199 2483 5265 dicamus
2526 5210 2779 5286 tempus
2817 5222 2971 5281 esse,
3035 5203 3173 5266 nisi
3210 5205 3369 5288 qaia
3411 5212 3545 5270 ten·

1994 5314 2097 5380 dit
2141 5317 2214 5381 in
2269 5337 2405 5381 non
2462 5338 2619 5382 esse.
2667 5315 2868 5397 Quia
2927 5315 3120 5389 dicit
3164 5318 3545 5409 Augusti-

1996 5449 2147 5501 nus
2192 5457 2206 5500 :
2257 5432 2771 5523 praeteritum
2823 5437 3139 5525 tempus
3183 5455 3341 5507 non
3393 5439 3542 5517 est,

1995 5545 2367 5620 futurum
2401 5569 2563 5622 non
2602 5554 2750 5635 est,
2787 5570 2933 5624 neo
2966 5571 3322 5643 praesens
3363 5551 3545 5626 dioi-

3627 3212 3631 3217 ·
3700 3141 3777 3203 13.
