4252 6393
477 2027 556 2078 ⁴3.

391 2458 411 2481 ⁶
443 2458 653 2510 Ethicor

435 2522 483 2573 6.
507 2540 556 2574 c.
584 2521 637 2576 3.

721 427 846 493 520

706 591 830 662 est
877 609 1190 672 verum,
1243 609 1407 661 non
1450 590 1713 681 ipsa-m
1755 585 2189 661 veritatem
2237 610 2250 653 :

708 709 785 777 et
831 705 1018 798 quia
1059 705 1247 780 talis
1289 704 1653 799 cognitio
1707 707 1971 799 potest
2028 702 2256 797 perfi-

709 842 921 905 cere,
980 826 1066 897 ut
1113 822 1184 894 id
1229 824 1433 915 quod
1474 822 1895 914 cognitum
1945 825 2068 894 est
2148 821 2256 893 in-

713 942 1102 1029 quantum
1150 961 1461 1022 verum,
1515 941 1777 1013 solum
1821 958 2258 1028 cognosca-

711 1058 851 1129 tur
942 1055 1420 1148 inquantum
1515 1058 1755 1130 habet
1850 1056 2257 1130 rationem

711 1173 1128 1255 veritatis,
1222 1175 1426 1266 quod
1506 1175 1592 1246 fit
1675 1196 1819 1267 per
1896 1173 2259 1247 intellec—

715 1292 914 1369 tum,
997 1288 1167 1362 ideo
1217 1289 1677 1364 intellectus
1730 1289 2027 1365 dicitur
2086 1309 2258 1383 per-

712 1405 955 1479 ficere
995 1405 1548 1498 cognitionem
1602 1406 2102 1489 sensitivam,
2164 1407 2260 1479 si-

715 1525 848 1595 cut
901 1542 1149 1613 agens
1200 1522 1498 1598 dicitur·
1558 1523 1946 1616 perficere
2011 1525 2263 1596 mate-

717 1639 951 1722 riam,
1007 1661 1167 1714 non
1210 1642 1288 1714 in
1331 1662 1627 1733 genere
1670 1641 2063 1725 materiae,
2129 1641 2258 1713 sed

712 1757 1098 1832 elevando
1158 1758 1250 1831 ad
1314 1759 1697 1832 altiorem
1757 1761 2031 1833 actum
2088 1779 2261 1851 per·

713 1872 1113 1948 fectionis.

802 1991 1004 2065 Dico
1052 2011 1279 2084 ergo,
1326 1993 1532 2086 quod
1567 1991 1985 2084 singulare
2028 1993 2260 2066 modo

721 2106 1102 2200 praedicto
1138 2109 1797 2202 apprehenditur,
1826 2114 1906 2183 et
1928 2129 2263 2201 cognos-

717 2223 934 2297 citur
978 2244 1025 2295 a
1102 2245 1340 2298 sensu
1399 2230 1480 2300 et
1524 2227 1622 2298 ab
1663 2224 2074 2299 intellectu
2124 2251 2138 2293 :
2184 2229 2265 2300 et

717 2340 1014 2433 loquor
1061 2342 1152 2413 de
1204 2341 1607 2434 singulari
1667 2342 2106 2434 corporali,
2173 2343 2265 2415 de

721 2476 875 2546 quo
910 2455 1103 2531 dicit
1138 2456 1679 2551 Philosophus
1710 2461 1731 2483 ‘
1767 2459 1971 2550 quod
2007 2457 2073 2530 si
2109 2459 2263 2530 sin·

721 2572 1045 2663 gularia
1085 2573 1645 2666 contingentia
1700 2580 1939 2649 extra
1990 2597 2263 2668 specu-

721 2688 881 2761 lari
948 2689 1171 2772 fiant,
1243 2690 1650 2765 nescimus
1734 2695 2011 2766 utrum
2082 2689 2258 2773 suit,

720 2804 845 2878 vol
914 2825 1074 2878 non
1144 2804 1321 2881 fuit.
1406 2805 1626 2881 Unde
1704 2806 1913 2881 sicut
1990 2807 2264 2898 imago

723 2921 946 2995 Petri
981 2925 1520 3016 repraesentat
1566 2926 1922 3006 Petrum,
1961 2944 2123 2998 non
2153 2925 2262 2996 vi-

718 3059 935 3123 vum,
981 3059 1125 3114 nec
1189 3044 1630 3123 mortuum,
1688 3042 1820 3114 sed
1880 3039 2266 3135 simplici·

718 3157 871 3240 ter,
916 3174 1010 3229 ac
1063 3177 1208 3249 per
1266 3155 1416 3231 hoc
1468 3158 1589 3230 est
1652 3157 1867 3233 ratio
1928 3177 2263 3249 cognos-

719 3272 970 3354 cendi,
1026 3274 1155 3346 sed
1208 3294 1367 3346 non
1420 3275 1799 3366 perfecte,
1890 3276 2077 3367 quia
2122 3297 2265 3368 per

722 3390 947 3462 illam
997 3410 1157 3463 non
1218 3389 1627 3483 experior,
1677 3397 1950 3466 utrum
2006 3392 2113 3465 sit
2153 3392 2264 3465 vi-

718 3527 891 3587 vus,
937 3506 1062 3579 vel
1095 3510 1468 3580 mortuus
1505 3528 1518 3569 τ
1556 3507 1671 3580 sic
1704 3508 1952 3581 etiam
1996 3508 2263 3602 ipsum

721 3644 1016 3697 nomen
1106 3625 1327 3698 Petri
1412 3624 1819 3717 significat
1901 3628 2259 3709 Petrum,

721 3759 881 3812 non
956 3743 1044 3814 ut
1101 3740 1376 3812 vivum
1435 3741 1562 3812 vel
1614 3743 2055 3823 mortuum,
2132 3741 2265 3814 sed

722 3854 1233 3948 simpliciter.
1272 3855 1401 3931 Sic
1435 3856 1741 3949 specics
1777 3858 1893 3930 rei
1934 3858 2151 3932 ducit
2187 3859 2266 3931 in

723 3974 1273 4068 cognitionem
1311 3975 1455 4058 rei,
1505 3975 1635 4047 scd
1678 3997 1837 4048 non
1883 3977 1961 4049 in
1994 3978 2266 4051 actua-

722 4092 1041 4169 litatem
1100 4094 1581 4166 existentiae.
1640 4095 1991 4186 Propter
2060 4095 2267 4186 quod

726 4214 1051 4305 oportet
1083 4211 1374 4294 dicere,
1414 4212 1618 4303 quod
1662 4232 1945 4283 sensus
1989 4212 2265 4305 aliquo

724 4327 956 4400 modo
1048 4327 1269 4400 ultra
1327 4347 1463 4400 seu
1529 4331 1829 4420 praeter
1887 4328 2263 4421 speciem,

722 4444 1058 4535 attingit
1099 4443 1504 4525 sensibile,
1560 4466 1744 4517 cum
1787 4443 2051 4537 ipsum
2097 4468 2267 4519 sen-

724 4556 953 4630 sibile
988 4557 1419 4631 sccundum
1444 4557 2009 4632 actualitatem
2035 4580 2266 4632 suam

722 4694 882 4747 non
952 4673 1056 4747 sit
1119 4674 1199 4748 in
1260 4696 1523 4747 sensu.
1591 4679 1928 4767 Semper
1994 4680 2267 4750 autem

721 4793 886 4866 tale
921 4792 1337 4885 singulare
1380 4791 1648 4864 fertur
1699 4792 1776 4863 in
1822 4792 2262 4876 intellectu,

723 4930 883 4983 non
916 4911 1177 4983 solum
1230 4930 1370 5003 per
1404 4908 1753 5002 speciem
1792 4909 1906 4981 rei
1944 4909 2267 4982 sensibi-

721 5026 823 5099 lis
858 5030 944 5101 ut
976 5028 1098 5099 est
1133 5047 1180 5099 a
1214 5024 1599 5107 sensibili,
1673 5046 1816 5096 nec
1855 5046 1998 5116 per
2044 5025 2266 5109 illam

724 5143 814 5215 ut
868 5145 991 5214 cst
1054 5143 1134 5215 in
1205 5162 1469 5223 sensu,
1536 5140 1721 5232 quia
1785 5141 2265 5232 inquantum

725 5256 1059 5349 specics,
1104 5256 1412 5328 nullam
1455 5255 2024 5330 certitudinem
2072 5258 2265 5331 facit

719 5374 809 5445 de
852 5374 1334 5448 actualitate
1377 5373 1859 5454 existentiae,
1920 5396 2062 5447 nec
2109 5375 2267 5446 ser-

720 5495 858 5562 tur
892 5512 1137 5584 super
1174 5492 1458 5584 ipsam,
1498 5512 1635 5563 seu
1682 5490 1760 5563 in
1803 5492 2056 5583 ipsam
2128 5513 2268 5585 per

720 5610 1335 5701 experientiam,
1368 5614 1454 5681 ut
1480 5630 1794 5690 sonsus;
1837 5609 1965 5679 sod
2002 5608 2267 5681 fertur

1880 428 1983 490 DE
2029 424 2322 490 RERUM·
2343 421 2724 488 PRINCIPIO

2368 583 2450 656 in
2501 585 2760 677 ipsam
2819 603 2960 675 per
3012 582 3274 676 ipsam
3335 581 3872 663 sensationem,

2370 721 2516 794 per
2550 720 2788 793 quam
2829 700 3176 774 habetur
3207 698 3609 774 certitudo
3649 698 3732 771 de
3774 717 3876 771 ac·
3929 785 3937 794 ὁ
3972 787 3979 791 ,

2370 819 2750 892 tualitate
2825 818 3317 899 existentiae,
3401 820 3489 890 ut
3575 814 3875 888 ostendi.

2374 935 2454 1010 Si
2489 938 2761 1009 autom
2804 936 3260 1028 accipiatur
3295 935 3707 1026 singulare
3744 953 3880 1005 non

2373 1073 2521 1145 pro
2608 1053 2783 1145 ipsa
2865 1054 3344 1129 actualitate
3428 1051 3879 1133 existentiae,

2374 1173 2506 1244 sed
2544 1192 2692 1265 pro
2730 1193 2816 1242 re
2853 1172 3193 1264 quadam
3244 1169 3744 1266 particulari,
3794 1192 3885 1244 se·

2375 1287 2719 1360 cundum
2778 1288 2980 1380 quod
3029 1291 3676 1380 repraesentatur
3715 1287 3887 1360 ima-

2375 1404 2816 1495 ginatione,
2862 1405 2987 1475 vel
3052 1403 3343 1496 specie,
3425 1405 3551 1476 vel
3614 1404 3886 1497 signifi-

2375 1521 2613 1594 catur
2671 1542 2717 1591 a
2775 1517 3125 1603 nomine,
3191 1521 3623 1594 secundum
3680 1540 3887 1612 quem

2379 1637 2698 1711 modum
2752 1638 2842 1709 de
2889 1636 3209 1711 ratione
3273 1637 3714 1728 singularis
3751 1656 3891 1708 non

2376 1758 2499 1826 est
2577 1752 2923 1826 actualis
2984 1752 3472 1832 existentia;
3538 1755 3653 1826 sic
3711 1752 3889 1831 dico,

2379 1869 2584 1961 quod
2628 1869 3087 1944 intellectus
3143 1869 3564 1961 cognoscit
3617 1870 3893 1943 directe

2377 1986 2798 2076 singulare
2896 1986 2976 2058 in
3049 1991 3232 2061 actu
3302 1990 3382 2061 et
3445 2008 3588 2080 per
3646 1991 3894 2061 actum

2376 2104 3019 2196 imaginationis,
3071 2108 3211 2178 aut
3255 2104 3502 2178 etiam
3547 2125 3691 2196 per
3737 2122 3894 2193 cog-

2376 2219 2773 2295 nitionem
2838 2218 3311 2294 derelictam
3384 2221 3464 2292 in
3540 2241 3661 2304 ee,
3733 2219 3896 2291 dum

2378 2336 3027 2430 conjungebatur
3101 2358 3285 2410 cum
3356 2357 3593 2410 sensu
3675 2360 3689 2401 ε
3758 2355 3897 2408 non

2376 2453 2551 2527 dico
2624 2455 2901 2525 utrum
2972 2473 3115 2545 per
3176 2452 3526 2545 speciem
3585 2451 3897 2545 impres·

2379 2589 2578 2652 sam,
2641 2569 2766 2640 vel
2808 2588 3311 2662 expressam,
3394 2589 3580 2640 nam
3624 2568 3717 2641 de
3768 2567 3897 2639 hoc

2378 2688 2703 2762 intendo
2739 2708 3128 2779 quaerere.

2469 2809 2568 2880 Et
2620 2807 2796 2880 dico
2857 2808 3421 2890 concludendo,
3480 2807 3683 2900 quod
3737 2824 3900 2897 quo·
4007 2830 4068 2903 ‚⁴⁴-

2378 2943 2720 3014 cumquo
2775 2924 3007 2998 modo
3062 2924 3416 2999 istorum
3469 2894 4150 3021 accipiatursssssiitffi

2379 3038 2820 3130 singulare,
2851 3040 3078 3133 prius
3113 3043 3534 3133 cognoscit
3571 3041 3902 3114 intellec·
3941 3015 4141 3144 ’,ἵζ’,ῗῗίξῖμ

2375 3159 2506 3231 tus
2608 3157 3024 3250 singulare
3105 3180 3347 3253 quam
3427 3158 3896 3233 universale.
3923 3138 4143 3265 ῗαῖζξξξζξ,

2380 3273 2894 3366 Impossibile
2970 3278 3092 3347 cst
3143 3275 3357 3348 enim
3410 3277 3616 3367 quod
3669 3268 4125 3375 ratio-“¹¹⁸'0fgff⁶·

2375 3411 2556 3462 nem
2608 3390 3099 3464 universalis
3143 3393 3241 3465 ab
3283 3392 3555 3484 aliquo
3610 3393 3902 3464 abstra-

2375 3504 2541 3586 hat,
2588 3505 2738 3578 nisi
2778 3505 2875 3588 id,
2915 3507 3285 3582 videlicet
3324 3530 3368 3581 a
3410 3529 3565 3600 quo
3614 3509 3904 3581 abstra-

2375 3622 2521 3708 hit,
2578 3630 3216 3717 praeoognoseat.
3287 3625 3504 3698 Unde
3560 3625 3906 3717 cognitio

2376 3741 2884 3817 actualitatis
2906 3741 3334 3817 existentis
3362 3743 3742 3835 praeeedit
3766 3761 3911 3817 om-

2377 3876 2561 3929 nem
2617 3857 2864 3931 aliam
2930 3859 3356 3941 rationem,
3416 3864 3505 3934 ut
3551 3864 3794 3952 patet,
3839 3862 3909 3931 et

2376 3974 2585 4056 loco,
2641 3978 2718 4048 et
2761 3976 3156 4068 tempore.
3211 3978 3449 4058 Loco,
3508 3975 3692 4069 quia
3740 3995 3910 4050 cum

2376 4090 2605 4165 video
2657 4090 2959 4183 aliquid
3008 4113 3054 4163 a
3109 4094 3474 4175 remotis,
3528 4099 3609 4168 et
3652 4091 3909 4165 nescio

2378 4211 2658 4281 utrum
2705 4209 2812 4281 sit
2845 4209 3013 4289 bos,
3053 4210 3178 4283 vel
3224 4210 3529 4291 asinus,
3569 4210 3909 4302 primum

2381 4326 2585 4418 quod
2633 4344 3043 4415 cognosco
3105 4328 3228 4398 est
3285 4316 3474 4398 illud
3555 4324 3753 4417 quod
3810 4321 3911 4393 vi-

2377 4444 2549 4526 deo,
2605 4444 2906 4537 aliquid
2954 4449 3080 4518 est
3126 4448 3346 4527 actu,
3405 4446 3680 4536 postea
3740 4459 3909 4530 cog-

2380 4583 2630 4635 nosco
2696 4562 2903 4653 quod
2947 4566 3071 4635 est
3122 4561 3452 4634 animal.
3498 4563 3906 4653 Tempore,

2383 4683 2606 4771 patet
2687 4679 2914 4760 idem,
2981 4678 3169 4769 quia
3221 4699 3425 4771 puer
3477 4699 3637 4751 non
3691 4693 3912 4749 voca-

2385 4798 2510 4870 I‘Ot
2588 4795 2828 4876 hunc,
2901 4796 3027 4867 vel
3100 4794 3329 4868 illum
3392 4810 3685 4885 patrem,
3763 4792 3909 4865 nisi

2382 4911 2610 5004 prius
2690 4911 3145 5005 perciperet
3217 4911 3654 5005 quemlibet
3736 4913 3908 4984 actu

2380 5050 2607 5102 esse:
2662 5029 2860 5099 unde
2911 5028 3515 5100 fundamentum
3573 5028 3911 5120 origina-

2383 5146 2478 5227 le,
2533 5166 2578 5217 a
2627 5167 2781 5238 quo
2838 5150 3212 5219 movetur
3263 5146 3524 5219 onmis
3568 5140 3909 5236 cognitio

2378 5263 2581 5352 (dico
2639 5263 3138 5351 radicaliter)
3195 5267 3539 5335 estesse
3583 5258 3904 5336 actuale.

2383 5384 2482 5453 Et
2549 5380 2725 5451 (lico
2788 5382 3203 5459 radiculam,
3273 5380 3456 5470 quia
3523 5380 3731 5454 sacta
3781 5396 3904 5467 ap·

2384 5495 2916 5588 prehensione
2978 5494 3487 5569 actualitatis
3551 5496 3690 5576 rei,
3746 5493 3901 5585 ipsa

2378 5613 2790 5686 destructa
2833 5633 2914 5683 re
2952 5611 3122 5703 ipsa
3166 5614 3527 5685 remanet
3569 5602 3903 5701 cognitio
