4252 6393
733 402 859 471 224

723 568 1436 660 putrefactionem,
1477 572 1912 644 seeundum
1942 572 2118 663 ejus
2161 570 2266 643 ef-

722 686 1007 770 fectus,
1056 688 1183 760 vel
1235 689 1788 781 proprietates
1831 689 2089 762 malas
2141 693 2267 762 est

720 804 1167 877 dicendum.
1222 805 1440 877 Unde
1500 806 1992 879 Aristoteles
2038 807 2267 899 ponit

722 920 1073 1012 quinque
1133 921 1401 994 solum
1461 922 2062 1015 impedimenta,
2137 921 2264 993 vel

722 1037 1103 1120 remedia,
1170 1058 1344 1129 quae
1409 1042 1632 1112 tacta
1675 1043 1888 1120 sunt,
1950 1038 2267 1112 scilicet

721 1152 1133 1244 frigiditas
1166 1155 1665 1229 continentis
1691 1155 2046 1248 impedit,
2076 1154 2268 1246 quia

719 1269 1086 1342 videmus
1167 1291 1315 1363 per
1386 1272 1980 1365 experientiam
2060 1271 2265 1363 quod

721 1385 1007 1477 hyeme
1060 1387 1708 1479 putrefactibilia
1779 1390 2266 1480 putrescunt

721 1503 987 1577 minus
1031 1525 1273 1597 quam
1318 1505 1395 1579 in
1427 1509 1737 1587 aestate,
1789 1511 1869 1579 et
1910 1525 2267 1597 corpora

722 1621 1176 1695 mixtorum
1247 1621 1325 1692 in
1403 1622 1605 1695 locis
1662 1622 1946 1693 calidis
2019 1621 2264 1695 citius

723 1742 1203 1830 putrescunt
1281 1760 1519 1831 quam
1601 1740 1678 1811 in
1740 1740 2086 1829 Frigidis.
2166 1743 2265 1814 Et

719 1874 970 1927 causa
1037 1854 1279 1947 hujus
1348 1859 1498 1936 est,
1575 1855 1763 1947 quia
1849 1855 2262 1946 srigiditas

717 1971 1210 2045 continentis
1245 1970 1679 2062 restringit
1715 1992 1959 2064 poros
1996 1977 2265 2064 putre-

719 2086 1130 2170 factibilis,
1198 2093 1286 2162 ut
1350 2088 1724 2161 caliditas
1779 2089 2117 2181 propria
2185 2089 2263 2161 in

717 2224 811 2279 eo
853 2207 1156 2280 diutius
1189 2210 1753 2279 conservatur.

808 2318 1257 2392 Secundum
1320 2318 1764 2391 remedium
1822 2318 2261 2411 impediens

723 2438 1011 2530 ipsam,
1049 2440 1176 2510 est
1218 2437 1684 2527 congelatio
1716 2436 1845 2508 vel
1889 2437 2265 2527 coagula-

719 2554 837 2626 tio
887 2551 1538 2645 putrefactibilis.
1599 2553 2025 2635 Probatur,
2075 2553 2264 2644 quia

718 2670 1330 2761 congelationes
1392 2670 1704 2762 quando
1783 2673 1992 2751 sunt,
2060 2674 2249 2742 tunc

720 2791 990 2860 manet
1027 2806 1275 2859 causa
1298 2786 1949 2860 conversationis
1978 2806 2264 2877 conge-

720 2904 891 2985 lati,
936 2903 1123 2996 quia
1198 2904 1576 2995 quamdiu
1639 2903 2137 2995 superficieS,
2184 2908 2264 2976 et

717 3020 1178 3095 consimilia
1213 3020 1663 3110 congelata,
1695 3024 1883 3093 tunc
1926 3041 2083 3092 non
2134 3040 2262 3111 po-

716 3141 877 3213 test
935 3138 1336 3220 caliditas,
1418 3140 1497 3212 et
1565 3136 2006 3211 humiditas
2079 3156 2258 3230 pro-

717 3256 897 3350 pria
940 3257 1196 3337 exire,
1221 3276 1363 3328 nec
1395 3275 1869 3347 evaporare.

800 3373 1166 3447 Tertium
1230 3373 1673 3444 remedium
1751 3376 1877 3446 est
1939 3373 2260 3444 fervens

711 3490 1115 3572 caliditas,
1163 3494 1244 3563 et
1287 3488 1724 3563 humiditas
1765 3489 2143 3570 actualis,
2181 3493 2260 3562 et

690 3606 1097 3680 *virtualis
1168 3605 1653 3698 putrefacta.
1745 3609 2010 3680 Causa
2106 3608 2255 3685 est,

713 3722 902 3814 quia
935 3723 1255 3794 fervens
1306 3721 1682 3794 caliditas
1736 3743 1895 3793 non
1935 3720 2260 3814 permit-

712 3842 814 3914 tit
847 3838 1382 3930 frigiditatem
1419 3839 1840 3931 propriam
1867 3858 2262 3930 superare

712 3958 1241 4038 caliditatem,
1277 3961 1357 4029 et
1390 3955 1639 4029 etiam
1671 3975 1834 4027 non
1875 3958 2145 4048 potest
2182 3955 2262 4026 in

715 4071 1063 4145 ferventi
1095 4069 1511 4144 caliditate
1546 4068 1983 4142 humiditas
2019 4089 2101 4139 se
2134 4089 2261 4139 ex-

715 4187 1046 4261 trahere
1079 4187 1172 4257 ad
1205 4185 1649 4266 exteriora,
1704 4205 1847 4256 nec
1890 4183 2123 4256 calor
2161 4183 2257 4254 si-

717 4303 1050 4384 militer,
1142 4300 1331 4392 quia
1414 4301 1636 4372 nulla
1723 4320 1972 4372 causa
2041 4303 2258 4372 esset

716 4442 968 4514 quare
1041 4419 1302 4509 magis
1348 4438 1502 4489 uno
1565 4422 1958 4509 tempore,
2016 4437 2256 4507 quam

713 4538 902 4619 alie,
938 4558 1034 4608 ex
1071 4556 1226 4627 quo
1263 4534 1524 4624 magis
1570 4538 2034 4626 superesset
2068 4530 2256 4604 cali-

711 4654 924 4724 dum.
973 4654 1070 4724 Et
1103 4650 1375 4723 dicunt
1409 4651 1808 4722 Auctores
1854 4649 2058 4739 quod
2104 4646 2256 4717 fer-

709 4789 905 4842 vens
956 4767 1328 4841 caliditas
1381 4764 1726 4839 interius
1773 4763 2087 4837 resistit
2130 4785 2257 4835 ex-

711 4885 1007 4961 teriori
1048 4883 1472 4965 caliditati,
1517 4888 1597 4956 et
1638 4902 1795 4953 non
1850 4879 2257 4973 permittit

711 5002 937 5078 eluci
984 5001 1399 5072 humidum
1451 4997 1602 5070 sibi
1666 4997 2118 5089 proprium,
2176 4999 2255 5069 et

714 5120 885 5194 ideo
939 5118 1500 5208 imaginantur
1559 5135 1704 5206 per
1753 5112 2254 5186 caliditatem

711 5232 1445 5331 complexionalem
1539 5231 1957 5323 propriam
2059 5229 2254 5301 mix-

710 5361 882 5431 tam
918 5371 1238 5424 omnem
1295 5347 1849 5420 resistentiam
1897 5346 2254 5419 calidita-

709 5473 815 5547 tis
847 5469 1357 5544 extrinsecae,
1405 5464 1527 5534 vel
1562 5463 2028 5544 exterioris,
2078 5484 2252 5554 quse

708 5609 872 5665 non
903 5590 1027 5658 est
1059 5579 1756 5673 complexionalis.

1929 404 2066 473 ΜΒ.
2119 413 2222 476 ιν.
2272 400 2814 476 Mtt‘rssououuil

2471 577 2868 654 Quartum
2904 572 3567 665 impedimentum
3593 576 3717 648 est
3750 595 3909 648 mo-

2381 692 2536 771 tus,
2588 692 2668 762 et
2710 690 3014 771 fluxus;
3064 694 3287 762 mota
3318 690 3536 763 enim
3567 696 3648 764 et
3683 692 3922 765 fluen-

2380 806 2496 878 tia
2562 806 2893 879 minime
2945 811 3456 900 putrescunt,
3527 809 3718 900 quia
3784 831 3927 903 per

2381 923 2691 992 motum
2759 920 3176 994 excitatur
3244 921 3475 994 calor
3555 922 3777 997 intra
3847 925 3926 996 in

2381 1054 2525 1105 sua
2566 1035 3133 1118 naturalitate,
3175 1036 3291 1110 ita
3329 1038 3928 1129 quoddiffundit

2379 1171 2641 1243 seper
2690 1157 2967 1244 partes
3025 1153 3285 1235 mixti,
3332 1159 3411 1228 et
3465 1154 3581 1228 ita
3624 1155 3926 1231 fortius

2384 1269 2698 1344 resistit
2767 1271 3028 1343 calori
3097 1276 3337 1345 extra
3404 1272 3696 1347 nitenti
3778 1296 3924 1367 per

2381 1405 2609 1456 suam
2643 1387 3106 1459 naturalem
3139 1387 3786 1480 dispositionem.
3827 1394 3928 1466 Et

2383 1508 2651 1576 motus
2688 1504 3017 1597 impedit
3052 1505 3617 1581 humiditatem
3662 1530 3928 1582 move·

2382 1619 2452 1689 ri
2505 1621 2599 1691 ad
2650 1623 3097 1694 exteriora.
3146 1624 3403 1697 Tanta
3460 1624 3926 1710 diversitas,

2378 1739 2458 1809 et
2505 1736 2740 1809 varia
2780 1758 3029 1809 causa
3068 1738 3157 1813 fit
3221 1740 3509 1813 saltem
3565 1741 3643 1814 in
3685 1742 3930 1815 fluen-

2380 1851 2618 1935 tibus,
2702 1856 2906 1946 quod
2978 1857 3455 1948 quandoque
3527 1856 3932 1931 interiora

2377 1970 2578 2044 fiunt
2609 1969 3056 2051 exteriora,
3096 1974 3174 2044 et
3208 1993 3249 2042 e
3291 1973 3745 2046 contrario.

2467 2086 2851 2169 Quintum
2884 2087 3544 2180 impedimentum
3572 2095 3696 2165 est
3731 2092 3933 2163 mul-

2381 2201 2636 2276 titudo
2704 2229 2718 2273 z
2784 2202 2984 2275 unde
3050 2201 3305 2275 multa
3376 2203 3454 2277 in
3535 2206 3932 2280 continuo

2378 2340 2535 2391 non
2635 2319 2713 2391 in
2809 2320 3195 2394 distincto
3305 2322 3484 2413 plus
3580 2324 3929 2405 resistit,

2379 2459 2618 2528 quam
2691 2437 2769 2510 in
2816 2458 3100 2529 pauco,
3157 2438 3483 2512 caeteris
3563 2441 3930 2532 paribus.

2378 2550 2853 2641 Magnitudo
2927 2551 3048 2624 rei
3119 2559 3569 2644 praeservat
3628 2575 3808 2627 eam
3884 2576 3934 2628 a

2380 2665 3026 2758 putrefactione;
3075 2666 3332 2758 igitur
3372 2673 3638 2742 totum
3692 2691 3928 2743 mare

2377 2801 2534 2853 non
2582 2783 3004 2874 putrescit,
3071 2783 3227 2855 nisi
3285 2784 3785 2859 divideretur
3847 2788 3931 2860 in

2380 2903 2682 2990 partes,
2719 2904 2799 2972 et
2834 2899 3220 2972 similiter
3250 2906 3375 2974 est
3405 2902 3496 2972 de
3528 2902 3739 2975 aliis.

2470 3018 2636 3089 Ista
2705 3017 3055 3109 quinque
3129 3018 3602 3110 quandoque
3651 3020 3928 3092 dicun-

2377 3136 2514 3206 tur
2612 3132 3183 3226 impedimenta
3265 3132 3925 3227 putrefactionis,

2374 3255 2454 3325 et
2501 3274 2641 3344 per
2704 3275 2788 3324 se
2860 3252 3381 3344 impedientia
3454 3253 3755 3346 ipsam;
3805 3256 3928 3330 sic

2376 3375 2565 3443 sunt
2601 3370 2777 3442 istae
2829 3370 3201 3461 quinque.
3256 3369 3520 3460 Igitur
3559 3371 3757 3443 bene
3803 3393 3928 3444 so-

2375 3485 2644 3558 lebant
2695 3486 3211 3577 expositores
3269 3487 3461 3559 dare
3522 3486 3931 3561 sufficien-

2376 3603 2575 3676 tiam
2675 3603 3025 3676 istorum
3116 3603 3922 3697 impedimentorum,

2372 3741 2549 3791 esse
2594 3741 2829 3792 omne
2886 3720 3329 3813 impediens
3370 3722 3925 3806 contrarium,

2375 3836 2489 3908 sic
2559 3842 2684 3910 est
2756 3835 3210 3926 frigiditas;
3275 3841 3356 3910 et
3425 3837 3573 3910 hoc
3646 3840 3930 3914 dicunt

2374 3952 3061 4045 impedimentum,
3148 3955 3626 4038 resistendO,
3732 3958 3931 4048 quia

2373 4072 2513 4141 aut
2555 4073 2679 4142 est
2720 4075 2956 4142 extra
3003 4070 3081 4141 in
3133 4070 3601 4144 continente
3654 4077 3929 4164 putre·

2372 4184 2758 4266 factibile,
2797 4189 2921 4259 vel
2957 4188 3178 4260 intra
3214 4187 3520 4279 ipsum;
3561 4188 3624 4259 si
3651 4195 3923 4270 extra,

2375 4308 2563 4377 tune
2632 4307 2756 4377 est
2828 4305 3211 4396 primum,
3287 4305 3477 4396 quia
3545 4310 3927 4399 tempore

2371 4421 2667 4510 frigido
2705 4425 3005 4502 minus3
3055 4421 3124 4493 si
3168 4421 3275 4495 sit
3308 4421 3527 4495 intra
3559 4424 3926 4497 existens

2372 4537 2809 4626 frigiditas
2867 4538 2981 4609 sic
3040 4543 3164 4611 est
3223 4538 3922 4630 impedimentum,

2373 4655 2503 4725 sed
2539 4654 2726 4745 quia
2787 4655 3221 4743 coagulata
3264 4653 3583 4745 frigida,
3633 4662 3722 4730 ut
3766 4679 3927 4730 me-

2371 4768 2595 4849 talla,
2626 4788 2785 4838 non
2818 4767 2982 4840 cito
3022 4772 3527 4859 putrescunt,
3560 4768 3749 4859 quia
3784 4770 3927 4843 sri-

2372 4903 2521 4974 gus
2621 4882 3064 4973 coagulans
3147 4883 3565 4958 contrahit
3672 4906 3924 4977 poros

2369 5000 2978 5092 comprimendo
3023 4999 3370 5071 calidum
3414 5000 3634 5073 intra
3676 5023 3786 5084 se,
3835 5008 3924 5076 ut

2370 5137 2528 5187 non
2551 5120 2813 5188 exeat.
2853 5116 2997 5188 Sed
3034 5115 3101 5188 si
3132 5115 3599 5207 impedienS,
3637 5119 3765 5190 vel
3801 5140 3921 5191 re-

2371 5233 2694 5313 siste-nS,
2777 5230 2883 5303 sit
2974 5230 3238 5303 simile
3303 5232 3917 5323 putrefacienti,

2369 5349 2483 5420 sic
2516 5351 2639 5420 est
2671 5345 3047 5419 caliditas
3083 5345 3477 5419 resistens
3512 5347 3919 5423 caliditati

2367 5463 2808 5545 exteriori3
2856 5467 2935 5535 et
2967 5462 3118 5534 hoc
3165 5462 3363 5545 ideo,
3417 5464 3607 5554 quia
3649 5467 3921 5539 calidi-

2366 5588 2495 5657 tas
2537 5579 2942 5656 naturalis
2988 5578 3133 5651 sub
3196 5578 3514 5652 ratione
3570 5585 3914 5672 quadam

4054 603 4122 660 35.
