<?xml version="1.0" encoding="UTF-8"?>
<!DOCTYPE html PUBLIC "-//W3C//DTD XHTML 1.0 Transitional//EN"
    "http://www.w3.org/TR/xhtml1/DTD/xhtml1-transitional.dtd">
<html xmlns="http://www.w3.org/1999/xhtml" xml:lang="en" lang="en">
 <head>
  <title>
</title>
<meta http-equiv="Content-Type" content="text/html;charset=utf-8" />
  <meta name='ocr-system' content='tesseract 3.04.00' />
  <meta name='ocr-capabilities' content='ocr_page ocr_carea ocr_par ocr_line ocrx_word'/>
</head>
<body>
  <div class='ocr_page' id='page_1' title='image "./joannisdunsscot03waddgoog_0388.png"; bbox 0 0 4252 6393; ppageno 0'>
   <div class='ocr_carea' id='block_1_1' title="bbox 354 629 662 882">
    <p class='ocr_par' dir='ltr' id='par_1_1' title="bbox 354 629 662 882">
     <span class='ocr_line' id='line_1_1' title="bbox 356 629 662 756; baseline -0.003 -13"><span class='ocrx_word' id='word_1_1' title='bbox 356 629 662 756; x_wconf 55' lang='lat' dir='ltr'>Resp3372de-</span> 
     </span>
     <span class='ocr_line' id='line_1_2' title="bbox 354 756 659 805; baseline -0.01 -1"><span class='ocrx_word' id='word_1_2' title='bbox 354 764 449 805; x_wconf 78' lang='lat' dir='ltr'>tur</span> <span class='ocrx_word' id='word_1_3' title='bbox 466 756 540 805; x_wconf 78' lang='lat' dir='ltr'>ad</span> <span class='ocrx_word' id='word_1_4' title='bbox 557 772 659 804; x_wconf 78' lang='lat' dir='ltr'>ar-</span> 
     </span>
     <span class='ocr_line' id='line_1_3' title="bbox 380 826 640 882; baseline 0 -15"><span class='ocrx_word' id='word_1_5' title='bbox 380 833 455 882; x_wconf 70' lang='lat' dir='ltr'>qu</span> <span class='ocrx_word' id='word_1_6' title='bbox 462 826 640 867; x_wconf 78' lang='lat' dir='ltr'>menta</span> 
     </span>
    </p>
   </div>
   <div class='ocr_carea' id='block_1_2' title="bbox 370 882 665 930">
    <p class='ocr_par' dir='ltr' id='par_1_2' title="bbox 370 882 665 930">
     <span class='ocr_line' id='line_1_4' title="bbox 370 882 665 930; baseline 0 0"><span class='ocrx_word' id='word_1_7' title='bbox 370 882 665 930; x_wconf 67' lang='lat' dir='ltr'>contrat-icc</span> 
     </span>
    </p>
   </div>
   <div class='ocr_carea' id='block_1_3' title="bbox 354 944 2253 1047">
    <p class='ocr_par' dir='ltr' id='par_1_3' title="bbox 354 944 2253 1047">
     <span class='ocr_line' id='line_1_5' title="bbox 354 944 2253 1047; baseline 0.004 -30"><span class='ocrx_word' id='word_1_8' title='bbox 354 944 654 993; x_wconf 50' lang='lat' dir='ltr'>&#39;mmm-</span> <span class='ocrx_word' id='word_1_9' title='bbox 707 955 911 1047; x_wconf 92' lang='lat' dir='ltr'>quod</span> <span class='ocrx_word' id='word_1_10' title='bbox 971 975 1115 1029; x_wconf 92' lang='lat' dir='ltr'>nec</span> <span class='ocrx_word' id='word_1_11' title='bbox 1196 954 1545 1029; x_wconf 89' lang='lat' dir='ltr'>mutatio</span> <span class='ocrx_word' id='word_1_12' title='bbox 1615 955 1709 1026; x_wconf 88' lang='lat' dir='ltr'>ad</span> <span class='ocrx_word' id='word_1_13' title='bbox 1770 953 2045 1034; x_wconf 89' lang='lat' dir='ltr'>situm,</span> <span class='ocrx_word' id='word_1_14' title='bbox 2108 972 2253 1024; x_wconf 92' lang='lat' dir='ltr'>nec</span> 
     </span>
    </p>
   </div>
   <div class='ocr_carea' id='block_1_4' title="bbox 712 442 834 506">
    <p class='ocr_par' dir='ltr' id='par_1_4' title="bbox 712 442 834 506">
     <span class='ocr_line' id='line_1_6' title="bbox 712 442 834 506; baseline 0 0"><span class='ocrx_word' id='word_1_15' title='bbox 712 442 834 506; x_wconf 76' lang='lat'>362</span> 
     </span>
    </p>
   </div>
   <div class='ocr_carea' id='block_1_5' title="bbox 706 601 2256 815">
    <p class='ocr_par' dir='ltr' id='par_1_5' title="bbox 706 601 2256 815">
     <span class='ocr_line' id='line_1_7' title="bbox 797 601 2256 696; baseline -0.003 -19"><span class='ocrx_word' id='word_1_16' title='bbox 797 604 943 677; x_wconf 91' lang='lat' dir='ltr'>His</span> <span class='ocrx_word' id='word_1_17' title='bbox 1012 603 1240 686; x_wconf 85' lang='lat' dir='ltr'>visis,</span> <span class='ocrx_word' id='word_1_18' title='bbox 1312 605 1538 696; x_wconf 87' lang='lat' dir='ltr'>patet</span> <span class='ocrx_word' id='word_1_19' title='bbox 1607 602 1814 696; x_wconf 87' lang='lat' dir='ltr'>quod</span> <span class='ocrx_word' id='word_1_20' title='bbox 1889 601 2256 674; x_wconf 88' lang='lat' dir='ltr'>rationes</span> 
     </span>
     <span class='ocr_line' id='line_1_8' title="bbox 706 717 2255 815; baseline -0.003 -20"><span class='ocrx_word' id='word_1_21' title='bbox 706 721 802 795; x_wconf 86' lang='lat' dir='ltr'>ad</span> <span class='ocrx_word' id='word_1_22' title='bbox 836 720 1304 815; x_wconf 89' lang='lat' dir='ltr'>oppositum</span> <span class='ocrx_word' id='word_1_23' title='bbox 1346 740 1507 791; x_wconf 93' lang='lat' dir='ltr'>non</span> <span class='ocrx_word' id='word_1_24' title='bbox 1537 719 2046 792; x_wconf 82' lang='lat' dir='ltr'>concludant.</span> <span class='ocrx_word' id='word_1_25' title='bbox 2086 717 2255 790; x_wconf 89' lang='lat' dir='ltr'>Pri·</span> 
     </span>
    </p>
   </div>
   <div class='ocr_carea' id='block_1_6' title="bbox 708 834 2255 929">
    <p class='ocr_par' dir='ltr' id='par_1_6' title="bbox 708 834 2255 929">
     <span class='ocr_line' id='line_1_9' title="bbox 708 834 2255 929; baseline -0.002 -17"><span class='ocrx_word' id='word_1_26' title='bbox 708 859 866 922; x_wconf 92' lang='lat' dir='ltr'>mo,</span> <span class='ocrx_word' id='word_1_27' title='bbox 956 838 1168 913; x_wconf 87' lang='lat' dir='ltr'>ratio</span> <span class='ocrx_word' id='word_1_28' title='bbox 1239 838 1693 911; x_wconf 91' lang='lat' dir='ltr'>communis</span> <span class='ocrx_word' id='word_1_29' title='bbox 1793 857 1966 929; x_wconf 83' lang='lat' dir='ltr'>quae</span> <span class='ocrx_word' id='word_1_30' title='bbox 2060 834 2255 909; x_wconf 89' lang='lat' dir='ltr'>dicit</span> 
     </span>
    </p>
   </div>
   <div class='ocr_carea' id='block_1_7' title="bbox 693 1069 2255 2780">
    <p class='ocr_par' dir='ltr' id='par_1_7' title="bbox 693 1069 2255 2780">
     <span class='ocr_line' id='line_1_10' title="bbox 707 1069 2255 1146; baseline -0.001 -3"><span class='ocrx_word' id='word_1_31' title='bbox 707 1072 1055 1146; x_wconf 89' lang='lat' dir='ltr'>mutatio</span> <span class='ocrx_word' id='word_1_32' title='bbox 1099 1071 1533 1144; x_wconf 90' lang='lat' dir='ltr'>secundum</span> <span class='ocrx_word' id='word_1_33' title='bbox 1564 1070 2073 1143; x_wconf 87' lang='lat' dir='ltr'>voluntatem</span> <span class='ocrx_word' id='word_1_34' title='bbox 2115 1069 2255 1142; x_wconf 86' lang='lat' dir='ltr'>do-</span> 
     </span>
     <span class='ocr_line' id='line_1_11' title="bbox 706 1184 2249 1267; baseline -0.001 -7"><span class='ocrx_word' id='word_1_35' title='bbox 706 1191 834 1261; x_wconf 90' lang='lat' dir='ltr'>cet</span> <span class='ocrx_word' id='word_1_36' title='bbox 904 1187 985 1260; x_wconf 92' lang='lat' dir='ltr'>in</span> <span class='ocrx_word' id='word_1_37' title='bbox 1059 1186 1177 1259; x_wconf 90' lang='lat' dir='ltr'>eis</span> <span class='ocrx_word' id='word_1_38' title='bbox 1263 1206 1442 1259; x_wconf 91' lang='lat' dir='ltr'>esse</span> <span class='ocrx_word' id='word_1_39' title='bbox 1531 1184 1991 1267; x_wconf 73' lang='lat' dir='ltr'>materiam,</span> <span class='ocrx_word' id='word_1_40' title='bbox 2072 1184 2249 1258; x_wconf 89' lang='lat' dir='ltr'>dico</span> 
     </span>
     <span class='ocr_line' id='line_1_12' title="bbox 705 1297 2251 1396; baseline 0.001 -23"><span class='ocrx_word' id='word_1_41' title='bbox 705 1305 916 1396; x_wconf 88' lang='lat' dir='ltr'>quod</span> <span class='ocrx_word' id='word_1_42' title='bbox 949 1302 1246 1376; x_wconf 86' lang='lat' dir='ltr'>falsum</span> <span class='ocrx_word' id='word_1_43' title='bbox 1280 1305 1430 1385; x_wconf 88' lang='lat' dir='ltr'>est,</span> <span class='ocrx_word' id='word_1_44' title='bbox 1480 1297 1842 1395; x_wconf 82' lang='lat' dir='ltr'>quinimo</span> <span class='ocrx_word' id='word_1_45' title='bbox 1904 1305 2251 1394; x_wconf 86' lang='lat' dir='ltr'>utraque</span> 
     </span>
     <span class='ocr_line' id='line_1_13' title="bbox 703 1417 2253 1513; baseline -0.003 -21"><span class='ocrx_word' id='word_1_46' title='bbox 703 1419 775 1492; x_wconf 87' lang='lat' dir='ltr'>id</span> <span class='ocrx_word' id='word_1_47' title='bbox 862 1420 1180 1513; x_wconf 89' lang='lat' dir='ltr'>probat.</span> <span class='ocrx_word' id='word_1_48' title='bbox 1272 1420 1495 1502; x_wconf 86' lang='lat' dir='ltr'>Quod</span> <span class='ocrx_word' id='word_1_49' title='bbox 1598 1420 1871 1491; x_wconf 86' lang='lat' dir='ltr'>autem</span> <span class='ocrx_word' id='word_1_50' title='bbox 1948 1417 2253 1492; x_wconf 90' lang='lat' dir='ltr'>dicitur</span> 
     </span>
     <span class='ocr_line' id='line_1_14' title="bbox 706 1536 2249 1630; baseline -0.001 -22"><span class='ocrx_word' id='word_1_51' title='bbox 706 1537 912 1630; x_wconf 86' lang='lat' dir='ltr'>quod</span> <span class='ocrx_word' id='word_1_52' title='bbox 946 1536 1294 1610; x_wconf 88' lang='lat' dir='ltr'>mutatio</span> <span class='ocrx_word' id='word_1_53' title='bbox 1333 1536 1449 1609; x_wconf 89' lang='lat' dir='ltr'>rei</span> <span class='ocrx_word' id='word_1_54' title='bbox 1502 1537 1596 1608; x_wconf 84' lang='lat' dir='ltr'>ad</span> <span class='ocrx_word' id='word_1_55' title='bbox 1657 1536 1904 1610; x_wconf 89' lang='lat' dir='ltr'>situm</span> <span class='ocrx_word' id='word_1_56' title='bbox 1964 1555 2249 1608; x_wconf 86' lang='lat' dir='ltr'>eonve-</span> 
     </span>
     <span class='ocr_line' id='line_1_15' title="bbox 701 1649 2247 1744; baseline -0.002 -19"><span class='ocrx_word' id='word_1_57' title='bbox 701 1652 818 1726; x_wconf 91' lang='lat' dir='ltr'>nit</span> <span class='ocrx_word' id='word_1_58' title='bbox 881 1652 954 1726; x_wconf 90' lang='lat' dir='ltr'>ei</span> <span class='ocrx_word' id='word_1_59' title='bbox 1006 1653 1195 1744; x_wconf 90' lang='lat' dir='ltr'>quia</span> <span class='ocrx_word' id='word_1_60' title='bbox 1278 1651 1535 1734; x_wconf 85' lang='lat' dir='ltr'>finita,</span> <span class='ocrx_word' id='word_1_61' title='bbox 1632 1651 1836 1732; x_wconf 88' lang='lat' dir='ltr'>dico,</span> <span class='ocrx_word' id='word_1_62' title='bbox 1911 1651 2118 1742; x_wconf 91' lang='lat' dir='ltr'>quod</span> <span class='ocrx_word' id='word_1_63' title='bbox 2169 1649 2247 1722; x_wconf 92' lang='lat' dir='ltr'>in</span> 
     </span>
     <span class='ocr_line' id='line_1_16' title="bbox 700 1768 2243 1849; baseline -0.002 -8"><span class='ocrx_word' id='word_1_64' title='bbox 700 1772 925 1844; x_wconf 90' lang='lat' dir='ltr'>motu</span> <span class='ocrx_word' id='word_1_65' title='bbox 968 1769 1212 1842; x_wconf 88' lang='lat' dir='ltr'>locali</span> <span class='ocrx_word' id='word_1_66' title='bbox 1244 1769 1398 1844; x_wconf 92' lang='lat' dir='ltr'>duo</span> <span class='ocrx_word' id='word_1_67' title='bbox 1432 1768 1860 1841; x_wconf 91' lang='lat' dir='ltr'>considero</span> <span class='ocrx_word' id='word_1_68' title='bbox 1898 1791 1913 1837; x_wconf 79' lang='lat' dir='ltr'><em>z</em></span> <span class='ocrx_word' id='word_1_69' title='bbox 1950 1768 2243 1849; x_wconf 90' lang='lat' dir='ltr'>Unum,</span> 
     </span>
     <span class='ocr_line' id='line_1_17' title="bbox 705 1883 2248 1979; baseline -0.001 -22"><span class='ocrx_word' id='word_1_70' title='bbox 705 1886 912 1979; x_wconf 88' lang='lat' dir='ltr'>quod</span> <span class='ocrx_word' id='word_1_71' title='bbox 947 1907 1078 1959; x_wconf 90' lang='lat' dir='ltr'>res</span> <span class='ocrx_word' id='word_1_72' title='bbox 1131 1907 1304 1979; x_wconf 77' lang='lat' dir='ltr'>quae</span> <span class='ocrx_word' id='word_1_73' title='bbox 1358 1888 1760 1967; x_wconf 83' lang='lat' dir='ltr'>movetur,</span> <span class='ocrx_word' id='word_1_74' title='bbox 1797 1904 1957 1957; x_wconf 91' lang='lat' dir='ltr'>non</span> <span class='ocrx_word' id='word_1_75' title='bbox 1991 1887 2113 1957; x_wconf 86' lang='lat' dir='ltr'>est</span> <span class='ocrx_word' id='word_1_76' title='bbox 2149 1883 2248 1956; x_wconf 88' lang='lat' dir='ltr'>si-</span> 
     </span>
     <span class='ocr_line' id='line_1_18' title="bbox 697 2000 2247 2086; baseline -0.004 -8"><span class='ocrx_word' id='word_1_77' title='bbox 697 2005 864 2078; x_wconf 91' lang='lat' dir='ltr'>mul</span> <span class='ocrx_word' id='word_1_78' title='bbox 936 2004 1016 2077; x_wconf 93' lang='lat' dir='ltr'>in</span> <span class='ocrx_word' id='word_1_79' title='bbox 1059 2004 1394 2086; x_wconf 82' lang='lat' dir='ltr'>duobus,</span> <span class='ocrx_word' id='word_1_80' title='bbox 1457 2008 1536 2077; x_wconf 89' lang='lat' dir='ltr'>et</span> <span class='ocrx_word' id='word_1_81' title='bbox 1595 2003 1745 2076; x_wconf 87' lang='lat' dir='ltr'>hoc</span> <span class='ocrx_word' id='word_1_82' title='bbox 1778 2004 1974 2074; x_wconf 88' lang='lat' dir='ltr'>bene</span> <span class='ocrx_word' id='word_1_83' title='bbox 2016 2000 2247 2073; x_wconf 86' lang='lat' dir='ltr'>habe-</span> 
     </span>
     <span class='ocr_line' id='line_1_19' title="bbox 697 2113 2246 2191; baseline -0.003 -1"><span class='ocrx_word' id='word_1_84' title='bbox 697 2120 837 2190; x_wconf 90' lang='lat' dir='ltr'>tur</span> <span class='ocrx_word' id='word_1_85' title='bbox 880 2116 1203 2191; x_wconf 84' lang='lat' dir='ltr'>ratione</span> <span class='ocrx_word' id='word_1_86' title='bbox 1264 2115 1788 2190; x_wconf 82' lang='lat' dir='ltr'>limitationis</span> <span class='ocrx_word' id='word_1_87' title='bbox 1828 2118 1909 2188; x_wconf 92' lang='lat' dir='ltr'>et</span> <span class='ocrx_word' id='word_1_88' title='bbox 1953 2113 2246 2187; x_wconf 86' lang='lat' dir='ltr'>finitio·</span> 
     </span>
     <span class='ocr_line' id='line_1_20' title="bbox 693 2226 2246 2325; baseline -0.005 -19"><span class='ocrx_word' id='word_1_89' title='bbox 693 2233 847 2306; x_wconf 93' lang='lat' dir='ltr'>nis.</span> <span class='ocrx_word' id='word_1_90' title='bbox 913 2233 1389 2314; x_wconf 81' lang='lat' dir='ltr'>Secundum,</span> <span class='ocrx_word' id='word_1_91' title='bbox 1427 2231 1632 2325; x_wconf 89' lang='lat' dir='ltr'>quod</span> <span class='ocrx_word' id='word_1_92' title='bbox 1670 2251 1825 2313; x_wconf 92' lang='lat' dir='ltr'>res,</span> <span class='ocrx_word' id='word_1_93' title='bbox 1864 2250 2038 2323; x_wconf 82' lang='lat' dir='ltr'>quae</span> <span class='ocrx_word' id='word_1_94' title='bbox 2098 2226 2246 2304; x_wconf 89' lang='lat' dir='ltr'>tali</span> 
     </span>
     <span class='ocr_line' id='line_1_21' title="bbox 695 2347 2247 2439; baseline -0.003 -18"><span class='ocrx_word' id='word_1_95' title='bbox 695 2355 921 2424; x_wconf 90' lang='lat' dir='ltr'>motu</span> <span class='ocrx_word' id='word_1_96' title='bbox 968 2353 1372 2431; x_wconf 85' lang='lat' dir='ltr'>movetur,</span> <span class='ocrx_word' id='word_1_97' title='bbox 1419 2347 1629 2423; x_wconf 89' lang='lat' dir='ltr'>sitin</span> <span class='ocrx_word' id='word_1_98' title='bbox 1666 2370 1748 2419; x_wconf 92' lang='lat' dir='ltr'>se</span> <span class='ocrx_word' id='word_1_99' title='bbox 1783 2347 2247 2439; x_wconf 85' lang='lat' dir='ltr'>susceptiva</span> 
     </span>
     <span class='ocr_line' id='line_1_22' title="bbox 695 2462 2241 2546; baseline -0.003 -7"><span class='ocrx_word' id='word_1_100' title='bbox 695 2465 921 2540; x_wconf 90' lang='lat' dir='ltr'>illius</span> <span class='ocrx_word' id='word_1_101' title='bbox 1000 2467 1298 2546; x_wconf 85' lang='lat' dir='ltr'>motus,</span> <span class='ocrx_word' id='word_1_102' title='bbox 1357 2467 1435 2538; x_wconf 87' lang='lat' dir='ltr'>et</span> <span class='ocrx_word' id='word_1_103' title='bbox 1497 2463 1674 2546; x_wconf 91' lang='lat' dir='ltr'>hoc,</span> <span class='ocrx_word' id='word_1_104' title='bbox 1751 2467 1836 2536; x_wconf 90' lang='lat' dir='ltr'>ut</span> <span class='ocrx_word' id='word_1_105' title='bbox 1904 2462 2241 2545; x_wconf 90' lang='lat' dir='ltr'>ostendi,</span> 
     </span>
     <span class='ocr_line' id='line_1_23' title="bbox 695 2581 2247 2676; baseline -0.002 -20"><span class='ocrx_word' id='word_1_106' title='bbox 695 2604 857 2657; x_wconf 93' lang='lat' dir='ltr'>non</span> <span class='ocrx_word' id='word_1_107' title='bbox 928 2584 1193 2676; x_wconf 87' lang='lat' dir='ltr'>potest</span> <span class='ocrx_word' id='word_1_108' title='bbox 1264 2581 1540 2673; x_wconf 85' lang='lat' dir='ltr'>aliqua</span> <span class='ocrx_word' id='word_1_109' title='bbox 1625 2582 2011 2655; x_wconf 88' lang='lat' dir='ltr'>creatura</span> <span class='ocrx_word' id='word_1_110' title='bbox 2101 2601 2247 2674; x_wconf 91' lang='lat' dir='ltr'>per</span> 
     </span>
     <span class='ocr_line' id='line_1_24' title="bbox 696 2696 2243 2780; baseline -0.001 -10"><span class='ocrx_word' id='word_1_111' title='bbox 696 2696 1101 2772; x_wconf 90' lang='lat' dir='ltr'>rationem</span> <span class='ocrx_word' id='word_1_112' title='bbox 1198 2696 1513 2770; x_wconf 84' lang='lat' dir='ltr'>formae.</span> <span class='ocrx_word' id='word_1_113' title='bbox 1598 2696 1924 2780; x_wconf 85' lang='lat' dir='ltr'>Quando</span> <span class='ocrx_word' id='word_1_114' title='bbox 1993 2696 2243 2769; x_wconf 86' lang='lat' dir='ltr'>etiam</span> 
     </span>
    </p>
   </div>
   <div class='ocr_carea' id='block_1_8' title="bbox 691 2813 2241 3141">
    <p class='ocr_par' dir='ltr' id='par_1_8' title="bbox 691 2813 2241 3141">
     <span class='ocr_line' id='line_1_25' title="bbox 691 2813 2241 2905; baseline -0.001 -17"><span class='ocrx_word' id='word_1_115' title='bbox 691 2815 912 2897; x_wconf 89' lang='lat' dir='ltr'>dicit,</span> <span class='ocrx_word' id='word_1_116' title='bbox 1013 2814 1218 2905; x_wconf 86' lang='lat' dir='ltr'>quod</span> <span class='ocrx_word' id='word_1_117' title='bbox 1325 2813 1395 2887; x_wconf 89' lang='lat' dir='ltr'>si</span> <span class='ocrx_word' id='word_1_118' title='bbox 1480 2813 1817 2888; x_wconf 87' lang='lat' dir='ltr'>haberet</span> <span class='ocrx_word' id='word_1_119' title='bbox 1888 2813 2241 2887; x_wconf 84' lang='lat' dir='ltr'>formam</span> 
     </span>
     <span class='ocr_line' id='line_1_26' title="bbox 699 2930 2239 3014; baseline -0.001 -8"><span class='ocrx_word' id='word_1_120' title='bbox 699 2932 779 3006; x_wconf 93' lang='lat' dir='ltr'>in</span> <span class='ocrx_word' id='word_1_121' title='bbox 914 2931 1297 3014; x_wconf 88' lang='lat' dir='ltr'>materia,</span> <span class='ocrx_word' id='word_1_122' title='bbox 1432 2930 1742 3003; x_wconf 89' lang='lat' dir='ltr'>nullam</span> <span class='ocrx_word' id='word_1_123' title='bbox 1885 2931 2239 3005; x_wconf 83' lang='lat' dir='ltr'>formam</span> 
     </span>
     <span class='ocr_line' id='line_1_27' title="bbox 696 3047 2241 3141; baseline -0.002 -18"><span class='ocrx_word' id='word_1_124' title='bbox 696 3047 1213 3123; x_wconf 79' lang='lat' dir='ltr'>materialem</span> <span class='ocrx_word' id='word_1_125' title='bbox 1346 3051 1914 3141; x_wconf 88' lang='lat' dir='ltr'>cognosceret,</span> <span class='ocrx_word' id='word_1_126' title='bbox 2051 3048 2241 3140; x_wconf 84' lang='lat' dir='ltr'>quia</span> 
     </span>
    </p>
   </div>
   <div class='ocr_carea' id='block_1_9' title="bbox 620 3164 2240 5713">
    <p class='ocr_par' dir='ltr' id='par_1_9' title="bbox 620 3164 2240 5713">
     <span class='ocr_line' id='line_1_28' title="bbox 698 3164 2240 3261; baseline -0.003 -21"><span class='ocrx_word' id='word_1_127' title='bbox 698 3169 1026 3259; x_wconf 80' lang='lat' dir='ltr'>oportet</span> <span class='ocrx_word' id='word_1_128' title='bbox 1098 3166 1653 3261; x_wconf 86' lang='lat' dir='ltr'>susceptivum</span> <span class='ocrx_word' id='word_1_129' title='bbox 1724 3165 2079 3239; x_wconf 89' lang='lat' dir='ltr'>aliorum</span> <span class='ocrx_word' id='word_1_130' title='bbox 2143 3164 2240 3237; x_wconf 85' lang='lat' dir='ltr'>ab</span> 
     </span>
     <span class='ocr_line' id='line_1_29' title="bbox 691 3281 2239 3374; baseline -0.003 -17"><span class='ocrx_word' id='word_1_131' title='bbox 691 3282 792 3359; x_wconf 87' lang='lat' dir='ltr'>iis</span> <span class='ocrx_word' id='word_1_132' title='bbox 881 3304 1061 3356; x_wconf 90' lang='lat' dir='ltr'>esse</span> <span class='ocrx_word' id='word_1_133' title='bbox 1147 3284 1660 3367; x_wconf 86' lang='lat' dir='ltr'>denudatum,</span> <span class='ocrx_word' id='word_1_134' title='bbox 1740 3282 1942 3365; x_wconf 92' lang='lat' dir='ltr'>dico,</span> <span class='ocrx_word' id='word_1_135' title='bbox 2033 3281 2239 3374; x_wconf 90' lang='lat' dir='ltr'>quod</span> 
     </span>
     <span class='ocr_line' id='line_1_30' title="bbox 691 3399 2239 3493; baseline -0.002 -21"><span class='ocrx_word' id='word_1_136' title='bbox 691 3399 1241 3493; x_wconf 86' lang='lat' dir='ltr'>susceptivum</span> <span class='ocrx_word' id='word_1_137' title='bbox 1290 3402 1613 3492; x_wconf 79' lang='lat' dir='ltr'>oportet</span> <span class='ocrx_word' id='word_1_138' title='bbox 1668 3420 1846 3471; x_wconf 88' lang='lat' dir='ltr'>esse</span> <span class='ocrx_word' id='word_1_139' title='bbox 1904 3399 2239 3471; x_wconf 88' lang='lat' dir='ltr'>denuda-</span> 
     </span>
     <span class='ocr_line' id='line_1_31' title="bbox 686 3515 2237 3607; baseline -0.002 -17"><span class='ocrx_word' id='word_1_140' title='bbox 686 3520 862 3590; x_wconf 93' lang='lat' dir='ltr'>tum</span> <span class='ocrx_word' id='word_1_141' title='bbox 936 3517 1034 3589; x_wconf 88' lang='lat' dir='ltr'>ab</span> <span class='ocrx_word' id='word_1_142' title='bbox 1095 3538 1275 3591; x_wconf 89' lang='lat' dir='ltr'>esse</span> <span class='ocrx_word' id='word_1_143' title='bbox 1339 3515 1750 3589; x_wconf 89' lang='lat' dir='ltr'>materiali</span> <span class='ocrx_word' id='word_1_144' title='bbox 1833 3519 1911 3588; x_wconf 89' lang='lat' dir='ltr'>et</span> <span class='ocrx_word' id='word_1_145' title='bbox 1955 3535 2237 3607; x_wconf 90' lang='lat' dir='ltr'>corpo-</span> 
     </span>
     <span class='ocr_line' id='line_1_32' title="bbox 690 3631 2233 3724; baseline -0.001 -20"><span class='ocrx_word' id='word_1_146' title='bbox 690 3631 874 3714; x_wconf 89' lang='lat' dir='ltr'>rali,</span> <span class='ocrx_word' id='word_1_147' title='bbox 923 3634 1129 3724; x_wconf 83' lang='lat' dir='ltr'>quod</span> <span class='ocrx_word' id='word_1_148' title='bbox 1163 3631 1460 3705; x_wconf 87' lang='lat' dir='ltr'>habent</span> <span class='ocrx_word' id='word_1_149' title='bbox 1507 3632 1587 3705; x_wconf 92' lang='lat' dir='ltr'>in</span> <span class='ocrx_word' id='word_1_150' title='bbox 1632 3654 1718 3704; x_wconf 90' lang='lat' dir='ltr'>re</span> <span class='ocrx_word' id='word_1_151' title='bbox 1766 3635 2002 3704; x_wconf 80' lang='lat' dir='ltr'>extra</span> <span class='ocrx_word' id='word_1_152' title='bbox 2066 3631 2233 3713; x_wconf 90' lang='lat' dir='ltr'>illa,</span> 
     </span>
     <span class='ocr_line' id='line_1_33' title="bbox 694 3747 2238 3842; baseline 0 -23"><span class='ocrx_word' id='word_1_153' title='bbox 694 3768 1041 3840; x_wconf 89' lang='lat' dir='ltr'>quorum</span> <span class='ocrx_word' id='word_1_154' title='bbox 1106 3747 1415 3842; x_wconf 89' lang='lat' dir='ltr'>species</span> <span class='ocrx_word' id='word_1_155' title='bbox 1451 3751 1529 3819; x_wconf 86' lang='lat' dir='ltr'>et</span> <span class='ocrx_word' id='word_1_156' title='bbox 1563 3747 2056 3821; x_wconf 88' lang='lat' dir='ltr'>intentiones</span> <span class='ocrx_word' id='word_1_157' title='bbox 2121 3768 2238 3819; x_wconf 91' lang='lat' dir='ltr'>re-</span> 
     </span>
     <span class='ocr_line' id='line_1_34' title="bbox 691 3864 2238 3958; baseline -0.002 -19"><span class='ocrx_word' id='word_1_158' title='bbox 691 3864 914 3958; x_wconf 88' lang='lat' dir='ltr'>cipit,</span> <span class='ocrx_word' id='word_1_159' title='bbox 965 3865 1169 3938; x_wconf 90' lang='lat' dir='ltr'>unde</span> <span class='ocrx_word' id='word_1_160' title='bbox 1211 3865 1520 3938; x_wconf 84' lang='lat' dir='ltr'>vitrum</span> <span class='ocrx_word' id='word_1_161' title='bbox 1558 3864 2019 3937; x_wconf 88' lang='lat' dir='ltr'>coloratum</span> <span class='ocrx_word' id='word_1_162' title='bbox 2068 3883 2238 3956; x_wconf 91' lang='lat' dir='ltr'>spe-</span> 
     </span>
     <span class='ocr_line' id='line_1_35' title="bbox 686 3982 2238 4077; baseline -0.001 -21"><span class='ocrx_word' id='word_1_163' title='bbox 686 3982 850 4056; x_wconf 92' lang='lat' dir='ltr'>cies</span> <span class='ocrx_word' id='word_1_164' title='bbox 910 3984 1283 4057; x_wconf 92' lang='lat' dir='ltr'>colorum</span> <span class='ocrx_word' id='word_1_165' title='bbox 1352 4004 1514 4056; x_wconf 91' lang='lat' dir='ltr'>non</span> <span class='ocrx_word' id='word_1_166' title='bbox 1577 3982 1928 4077; x_wconf 81' lang='lat' dir='ltr'>recipit:</span> <span class='ocrx_word' id='word_1_167' title='bbox 2009 3982 2238 4056; x_wconf 90' lang='lat' dir='ltr'>intel-</span> 
     </span>
     <span class='ocr_line' id='line_1_36' title="bbox 686 4101 2235 4175; baseline -0.001 -1"><span class='ocrx_word' id='word_1_168' title='bbox 686 4102 950 4174; x_wconf 88' lang='lat' dir='ltr'>lectus</span> <span class='ocrx_word' id='word_1_169' title='bbox 986 4104 1259 4175; x_wconf 88' lang='lat' dir='ltr'>autem</span> <span class='ocrx_word' id='word_1_170' title='bbox 1297 4121 1457 4173; x_wconf 92' lang='lat' dir='ltr'>non</span> <span class='ocrx_word' id='word_1_171' title='bbox 1489 4101 1726 4174; x_wconf 86' lang='lat' dir='ltr'>habet</span> <span class='ocrx_word' id='word_1_172' title='bbox 1761 4102 2009 4174; x_wconf 89' lang='lat' dir='ltr'>talem</span> <span class='ocrx_word' id='word_1_173' title='bbox 2077 4121 2235 4173; x_wconf 89' lang='lat' dir='ltr'>ma-</span> 
     </span>
     <span class='ocr_line' id='line_1_37' title="bbox 620 4215 2240 4311; baseline -0.001 -20"><span class='ocrx_word' id='word_1_174' title='bbox 620 4217 983 4291; x_wconf 78' lang='lat' dir='ltr'>teriam</span> <span class='ocrx_word' id='word_1_175' title='bbox 1080 4218 1625 4311; x_wconf 74' lang='lat' dir='ltr'>corporalem,</span> <span class='ocrx_word' id='word_1_176' title='bbox 1715 4218 2033 4310; x_wconf 84' lang='lat' dir='ltr'>qualem</span> <span class='ocrx_word' id='word_1_177' title='bbox 2106 4215 2240 4289; x_wconf 89' lang='lat' dir='ltr'>ha-</span> 
     </span>
     <span class='ocr_line' id='line_1_38' title="bbox 683 4333 2236 4407; baseline -0.001 -1"><span class='ocrx_word' id='word_1_178' title='bbox 683 4334 871 4406; x_wconf 90' lang='lat' dir='ltr'>bent</span> <span class='ocrx_word' id='word_1_179' title='bbox 995 4333 1287 4407; x_wconf 79' lang='lat' dir='ltr'>formae</span> <span class='ocrx_word' id='word_1_180' title='bbox 1387 4334 1883 4407; x_wconf 77' lang='lat' dir='ltr'>materiales,</span> <span class='ocrx_word' id='word_1_181' title='bbox 2004 4335 2236 4405; x_wconf 84' lang='lat' dir='ltr'>Patet</span> 
     </span>
     <span class='ocr_line' id='line_1_39' title="bbox 682 4449 2236 4543; baseline -0.001 -19"><span class='ocrx_word' id='word_1_182' title='bbox 682 4451 935 4524; x_wconf 88' lang='lat' dir='ltr'>etiam</span> <span class='ocrx_word' id='word_1_183' title='bbox 998 4452 1204 4543; x_wconf 83' lang='lat' dir='ltr'>quod</span> <span class='ocrx_word' id='word_1_184' title='bbox 1256 4450 1350 4523; x_wconf 79' lang='lat' dir='ltr'>‘si</span> <span class='ocrx_word' id='word_1_185' title='bbox 1411 4449 1581 4523; x_wconf 81' lang='lat' dir='ltr'>haec</span> <span class='ocrx_word' id='word_1_186' title='bbox 1649 4450 1862 4522; x_wconf 89' lang='lat' dir='ltr'>ratio</span> <span class='ocrx_word' id='word_1_187' title='bbox 1922 4449 2236 4523; x_wconf 86' lang='lat' dir='ltr'>valeret</span> 
     </span>
     <span class='ocr_line' id='line_1_40' title="bbox 682 4567 2236 4661; baseline -0.001 -21"><span class='ocrx_word' id='word_1_188' title='bbox 682 4570 766 4641; x_wconf 94' lang='lat' dir='ltr'>in</span> <span class='ocrx_word' id='word_1_189' title='bbox 850 4569 1291 4652; x_wconf 89' lang='lat' dir='ltr'>intellectu,</span> <span class='ocrx_word' id='word_1_190' title='bbox 1366 4568 1825 4642; x_wconf 76' lang='lat' dir='ltr'>intellectus</span> <span class='ocrx_word' id='word_1_191' title='bbox 1879 4567 2236 4661; x_wconf 88' lang='lat' dir='ltr'>seipsum</span> 
     </span>
     <span class='ocr_line' id='line_1_41' title="bbox 687 4684 2236 4779; baseline -0.002 -20"><span class='ocrx_word' id='word_1_192' title='bbox 687 4706 849 4759; x_wconf 93' lang='lat' dir='ltr'>non</span> <span class='ocrx_word' id='word_1_193' title='bbox 892 4686 1413 4778; x_wconf 85' lang='lat' dir='ltr'>intelligeret,</span> <span class='ocrx_word' id='word_1_194' title='bbox 1453 4707 1597 4759; x_wconf 89' lang='lat' dir='ltr'>nec</span> <span class='ocrx_word' id='word_1_195' title='bbox 1633 4684 2020 4779; x_wconf 84' lang='lat' dir='ltr'>suiipsius</span> <span class='ocrx_word' id='word_1_196' title='bbox 2068 4705 2236 4776; x_wconf 87' lang='lat' dir='ltr'>spe-</span> 
     </span>
     <span class='ocr_line' id='line_1_42' title="bbox 683 4801 2236 4898; baseline -0.002 -20"><span class='ocrx_word' id='word_1_197' title='bbox 683 4803 886 4878; x_wconf 90' lang='lat' dir='ltr'>ciem</span> <span class='ocrx_word' id='word_1_198' title='bbox 933 4803 1358 4898; x_wconf 90' lang='lat' dir='ltr'>reciperet,</span> <span class='ocrx_word' id='word_1_199' title='bbox 1409 4804 1569 4876; x_wconf 92' lang='lat' dir='ltr'>imo</span> <span class='ocrx_word' id='word_1_200' title='bbox 1616 4802 2051 4876; x_wconf 89' lang='lat' dir='ltr'>secundum</span> <span class='ocrx_word' id='word_1_201' title='bbox 2085 4801 2236 4876; x_wconf 86' lang='lat' dir='ltr'>hoc</span> 
     </span>
     <span class='ocr_line' id='line_1_43' title="bbox 686 4917 2236 5000; baseline -0.003 -7"><span class='ocrx_word' id='word_1_202' title='bbox 686 4919 996 4993; x_wconf 89' lang='lat' dir='ltr'>nullam</span> <span class='ocrx_word' id='word_1_203' title='bbox 1074 4919 1456 5000; x_wconf 84' lang='lat' dir='ltr'>formam,</span> <span class='ocrx_word' id='word_1_204' title='bbox 1565 4923 1645 4992; x_wconf 90' lang='lat' dir='ltr'>et</span> <span class='ocrx_word' id='word_1_205' title='bbox 1732 4917 2039 4990; x_wconf 85' lang='lat' dir='ltr'>nullam</span> <span class='ocrx_word' id='word_1_206' title='bbox 2115 4920 2236 4990; x_wconf 93' lang='lat' dir='ltr'>In-</span> 
     </span>
     <span class='ocr_line' id='line_1_44' title="bbox 685 5032 2234 5129; baseline -0.003 -18"><span class='ocrx_word' id='word_1_207' title='bbox 685 5032 1229 5129; x_wconf 87' lang='lat' dir='ltr'>telligentiam</span> <span class='ocrx_word' id='word_1_208' title='bbox 1355 5035 1851 5127; x_wconf 82' lang='lat' dir='ltr'>intelligeret</span> <span class='ocrx_word' id='word_1_209' title='bbox 1927 5059 1941 5103; x_wconf 90' lang='lat'><strong>:</strong></span> <span class='ocrx_word' id='word_1_210' title='bbox 2025 5034 2234 5108; x_wconf 91' lang='lat' dir='ltr'>sicut</span> 
     </span>
     <span class='ocr_line' id='line_1_45' title="bbox 685 5152 2234 5247; baseline -0.003 -20"><span class='ocrx_word' id='word_1_211' title='bbox 685 5155 901 5228; x_wconf 92' lang='lat' dir='ltr'>enim</span> <span class='ocrx_word' id='word_1_212' title='bbox 1019 5155 1345 5247; x_wconf 89' lang='lat' dir='ltr'>oportet</span> <span class='ocrx_word' id='word_1_213' title='bbox 1465 5175 1641 5225; x_wconf 91' lang='lat' dir='ltr'>esse</span> <span class='ocrx_word' id='word_1_214' title='bbox 1746 5152 2234 5225; x_wconf 85' lang='lat' dir='ltr'>denudatum</span> 
     </span>
     <span class='ocr_line' id='line_1_46' title="bbox 687 5269 2234 5363; baseline -0.002 -19"><span class='ocrx_word' id='word_1_215' title='bbox 687 5272 1063 5354; x_wconf 88' lang='lat' dir='ltr'>materia,</span> <span class='ocrx_word' id='word_1_216' title='bbox 1175 5272 1263 5345; x_wconf 88' lang='lat' dir='ltr'>ut</span> <span class='ocrx_word' id='word_1_217' title='bbox 1370 5269 1749 5363; x_wconf 87' lang='lat' dir='ltr'>recipiat,</span> <span class='ocrx_word' id='word_1_218' title='bbox 1844 5271 1971 5343; x_wconf 85' lang='lat' dir='ltr'>vel</span> <span class='ocrx_word' id='word_1_219' title='bbox 2052 5290 2234 5360; x_wconf 87' lang='lat' dir='ltr'>cog·</span> 
     </span>
     <span class='ocr_line' id='line_1_47' title="bbox 688 5386 2233 5479; baseline -0.001 -18"><span class='ocrx_word' id='word_1_220' title='bbox 688 5390 973 5461; x_wconf 88' lang='lat' dir='ltr'>noscat</span> <span class='ocrx_word' id='word_1_221' title='bbox 1081 5386 1572 5468; x_wconf 85' lang='lat' dir='ltr'>materialia,</span> <span class='ocrx_word' id='word_1_222' title='bbox 1667 5387 1781 5460; x_wconf 91' lang='lat' dir='ltr'>sie</span> <span class='ocrx_word' id='word_1_223' title='bbox 1907 5388 2233 5479; x_wconf 88' lang='lat' dir='ltr'>oportet</span> 
     </span>
     <span class='ocr_line' id='line_1_48' title="bbox 685 5504 2236 5580; baseline -0.006 0"><span class='ocrx_word' id='word_1_224' title='bbox 685 5505 1120 5580; x_wconf 85' lang='lat' dir='ltr'>secundum</span> <span class='ocrx_word' id='word_1_225' title='bbox 1226 5504 1376 5578; x_wconf 88' lang='lat' dir='ltr'>hoc</span> <span class='ocrx_word' id='word_1_226' title='bbox 1472 5526 1649 5576; x_wconf 88' lang='lat' dir='ltr'>esse</span> <span class='ocrx_word' id='word_1_227' title='bbox 1752 5504 2236 5576; x_wconf 87' lang='lat' dir='ltr'>denudatum</span> 
     </span>
     <span class='ocr_line' id='line_1_49' title="bbox 683 5620 2233 5713; baseline -0.004 -16"><span class='ocrx_word' id='word_1_228' title='bbox 683 5624 978 5707; x_wconf 84' lang='lat' dir='ltr'>forma,</span> <span class='ocrx_word' id='word_1_229' title='bbox 1070 5623 1156 5694; x_wconf 91' lang='lat' dir='ltr'>ut</span> <span class='ocrx_word' id='word_1_230' title='bbox 1274 5623 1714 5713; x_wconf 88' lang='lat' dir='ltr'>eognoscat</span> <span class='ocrx_word' id='word_1_231' title='bbox 1821 5620 2233 5695; x_wconf 84' lang='lat' dir='ltr'>formalia.</span> 
     </span>
    </p>
   </div>
   <div class='ocr_carea' id='block_1_10' title="bbox 1884 435 2729 504">
    <p class='ocr_par' dir='ltr' id='par_1_10' title="bbox 1884 435 2729 504">
     <span class='ocr_line' id='line_1_50' title="bbox 1884 435 2729 504; baseline -0.005 0"><span class='ocrx_word' id='word_1_232' title='bbox 1884 440 1988 504; x_wconf 84' lang='lat' dir='ltr'>DE</span> <span class='ocrx_word' id='word_1_233' title='bbox 2030 437 2299 504; x_wconf 82' lang='lat' dir='ltr'>RERUM</span> <span class='ocrx_word' id='word_1_234' title='bbox 2340 435 2729 501; x_wconf 74' lang='lat' dir='ltr'>PRINCIPIO</span> 
     </span>
    </p>
   </div>
   <div class='ocr_carea' id='block_1_11' title="bbox 2347 593 4182 5713">
    <p class='ocr_par' dir='ltr' id='par_1_11' title="bbox 2347 593 4182 5713">
     <span class='ocr_line' id='line_1_51' title="bbox 2370 593 3896 689; baseline -0.009 -14"><span class='ocrx_word' id='word_1_235' title='bbox 2370 604 2636 675; x_wconf 88' lang='lat' dir='ltr'>Causa</span> <span class='ocrx_word' id='word_1_236' title='bbox 2694 600 2966 672; x_wconf 87' lang='lat' dir='ltr'>autem</span> <span class='ocrx_word' id='word_1_237' title='bbox 3039 616 3289 689; x_wconf 85' lang='lat' dir='ltr'>quare</span> <span class='ocrx_word' id='word_1_238' title='bbox 3366 593 3665 665; x_wconf 86' lang='lat' dir='ltr'>habens</span> <span class='ocrx_word' id='word_1_239' title='bbox 3744 605 3896 663; x_wconf 87' lang='lat' dir='ltr'>ma-</span> 
     </span>
     <span class='ocr_line' id='line_1_52' title="bbox 2367 709 3893 811; baseline -0.009 -19"><span class='ocrx_word' id='word_1_240' title='bbox 2367 719 2666 792; x_wconf 80' lang='lat' dir='ltr'>teriam</span> <span class='ocrx_word' id='word_1_241' title='bbox 2748 716 3288 811; x_wconf 70' lang='lat' dir='ltr'>spiritualem,</span> <span class='ocrx_word' id='word_1_242' title='bbox 3366 716 3449 787; x_wconf 91' lang='lat' dir='ltr'>ut</span> <span class='ocrx_word' id='word_1_243' title='bbox 3530 709 3893 802; x_wconf 73' lang='lat' dir='ltr'>Angelus,</span> 
     </span>
     <span class='ocr_line' id='line_1_53' title="bbox 2364 831 3898 928; baseline -0.006 -20"><span class='ocrx_word' id='word_1_244' title='bbox 2364 836 2490 908; x_wconf 82' lang='lat' dir='ltr'>vel</span> <span class='ocrx_word' id='word_1_245' title='bbox 2582 836 2879 915; x_wconf 86' lang='lat' dir='ltr'>anima,</span> <span class='ocrx_word' id='word_1_246' title='bbox 2955 836 3224 928; x_wconf 88' lang='lat' dir='ltr'>potest</span> <span class='ocrx_word' id='word_1_247' title='bbox 3298 831 3662 923; x_wconf 90' lang='lat' dir='ltr'>recipere</span> <span class='ocrx_word' id='word_1_248' title='bbox 3734 846 3898 920; x_wconf 91' lang='lat' dir='ltr'>spe-</span> 
     </span>
     <span class='ocr_line' id='line_1_54' title="bbox 2365 947 3898 1046; baseline -0.007 -20"><span class='ocrx_word' id='word_1_249' title='bbox 2365 952 2570 1026; x_wconf 89' lang='lat' dir='ltr'>ciem</span> <span class='ocrx_word' id='word_1_250' title='bbox 2600 953 2717 1026; x_wconf 87' lang='lat' dir='ltr'>rei</span> <span class='ocrx_word' id='word_1_251' title='bbox 2756 950 3245 1046; x_wconf 85' lang='lat' dir='ltr'>spiritualis.</span> <span class='ocrx_word' id='word_1_252' title='bbox 3302 948 3605 1020; x_wconf 82' lang='lat' dir='ltr'>habens</span> <span class='ocrx_word' id='word_1_253' title='bbox 3638 947 3898 1017; x_wconf 89' lang='lat' dir='ltr'>autem</span> 
     </span>
     <span class='ocr_line' id='line_1_55' title="bbox 2361 1063 3902 1162; baseline -0.006 -20"><span class='ocrx_word' id='word_1_254' title='bbox 2361 1069 2728 1142; x_wconf 87' lang='lat' dir='ltr'>colorem</span> <span class='ocrx_word' id='word_1_255' title='bbox 2771 1089 2934 1141; x_wconf 93' lang='lat' dir='ltr'>non</span> <span class='ocrx_word' id='word_1_256' title='bbox 2980 1071 3248 1162; x_wconf 90' lang='lat' dir='ltr'>potest</span> <span class='ocrx_word' id='word_1_257' title='bbox 3317 1063 3687 1157; x_wconf 89' lang='lat' dir='ltr'>recipere</span> <span class='ocrx_word' id='word_1_258' title='bbox 3747 1081 3902 1153; x_wconf 90' lang='lat' dir='ltr'>spe-</span> 
     </span>
     <span class='ocr_line' id='line_1_56' title="bbox 2365 1180 3905 1276; baseline -0.006 -18"><span class='ocrx_word' id='word_1_259' title='bbox 2365 1183 2571 1259; x_wconf 91' lang='lat' dir='ltr'>eiem</span> <span class='ocrx_word' id='word_1_260' title='bbox 2641 1185 2973 1267; x_wconf 89' lang='lat' dir='ltr'>coloris,</span> <span class='ocrx_word' id='word_1_261' title='bbox 3037 1188 3187 1265; x_wconf 88' lang='lat' dir='ltr'>est,</span> <span class='ocrx_word' id='word_1_262' title='bbox 3267 1182 3457 1276; x_wconf 88' lang='lat' dir='ltr'>quia</span> <span class='ocrx_word' id='word_1_263' title='bbox 3530 1198 3800 1259; x_wconf 82' lang='lat' dir='ltr'>verus,</span> <span class='ocrx_word' id='word_1_264' title='bbox 3832 1180 3905 1251; x_wconf 89' lang='lat' dir='ltr'>et</span> 
     </span>
     <span class='ocr_line' id='line_1_57' title="bbox 2367 1293 3902 1395; baseline -0.007 -19"><span class='ocrx_word' id='word_1_265' title='bbox 2367 1301 2613 1376; x_wconf 89' lang='lat' dir='ltr'>realis</span> <span class='ocrx_word' id='word_1_266' title='bbox 2681 1303 2915 1376; x_wconf 89' lang='lat' dir='ltr'>color</span> <span class='ocrx_word' id='word_1_267' title='bbox 2973 1299 3307 1395; x_wconf 88' lang='lat' dir='ltr'>impedit</span> <span class='ocrx_word' id='word_1_268' title='bbox 3370 1293 3902 1391; x_wconf 90' lang='lat' dir='ltr'>diaphaneita-</span> 
     </span>
     <span class='ocr_line' id='line_1_58' title="bbox 2360 1410 3903 1511; baseline -0.007 -18"><span class='ocrx_word' id='word_1_269' title='bbox 2360 1422 2526 1493; x_wconf 92' lang='lat' dir='ltr'>tem</span> <span class='ocrx_word' id='word_1_270' title='bbox 2575 1419 2895 1493; x_wconf 89' lang='lat' dir='ltr'>ratione</span> <span class='ocrx_word' id='word_1_271' title='bbox 2969 1415 3420 1511; x_wconf 87' lang='lat' dir='ltr'>grossitiei,</span> <span class='ocrx_word' id='word_1_272' title='bbox 3486 1432 3643 1508; x_wconf 86' lang='lat' dir='ltr'>qua</span> <span class='ocrx_word' id='word_1_273' title='bbox 3715 1410 3903 1484; x_wconf 92' lang='lat' dir='ltr'>indi-</span> 
     </span>
     <span class='ocr_line' id='line_1_59' title="bbox 2365 1527 3904 1630; baseline -0.006 -21"><span class='ocrx_word' id='word_1_274' title='bbox 2365 1537 2496 1626; x_wconf 86' lang='lat' dir='ltr'>get</span> <span class='ocrx_word' id='word_1_275' title='bbox 2597 1533 3173 1630; x_wconf 81' lang='lat' dir='ltr'>multiplicatio</span> <span class='ocrx_word' id='word_1_276' title='bbox 3244 1536 3322 1605; x_wconf 91' lang='lat' dir='ltr'>et</span> <span class='ocrx_word' id='word_1_277' title='bbox 3367 1527 3728 1623; x_wconf 89' lang='lat' dir='ltr'>receptio</span> <span class='ocrx_word' id='word_1_278' title='bbox 3789 1547 3904 1601; x_wconf 93' lang='lat' dir='ltr'>co-</span> 
     </span>
     <span class='ocr_line' id='line_1_60' title="bbox 2363 1644 3902 1745; baseline -0.008 -19"><span class='ocrx_word' id='word_1_279' title='bbox 2363 1651 2596 1734; x_wconf 90' lang='lat' dir='ltr'>loris,</span> <span class='ocrx_word' id='word_1_280' title='bbox 2636 1653 2944 1745; x_wconf 86' lang='lat' dir='ltr'>species</span> <span class='ocrx_word' id='word_1_281' title='bbox 3007 1654 3281 1724; x_wconf 90' lang='lat' dir='ltr'>autem</span> <span class='ocrx_word' id='word_1_282' title='bbox 3363 1646 3481 1721; x_wconf 91' lang='lat' dir='ltr'>rei</span> <span class='ocrx_word' id='word_1_283' title='bbox 3527 1644 3902 1739; x_wconf 85' lang='lat' dir='ltr'>spiritua·</span> 
     </span>
     <span class='ocr_line' id='line_1_61' title="bbox 2362 1763 3721 1860; baseline -0.009 -18"><span class='ocrx_word' id='word_1_284' title='bbox 2362 1769 2463 1842; x_wconf 94' lang='lat' dir='ltr'>lis</span> <span class='ocrx_word' id='word_1_285' title='bbox 2506 1790 2668 1843; x_wconf 92' lang='lat' dir='ltr'>non</span> <span class='ocrx_word' id='word_1_286' title='bbox 2714 1769 3021 1860; x_wconf 89' lang='lat' dir='ltr'>indiget</span> <span class='ocrx_word' id='word_1_287' title='bbox 3068 1765 3216 1841; x_wconf 87' lang='lat' dir='ltr'>tali</span> <span class='ocrx_word' id='word_1_288' title='bbox 3281 1763 3721 1857; x_wconf 82' lang='lat' dir='ltr'>receptivo.</span> 
     </span>
     <span class='ocr_line' id='line_1_62' title="bbox 2452 1877 4087 1980; baseline -0.007 -22"><span class='ocrx_word' id='word_1_289' title='bbox 2452 1886 2673 1970; x_wconf 87' lang='lat' dir='ltr'>Quod</span> <span class='ocrx_word' id='word_1_290' title='bbox 2736 1887 3079 1960; x_wconf 86' lang='lat' dir='ltr'>secundo</span> <span class='ocrx_word' id='word_1_291' title='bbox 3121 1884 3396 1975; x_wconf 87' lang='lat' dir='ltr'>arguit</span> <span class='ocrx_word' id='word_1_292' title='bbox 3431 1882 3511 1956; x_wconf 93' lang='lat' dir='ltr'>in</span> <span class='ocrx_word' id='word_1_293' title='bbox 3573 1877 3897 1972; x_wconf 88' lang='lat' dir='ltr'>speciali</span> <span class='ocrx_word' id='word_1_294' title='bbox 4018 1899 4087 1980; x_wconf 48' lang='lat' dir='ltr'>aa,</span> 
     </span>
     <span class='ocr_line' id='line_1_63' title="bbox 2359 1963 4146 2097; baseline -0.001 -20"><span class='ocrx_word' id='word_1_295' title='bbox 2359 2004 2450 2077; x_wconf 92' lang='lat' dir='ltr'>de</span> <span class='ocrx_word' id='word_1_296' title='bbox 2522 2006 2857 2097; x_wconf 79' lang='lat' dir='ltr'>Ang010‚</span> <span class='ocrx_word' id='word_1_297' title='bbox 2906 2004 3113 2097; x_wconf 87' lang='lat' dir='ltr'>quod</span> <span class='ocrx_word' id='word_1_298' title='bbox 3155 2001 3505 2076; x_wconf 89' lang='lat' dir='ltr'>materia</span> <span class='ocrx_word' id='word_1_299' title='bbox 3544 2017 3704 2071; x_wconf 92' lang='lat' dir='ltr'>non</span> <span class='ocrx_word' id='word_1_300' title='bbox 3756 1998 3898 2070; x_wconf 87' lang='lat' dir='ltr'>dis·</span> <span class='ocrx_word' id='word_1_301' title='bbox 3944 1963 4146 2076; x_wconf 55' lang='grc' dir='ltr'><strong><em>οῗῗαῖῗῖ.</em></strong></span> 
     </span>
     <span class='ocr_line' id='line_1_64' title="bbox 2358 2116 3896 2214; baseline -0.007 -19"><span class='ocrx_word' id='word_1_302' title='bbox 2358 2122 2795 2214; x_wconf 87' lang='lat' dir='ltr'>tinguitur,</span> <span class='ocrx_word' id='word_1_303' title='bbox 2869 2120 3025 2194; x_wconf 90' lang='lat' dir='ltr'>nisi</span> <span class='ocrx_word' id='word_1_304' title='bbox 3127 2140 3272 2213; x_wconf 91' lang='lat' dir='ltr'>per</span> <span class='ocrx_word' id='word_1_305' title='bbox 3332 2116 3896 2212; x_wconf 88' lang='lat' dir='ltr'>quantitatem.</span> 
     </span>
     <span class='ocr_line' id='line_1_65' title="bbox 2361 2234 3904 2333; baseline -0.005 -20"><span class='ocrx_word' id='word_1_306' title='bbox 2361 2241 2862 2333; x_wconf 87' lang='lat' dir='ltr'>Respondeo,</span> <span class='ocrx_word' id='word_1_307' title='bbox 2941 2237 3355 2311; x_wconf 88' lang='lat' dir='ltr'>distinctio</span> <span class='ocrx_word' id='word_1_308' title='bbox 3418 2234 3705 2329; x_wconf 81' lang='lat' dir='ltr'>primae</span> <span class='ocrx_word' id='word_1_309' title='bbox 3750 2251 3904 2307; x_wconf 85' lang='lat' dir='ltr'>ma-</span> 
     </span>
     <span class='ocr_line' id='line_1_66' title="bbox 2357 2352 3907 2447; baseline -0.006 -15"><span class='ocrx_word' id='word_1_310' title='bbox 2357 2357 2593 2432; x_wconf 83' lang='lat' dir='ltr'>teriae</span> <span class='ocrx_word' id='word_1_311' title='bbox 2669 2357 2977 2430; x_wconf 88' lang='lat' dir='ltr'>duobus</span> <span class='ocrx_word' id='word_1_312' title='bbox 3023 2354 3280 2429; x_wconf 89' lang='lat' dir='ltr'>modis</span> <span class='ocrx_word' id='word_1_313' title='bbox 3345 2354 3610 2447; x_wconf 90' lang='lat' dir='ltr'>potest</span> <span class='ocrx_word' id='word_1_314' title='bbox 3672 2352 3907 2425; x_wconf 88' lang='lat' dir='ltr'>intel-</span> 
     </span>
     <span class='ocr_line' id='line_1_67' title="bbox 2358 2470 3908 2568; baseline -0.005 -18"><span class='ocrx_word' id='word_1_315' title='bbox 2358 2475 2529 2568; x_wconf 87' lang='lat' dir='ltr'>ligi,</span> <span class='ocrx_word' id='word_1_316' title='bbox 2627 2476 2758 2549; x_wconf 85' lang='lat' dir='ltr'>vel</span> <span class='ocrx_word' id='word_1_317' title='bbox 2849 2473 3037 2568; x_wconf 84' lang='lat' dir='ltr'>quia</span> <span class='ocrx_word' id='word_1_318' title='bbox 3123 2494 3222 2545; x_wconf 85' lang='lat' dir='ltr'>ex</span> <span class='ocrx_word' id='word_1_319' title='bbox 3321 2491 3480 2544; x_wconf 90' lang='lat' dir='ltr'>una</span> <span class='ocrx_word' id='word_1_320' title='bbox 3558 2470 3908 2545; x_wconf 84' lang='lat' dir='ltr'>materia</span> 
     </span>
     <span class='ocr_line' id='line_1_68' title="bbox 2361 2586 3904 2688; baseline -0.006 -19"><span class='ocrx_word' id='word_1_321' title='bbox 2361 2593 2938 2688; x_wconf 84' lang='lat' dir='ltr'>praeexistente</span> <span class='ocrx_word' id='word_1_322' title='bbox 2988 2592 3183 2664; x_wconf 85' lang='lat' dir='ltr'>fiant</span> <span class='ocrx_word' id='word_1_323' title='bbox 3226 2591 3423 2671; x_wconf 80' lang='lat' dir='ltr'>duae,</span> <span class='ocrx_word' id='word_1_324' title='bbox 3480 2586 3688 2662; x_wconf 92' lang='lat' dir='ltr'>sieut</span> <span class='ocrx_word' id='word_1_325' title='bbox 3725 2608 3904 2661; x_wconf 91' lang='lat' dir='ltr'>cum</span> 
     </span>
     <span class='ocr_line' id='line_1_69' title="bbox 2355 2705 3904 2802; baseline -0.005 -19"><span class='ocrx_word' id='word_1_326' title='bbox 2355 2708 2618 2784; x_wconf 86' lang='lat' dir='ltr'>divido</span> <span class='ocrx_word' id='word_1_327' title='bbox 2658 2727 3010 2802; x_wconf 88' lang='lat' dir='ltr'>panem:</span> <span class='ocrx_word' id='word_1_328' title='bbox 3069 2711 3149 2781; x_wconf 90' lang='lat' dir='ltr'>et</span> <span class='ocrx_word' id='word_1_329' title='bbox 3212 2705 3373 2778; x_wconf 91' lang='lat' dir='ltr'>isto</span> <span class='ocrx_word' id='word_1_330' title='bbox 3448 2705 3681 2778; x_wconf 92' lang='lat' dir='ltr'>modo</span> <span class='ocrx_word' id='word_1_331' title='bbox 3749 2722 3904 2776; x_wconf 88' lang='lat' dir='ltr'>ma·</span> 
     </span>
     <span class='ocr_line' id='line_1_70' title="bbox 2354 2820 3905 2914; baseline -0.005 -14"><span class='ocrx_word' id='word_1_332' title='bbox 2354 2826 2571 2901; x_wconf 88' lang='lat' dir='ltr'>teria</span> <span class='ocrx_word' id='word_1_333' title='bbox 2641 2846 2801 2899; x_wconf 92' lang='lat' dir='ltr'>non</span> <span class='ocrx_word' id='word_1_334' title='bbox 2889 2826 3012 2897; x_wconf 91' lang='lat' dir='ltr'>est</span> <span class='ocrx_word' id='word_1_335' title='bbox 3072 2821 3653 2914; x_wconf 87' lang='lat' dir='ltr'>distinguibilis</span> <span class='ocrx_word' id='word_1_336' title='bbox 3738 2820 3905 2894; x_wconf 93' lang='lat' dir='ltr'>sine</span> 
     </span>
     <span class='ocr_line' id='line_1_71' title="bbox 2355 2938 3906 3037; baseline -0.003 -21"><span class='ocrx_word' id='word_1_337' title='bbox 2355 2942 2860 3037; x_wconf 87' lang='lat' dir='ltr'>quantitate;</span> <span class='ocrx_word' id='word_1_338' title='bbox 2898 2963 3044 3015; x_wconf 91' lang='lat' dir='ltr'>nec</span> <span class='ocrx_word' id='word_1_339' title='bbox 3085 2943 3428 3034; x_wconf 88' lang='lat' dir='ltr'>propter</span> <span class='ocrx_word' id='word_1_340' title='bbox 3459 2938 3710 3012; x_wconf 90' lang='lat' dir='ltr'>istum</span> <span class='ocrx_word' id='word_1_341' title='bbox 3747 2959 3906 3012; x_wconf 91' lang='lat' dir='ltr'>mo·</span> 
     </span>
     <span class='ocr_line' id='line_1_72' title="bbox 2354 3056 3908 3152; baseline -0.004 -19"><span class='ocrx_word' id='word_1_342' title='bbox 2354 3061 2542 3133; x_wconf 92' lang='lat' dir='ltr'>dum</span> <span class='ocrx_word' id='word_1_343' title='bbox 2612 3080 2712 3134; x_wconf 82' lang='lat' dir='ltr'>cx</span> <span class='ocrx_word' id='word_1_344' title='bbox 2775 3060 3075 3152; x_wconf 85' lang='lat' dir='ltr'>aliquo,</span> <span class='ocrx_word' id='word_1_345' title='bbox 3134 3057 3442 3131; x_wconf 89' lang='lat' dir='ltr'>scilicet</span> <span class='ocrx_word' id='word_1_346' title='bbox 3521 3056 3908 3150; x_wconf 76' lang='lat' dir='ltr'>praeexis-</span> 
     </span>
     <span class='ocr_line' id='line_1_73' title="bbox 2350 3171 3908 3269; baseline -0.004 -20"><span class='ocrx_word' id='word_1_347' title='bbox 2350 3174 2590 3257; x_wconf 88' lang='lat' dir='ltr'>tenti,</span> <span class='ocrx_word' id='word_1_348' title='bbox 2658 3174 3314 3269; x_wconf 89' lang='lat' dir='ltr'>multiplicantur</span> <span class='ocrx_word' id='word_1_349' title='bbox 3382 3171 3709 3265; x_wconf 86' lang='lat' dir='ltr'>Angeli;</span> <span class='ocrx_word' id='word_1_350' title='bbox 3783 3171 3908 3244; x_wconf 75' lang='lat' dir='ltr'>vel</span> 
     </span>
     <span class='ocr_line' id='line_1_74' title="bbox 2354 3287 3909 3384; baseline -0.005 -19"><span class='ocrx_word' id='word_1_351' title='bbox 2354 3291 2473 3365; x_wconf 89' lang='lat' dir='ltr'>ita</span> <span class='ocrx_word' id='word_1_352' title='bbox 2542 3291 2749 3384; x_wconf 87' lang='lat' dir='ltr'>quod</span> <span class='ocrx_word' id='word_1_353' title='bbox 2808 3290 2977 3363; x_wconf 78' lang='lat' dir='ltr'>haec</span> <span class='ocrx_word' id='word_1_354' title='bbox 3051 3288 3427 3370; x_wconf 87' lang='lat' dir='ltr'>materia,</span> <span class='ocrx_word' id='word_1_355' title='bbox 3527 3287 3654 3359; x_wconf 84' lang='lat' dir='ltr'>vel</span> <span class='ocrx_word' id='word_1_356' title='bbox 3749 3288 3909 3361; x_wconf 89' lang='lat' dir='ltr'>ista</span> 
     </span>
     <span class='ocr_line' id='line_1_75' title="bbox 2354 3404 3908 3487; baseline -0.004 -5"><span class='ocrx_word' id='word_1_357' title='bbox 2354 3408 2732 3482; x_wconf 88' lang='lat' dir='ltr'>distincto</span> <span class='ocrx_word' id='word_1_358' title='bbox 2766 3410 3174 3487; x_wconf 89' lang='lat' dir='ltr'>creentur,</span> <span class='ocrx_word' id='word_1_359' title='bbox 3211 3408 3289 3479; x_wconf 92' lang='lat' dir='ltr'>et</span> <span class='ocrx_word' id='word_1_360' title='bbox 3332 3425 3430 3477; x_wconf 82' lang='lat' dir='ltr'>ex</span> <span class='ocrx_word' id='word_1_361' title='bbox 3490 3404 3908 3478; x_wconf 85' lang='lat' dir='ltr'>creatione</span> 
     </span>
     <span class='ocr_line' id='line_1_76' title="bbox 2351 3521 3909 3613; baseline -0.004 -14"><span class='ocrx_word' id='word_1_362' title='bbox 2351 3525 2431 3599; x_wconf 91' lang='lat' dir='ltr'>in</span> <span class='ocrx_word' id='word_1_363' title='bbox 2471 3525 2776 3597; x_wconf 90' lang='lat' dir='ltr'>duobus</span> <span class='ocrx_word' id='word_1_364' title='bbox 2818 3522 3174 3613; x_wconf 85' lang='lat' dir='ltr'>Angelis,</span> <span class='ocrx_word' id='word_1_365' title='bbox 3239 3524 3376 3594; x_wconf 87' lang='lat' dir='ltr'>aut</span> <span class='ocrx_word' id='word_1_366' title='bbox 3439 3521 3709 3602; x_wconf 93' lang='lat' dir='ltr'>simul,</span> <span class='ocrx_word' id='word_1_367' title='bbox 3772 3524 3909 3593; x_wconf 92' lang='lat' dir='ltr'>aut</span> 
     </span>
     <span class='ocr_line' id='line_1_77' title="bbox 2349 3635 3908 3726; baseline -0.002 -15"><span class='ocrx_word' id='word_1_368' title='bbox 2349 3637 2631 3711; x_wconf 88' lang='lat' dir='ltr'>divisis</span> <span class='ocrx_word' id='word_1_369' title='bbox 2747 3637 3300 3711; x_wconf 86' lang='lat' dir='ltr'>creationibus</span> <span class='ocrx_word' id='word_1_370' title='bbox 3406 3635 3908 3726; x_wconf 89' lang='lat' dir='ltr'>distinguan-</span> 
     </span>
     <span class='ocr_line' id='line_1_78' title="bbox 2349 3751 3908 3828; baseline -0.001 -1"><span class='ocrx_word' id='word_1_371' title='bbox 2349 3757 2489 3827; x_wconf 85' lang='lat' dir='ltr'>tur</span> <span class='ocrx_word' id='word_1_372' title='bbox 2528 3780 2542 3824; x_wconf 90' lang='lat'>:</span> <span class='ocrx_word' id='word_1_373' title='bbox 2579 3758 2656 3827; x_wconf 89' lang='lat' dir='ltr'>et</span> <span class='ocrx_word' id='word_1_374' title='bbox 2701 3754 2862 3828; x_wconf 90' lang='lat' dir='ltr'>isto</span> <span class='ocrx_word' id='word_1_375' title='bbox 2930 3755 3161 3827; x_wconf 93' lang='lat' dir='ltr'>modo</span> <span class='ocrx_word' id='word_1_376' title='bbox 3204 3773 3366 3826; x_wconf 93' lang='lat' dir='ltr'>non</span> <span class='ocrx_word' id='word_1_377' title='bbox 3407 3755 3530 3826; x_wconf 90' lang='lat' dir='ltr'>est</span> <span class='ocrx_word' id='word_1_378' title='bbox 3572 3751 3908 3826; x_wconf 90' lang='lat' dir='ltr'>distinc-</span> 
     </span>
     <span class='ocr_line' id='line_1_79' title="bbox 2349 3869 3906 3965; baseline -0.001 -20"><span class='ocrx_word' id='word_1_379' title='bbox 2349 3872 2468 3946; x_wconf 90' lang='lat' dir='ltr'>tio</span> <span class='ocrx_word' id='word_1_380' title='bbox 2515 3894 2660 3965; x_wconf 91' lang='lat' dir='ltr'>per</span> <span class='ocrx_word' id='word_1_381' title='bbox 2694 3872 3262 3965; x_wconf 86' lang='lat' dir='ltr'>quantitatem,</span> <span class='ocrx_word' id='word_1_382' title='bbox 3327 3874 3405 3943; x_wconf 91' lang='lat' dir='ltr'>et</span> <span class='ocrx_word' id='word_1_383' title='bbox 3451 3870 3565 3943; x_wconf 88' lang='lat' dir='ltr'>ita</span> <span class='ocrx_word' id='word_1_384' title='bbox 3625 3869 3906 3944; x_wconf 90' lang='lat' dir='ltr'>distin-</span> 
     </span>
     <span class='ocr_line' id='line_1_80' title="bbox 2353 3986 3906 4081; baseline -0.002 -22"><span class='ocrx_word' id='word_1_385' title='bbox 2353 3991 2716 4081; x_wconf 88' lang='lat' dir='ltr'>guuntur</span> <span class='ocrx_word' id='word_1_386' title='bbox 2817 3988 3184 4060; x_wconf 75' lang='lat' dir='ltr'>materiae</span> <span class='ocrx_word' id='word_1_387' title='bbox 3240 3987 3321 4060; x_wconf 96' lang='lat' dir='ltr'>in</span> <span class='ocrx_word' id='word_1_388' title='bbox 3371 3986 3730 4077; x_wconf 89' lang='lat' dir='ltr'>Angelis.</span> <span class='ocrx_word' id='word_1_389' title='bbox 3794 3986 3906 4061; x_wconf 90' lang='lat' dir='ltr'>Ad</span> 
     </span>
     <span class='ocr_line' id='line_1_81' title="bbox 2349 4103 3906 4199; baseline -0.003 -19"><span class='ocrx_word' id='word_1_390' title='bbox 2349 4106 2754 4180; x_wconf 90' lang='lat' dir='ltr'>tertium:</span> <span class='ocrx_word' id='word_1_391' title='bbox 2831 4105 3204 4199; x_wconf 85' lang='lat' dir='ltr'>operatio</span> <span class='ocrx_word' id='word_1_392' title='bbox 3279 4103 3710 4197; x_wconf 88' lang='lat' dir='ltr'>cujuslibet</span> <span class='ocrx_word' id='word_1_393' title='bbox 3787 4104 3906 4176; x_wconf 90' lang='lat' dir='ltr'>rei</span> 
     </span>
     <span class='ocr_line' id='line_1_82' title="bbox 2349 4218 3905 4296; baseline -0.002 0"><span class='ocrx_word' id='word_1_394' title='bbox 2349 4226 2472 4296; x_wconf 89' lang='lat' dir='ltr'>est</span> <span class='ocrx_word' id='word_1_395' title='bbox 2519 4223 2951 4295; x_wconf 90' lang='lat' dir='ltr'>secundum</span> <span class='ocrx_word' id='word_1_396' title='bbox 3031 4222 3355 4293; x_wconf 89' lang='lat' dir='ltr'>modum</span> <span class='ocrx_word' id='word_1_397' title='bbox 3424 4218 3905 4293; x_wconf 78' lang='lat' dir='ltr'>substantiae</span> 
     </span>
     <span class='ocr_line' id='line_1_83' title="bbox 2352 4334 4110 4429; baseline -0.002 -21"><span class='ocrx_word' id='word_1_398' title='bbox 2352 4336 2553 4429; x_wconf 76' lang='lat' dir='ltr'>eJus,</span> <span class='ocrx_word' id='word_1_399' title='bbox 2598 4340 2751 4410; x_wconf 89' lang='lat' dir='ltr'>etc.</span> <span class='ocrx_word' id='word_1_400' title='bbox 2816 4338 3015 4411; x_wconf 90' lang='lat' dir='ltr'>Dico</span> <span class='ocrx_word' id='word_1_401' title='bbox 3080 4337 3286 4429; x_wconf 86' lang='lat' dir='ltr'>quod</span> <span class='ocrx_word' id='word_1_402' title='bbox 3352 4334 3906 4408; x_wconf 83' lang='lat' dir='ltr'>materialiter</span> <span class='ocrx_word' id='word_1_403' title='bbox 4038 4364 4110 4416; x_wconf 71' lang='lat'>3⁴.</span> 
     </span>
     <span class='ocr_line' id='line_1_84' title="bbox 2351 4429 4182 4545; baseline 0.001 -23"><span class='ocrx_word' id='word_1_404' title='bbox 2351 4452 2591 4526; x_wconf 89' lang='lat' dir='ltr'>habet</span> <span class='ocrx_word' id='word_1_405' title='bbox 2651 4452 2822 4526; x_wconf 83' lang='lat' dir='ltr'>haec</span> <span class='ocrx_word' id='word_1_406' title='bbox 2885 4451 3341 4545; x_wconf 90' lang='lat' dir='ltr'>propositio</span> <span class='ocrx_word' id='word_1_407' title='bbox 3420 4451 3902 4532; x_wconf 87' lang='lat' dir='ltr'>salsitatem,</span> <span class='ocrx_word' id='word_1_408' title='bbox 3961 4429 4182 4544; x_wconf 54' lang='lat' dir='ltr'>“¹{fusss‘</span> 
     </span>
     <span class='ocr_line' id='line_1_85' title="bbox 2349 4567 3905 4661; baseline -0.001 -21"><span class='ocrx_word' id='word_1_409' title='bbox 2349 4572 2427 4640; x_wconf 90' lang='lat' dir='ltr'>et</span> <span class='ocrx_word' id='word_1_410' title='bbox 2492 4570 2929 4642; x_wconf 89' lang='lat' dir='ltr'>secundum</span> <span class='ocrx_word' id='word_1_411' title='bbox 2998 4589 3247 4640; x_wconf 90' lang='lat' dir='ltr'>unum</span> <span class='ocrx_word' id='word_1_412' title='bbox 3321 4567 3669 4651; x_wconf 89' lang='lat' dir='ltr'>modum,</span> <span class='ocrx_word' id='word_1_413' title='bbox 3769 4567 3905 4661; x_wconf 91' lang='lat' dir='ltr'>qui</span> 
     </span>
     <span class='ocr_line' id='line_1_86' title="bbox 2350 4685 3903 4780; baseline -0.002 -23"><span class='ocrx_word' id='word_1_414' title='bbox 2350 4685 2609 4758; x_wconf 87' lang='lat' dir='ltr'>falsus</span> <span class='ocrx_word' id='word_1_415' title='bbox 2647 4690 2800 4768; x_wconf 90' lang='lat' dir='ltr'>est,</span> <span class='ocrx_word' id='word_1_416' title='bbox 2848 4686 3251 4780; x_wconf 88' lang='lat' dir='ltr'>accipitur</span> <span class='ocrx_word' id='word_1_417' title='bbox 3321 4686 3402 4758; x_wconf 94' lang='lat' dir='ltr'>in</span> <span class='ocrx_word' id='word_1_418' title='bbox 3444 4687 3903 4779; x_wconf 87' lang='lat' dir='ltr'>preposite.</span> 
     </span>
     <span class='ocr_line' id='line_1_87' title="bbox 2355 4804 3910 4896; baseline -0.001 -20"><span class='ocrx_word' id='word_1_419' title='bbox 2355 4804 2437 4876; x_wconf 87' lang='lat' dir='ltr'>Si</span> <span class='ocrx_word' id='word_1_420' title='bbox 2517 4804 2731 4876; x_wconf 87' lang='lat' dir='ltr'>enim</span> <span class='ocrx_word' id='word_1_421' title='bbox 2776 4804 3313 4893; x_wconf 88' lang='lat' dir='ltr'>intelligatur,</span> <span class='ocrx_word' id='word_1_422' title='bbox 3362 4804 3571 4895; x_wconf 81' lang='lat' dir='ltr'>quod</span> <span class='ocrx_word' id='word_1_423' title='bbox 3623 4822 3910 4896; x_wconf 86' lang='lat' dir='ltr'>opera-</span> 
     </span>
     <span class='ocr_line' id='line_1_88' title="bbox 2357 4919 3911 5002; baseline -0.001 -10"><span class='ocrx_word' id='word_1_424' title='bbox 2357 4920 2480 4992; x_wconf 88' lang='lat' dir='ltr'>tio</span> <span class='ocrx_word' id='word_1_425' title='bbox 2565 4925 2689 4992; x_wconf 85' lang='lat' dir='ltr'>cst</span> <span class='ocrx_word' id='word_1_426' title='bbox 2770 4923 3202 4994; x_wconf 83' lang='lat' dir='ltr'>secundum</span> <span class='ocrx_word' id='word_1_427' title='bbox 3271 4921 3623 5002; x_wconf 90' lang='lat' dir='ltr'>modum,</span> <span class='ocrx_word' id='word_1_428' title='bbox 3737 4919 3911 4992; x_wconf 90' lang='lat' dir='ltr'>sub-</span> 
     </span>
     <span class='ocr_line' id='line_1_89' title="bbox 2350 5030 3913 5130; baseline -0.002 -18"><span class='ocrx_word' id='word_1_429' title='bbox 2350 5040 2702 5120; x_wconf 64' lang='lat' dir='ltr'>stantiae,</span> <span class='ocrx_word' id='word_1_430' title='bbox 2743 5041 3133 5130; x_wconf 83' lang='lat' dir='ltr'>quantum</span> <span class='ocrx_word' id='word_1_431' title='bbox 3204 5037 3298 5109; x_wconf 90' lang='lat' dir='ltr'>ad</span> <span class='ocrx_word' id='word_1_432' title='bbox 3377 5030 3913 5110; x_wconf 88' lang='lat' dir='ltr'>materialita—</span> 
     </span>
     <span class='ocr_line' id='line_1_90' title="bbox 2347 5153 3910 5235; baseline -0.002 -6"><span class='ocrx_word' id='word_1_433' title='bbox 2347 5160 2513 5229; x_wconf 91' lang='lat' dir='ltr'>tem</span> <span class='ocrx_word' id='word_1_434' title='bbox 2591 5158 2669 5227; x_wconf 88' lang='lat' dir='ltr'>et</span> <span class='ocrx_word' id='word_1_435' title='bbox 2760 5153 3580 5235; x_wconf 85' lang='lat' dir='ltr'>immaterialitatem,</span> <span class='ocrx_word' id='word_1_436' title='bbox 3693 5153 3910 5228; x_wconf 92' lang='lat' dir='ltr'>sicut</span> 
     </span>
     <span class='ocr_line' id='line_1_91' title="bbox 2348 5270 3913 5365; baseline -0.001 -21"><span class='ocrx_word' id='word_1_437' title='bbox 2348 5272 2601 5345; x_wconf 87' lang='lat' dir='ltr'>etiam</span> <span class='ocrx_word' id='word_1_438' title='bbox 2694 5271 2792 5343; x_wconf 88' lang='lat' dir='ltr'>ad</span> <span class='ocrx_word' id='word_1_439' title='bbox 2888 5270 3403 5365; x_wconf 91' lang='lat' dir='ltr'>propositum</span> <span class='ocrx_word' id='word_1_440' title='bbox 3500 5270 3913 5363; x_wconf 91' lang='lat' dir='ltr'>accipitur</span> 
     </span>
     <span class='ocr_line' id='line_1_92' title="bbox 2354 5384 3907 5482; baseline 0.001 -23"><span class='ocrx_word' id='word_1_441' title='bbox 2354 5388 2714 5482; x_wconf 87' lang='lat' dir='ltr'>proprie,</span> <span class='ocrx_word' id='word_1_442' title='bbox 2813 5390 3036 5480; x_wconf 87' lang='lat' dir='ltr'>patet</span> <span class='ocrx_word' id='word_1_443' title='bbox 3145 5387 3350 5480; x_wconf 88' lang='lat' dir='ltr'>quod</span> <span class='ocrx_word' id='word_1_444' title='bbox 3439 5384 3652 5460; x_wconf 84' lang='lat' dir='ltr'>falsa</span> <span class='ocrx_word' id='word_1_445' title='bbox 3752 5391 3907 5470; x_wconf 88' lang='lat' dir='ltr'>est,</span> 
     </span>
     <span class='ocr_line' id='line_1_93' title="bbox 2347 5502 3908 5594; baseline -0.003 -17"><span class='ocrx_word' id='word_1_446' title='bbox 2347 5507 2518 5577; x_wconf 86' lang='lat' dir='ltr'>tam</span> <span class='ocrx_word' id='word_1_447' title='bbox 2563 5504 2642 5576; x_wconf 93' lang='lat' dir='ltr'>in</span> <span class='ocrx_word' id='word_1_448' title='bbox 2677 5502 3144 5593; x_wconf 86' lang='lat' dir='ltr'>cognitione</span> <span class='ocrx_word' id='word_1_449' title='bbox 3197 5502 3590 5574; x_wconf 83' lang='lat' dir='ltr'>sensitiva</span> <span class='ocrx_word' id='word_1_450' title='bbox 3661 5525 3908 5594; x_wconf 87' lang='lat' dir='ltr'>quam</span> 
     </span>
     <span class='ocr_line' id='line_1_94' title="bbox 2354 5618 3912 5713; baseline 0.001 -19"><span class='ocrx_word' id='word_1_451' title='bbox 2354 5620 2876 5696; x_wconf 83' lang='lat' dir='ltr'>intellectiva.</span> <span class='ocrx_word' id='word_1_452' title='bbox 2926 5621 3145 5705; x_wconf 85' lang='lat' dir='ltr'>Quod</span> <span class='ocrx_word' id='word_1_453' title='bbox 3207 5619 3312 5693; x_wconf 90' lang='lat' dir='ltr'>sit</span> <span class='ocrx_word' id='word_1_454' title='bbox 3377 5618 3586 5693; x_wconf 78' lang='lat' dir='ltr'>falsa</span> <span class='ocrx_word' id='word_1_455' title='bbox 3643 5623 3912 5713; x_wconf 88' lang='lat' dir='ltr'>quoad</span> 
     </span>
    </p>
   </div>
  </div>
 </body>
</html>
