4252 6393
1652 421 2013 498 QUAESTrO
2061 423 2080 484 1

319 578 764 662 factionem,
814 603 931 654 Sic
988 579 1055 653 si
1108 602 1333 654 mare
1378 586 1703 655 maneat
1746 582 1846 653 si·

322 701 458 774 mul
499 699 834 772 divisim
877 700 1325 791 quiescens,
1373 720 1531 772 non
1575 704 1846 792 potest

324 798 723 911 putrefieri
769 821 1075 898 totum;
1116 818 1371 905 igitur
1407 817 1846 909 impeditur

324 932 567 1026 quiete
629 953 676 1004 a
719 934 1344 1026 putrefactione.
1385 937 1485 1006 Et
1528 935 1843 1025 quando

320 1048 595 1122 dicitur
675 1047 1064 1131 ulteriuS,
1140 1049 1551 1141 probando
1639 1049 1845 1141 quod

319 1168 670 1254 eonqelatio
708 1180 801 1234 est
859 1190 1058 1234 causa
1099 1170 1359 1253 quietis,
1434 1170 1593 1255 qnia
1635 1179 1849 1233 motus

321 1284 608 1370 impedit;
646 1282 950 1355 dicitur
992 1284 1199 1374 quod
1236 1286 1504 1355 motus
1547 1281 1844 1373 aliquis

325 1398 636 1491 impedit
704 1399 1386 1491 congelationem,
1453 1400 1584 1471 sed
1636 1399 1845 1472 alius

315 1513 549 1605 juvat,
586 1516 788 1588 unde
839 1517 905 1588 si
949 1517 1364 1609 partiatur
1396 1535 1605 1609 aqua
1646 1515 1846 1587 cale-

323 1629 524 1704 facta
583 1654 729 1725 per
788 1654 1062 1705 aerem
1126 1634 1537 1725 frigidum,
1604 1625 1846 1705 citius

323 1750 915 1840 congelaretur,
1000 1772 1242 1842 quam
1307 1751 1374 1823 si
1450 1753 1710 1824 staret
1772 1748 1849 1818 in

326 1865 489 1937 loco
547 1887 729 1949 uno,
787 1873 867 1942 et
938 1868 1053 1941 sie
1115 1869 1340 1960 quies
1412 1867 1551 1940 illa
1621 1885 1848 1958 aquae

323 1983 605 2056 stantis
686 2002 844 2055 non
922 1984 1181 2077 Juvat,
1284 1984 1418 2055 sed
1517 1983 1847 2075 impedit

320 2099 986 2188 congelationem,
1061 2098 1255 2172 licet
1306 2099 1468 2171 alia
1529 2100 1624 2171 ad
1696 2098 1847 2170 hoc

318 2220 832 2288 concurrant.
871 2219 972 2289 Et
1012 2216 1668 2308 quandodicitur,
1705 2242 1850 2285 cum

324 2335 585 2421 aliquod
637 2347 733 2401 cst
777 2338 1216 2424 conyelacum,
1271 2337 1568 2423 quiescit,
1655 2332 1844 2406 licet

329 2446 457 2520 hoc
526 2468 811 2521 verum
890 2449 997 2523 sit
1072 2451 1163 2521 de
1233 2449 1401 2531 ille,
1478 2450 1684 2540 quod
1759 2448 1849 2518 de

332 2563 530 2638 facto
603 2570 728 2638 est
803 2566 1349 2656 congelatum,
1425 2568 1698 2638 tamen
1770 2564 1849 2636 in

330 2682 807 2772 congelando
868 2702 1027 2753 non
1089 2681 1459 2773 quiescit,
1509 2681 1640 2753 sed
1695 2701 1851 2752 mo-

330 2801 597 2878 vetur;
693 2797 948 2889 igitur
987 2817 1146 2869 non
1217 2798 1589 2888 sequitur
1648 2796 1850 2889 quod

329 2915 768 3006 congelatio
801 2915 1223 3005 (sumendo
1264 2935 1444 2986 eam
1484 2936 1631 3007 pro
1665 2918 1850 2987 actu

333 3032 822 3123 congelandi)
875 3032 984 3106 sit
1024 3052 1271 3104 causa
1316 3033 1637 3124 quietis,
1704 3032 1854 3103 sal-

336 3153 477 3222 tem
502 3149 991 3231 immediate,
1029 3149 1219 3223 licet
1254 3148 1595 3224 mediate
1628 3149 1849 3222 bene.

411 3267 513 3339 Ad
569 3267 813 3348 aliud,
861 3267 1173 3358 quando
1223 3266 1546 3347 dicitur,
1601 3290 1856 3336 necnon

336 3386 578 3451 tertium
639 3383 1060 3470 (videlicet
1143 3381 1470 3474 servor)
1549 3386 1851 3473 impedit.

337 3499 677 3581 Probatur,
742 3503 904 3588 qnia
964 3504 1026 3566 si
1099 3503 1470 3590 conqelacio
1549 3504 1856 3590 putrefa-

337 3617 543 3684 cientis
587 3619 894 3705 impedit,
938 3629 998 3683 et
1045 3620 1142 3683 sic
1188 3620 1421 3703 servor
1459 3623 1679 3706 juvat,
1749 3616 1856 3687 di-

339 3730 530 3804 citur
600 3732 808 3824 quod
867 3732 1357 3822 congelati0‚
1431 3753 1604 3823 quae
1679 3753 1856 3824 pro-

337 3848 534 3922 venit
594 3849 693 3920 ab
767 3848 1234 3922 extrinseco
1316 3848 1687 3940 impedit;
1772 3854 1857 3922 ut

340 3963 572 4054 igitur
621 3967 901 4037 fervor
940 3965 1384 4039 exterioris
1449 3966 1858 4039 continen-

342 4080 777 4171 tisjuvaret
811 4083 906 4154 ad
948 4082 1190 4155 citius
1227 4080 1673 4153 faciendum
1723 4103 1856 4174 pu-

345 4198 912 4280 trefactionem,
999 4198 1065 4270 si
1134 4219 1294 4270 non
1360 4203 1574 4272 esset
1645 4219 1856 4271 com-

343 4311 609 4398 bustio,
667 4316 801 4388 sed
836 4315 1116 4388 fervor
1161 4315 1659 4388 naturaliter
1702 4316 1858 4387 ine-

344 4430 627 4505 xistens
703 4455 800 4505 ex
878 4432 1437 4525 complexione
1521 4434 1857 4526 propria

349 4547 558 4621 mixti
633 4549 1299 4645 putrefactibilis‚
1392 4550 1546 4622 iste
1621 4549 1857 4641 juvat

348 4668 604 4738 contra
669 4666 1382 4761 putrefactionem,
1463 4687 1600 4738 seu
1661 4688 1856 4758 prae-

348 4787 616 4857 servat.
676 4787 777 4857 Et
854 4784 1008 4856 hoe
1073 4782 1340 4854 visum
1409 4786 1534 4853 est
1599 4782 1851 4874 prius.

348 4893 712 4973 Similiter
804 4898 1105 4972 dicitur
1194 4897 1289 4969 ad
1386 4898 1852 4980 seeundum,

347 5015 528 5102 quod
591 5016 993 5098 caliditas,
1067 5020 1146 5090 et
1216 5016 1518 5098 fervor,
1592 5016 1860 5108 aperit

348 5148 565 5219 poros
621 5133 1278 5228 putrefactibilis,
1341 5139 1420 5207 et
1471 5133 1665 5206 facit
1722 5133 1859 5203 hu-

353 5245 614 5322 midum
644 5250 1049 5333 exhalari;
1094 5273 1379 5324 verum
1412 5255 1534 5325 est
1582 5252 1674 5322 de
1709 5250 1858 5322 fer-

351 5369 1039 5450 vorefxtrinseco,
1084 5390 1247 5441 non
1296 5369 1762 5441 intrinseco.

437 5481 538 5553 Ad
573 5487 906 5560 tertium
942 5490 1264 5555 consumit
1295 5488 1665 5566 humidum,
1703 5490 1852 5557 ete.

360 5593 626 5677 dicitur
694 5603 898 5693 quod
968 5622 1127 5682 non
1202 5607 1326 5682 est
1402 5603 1492 5680 ‹le
1574 5601 1856 5680 intrin-

3360 421 3481 485 235

1958 602 2169 665 seco,
2216 580 2376 655 nisi
2417 583 2850 655 seeundum
2904 599 3135 654 suam
3176 585 3508 655 natura-

1962 698 2118 769 lem
2199 700 2653 791 periodum‚
2748 699 2954 772 alias
3040 703 3500 781 conservat,

1958 820 2039 889 et
2103 820 2579 908 praeservat,
2662 836 2758 889 ne
2812 818 3179 889 exterius
3257 836 3506 907 agens

1963 939 2418 1008 consumat.

2049 1049 2163 1121 Ad
2224 1055 2609 1141 quartum
2647 1051 2739 1123 de
2791 1052 3042 1130 motu,
3081 1050 3284 1141 quod
3344 1069 3506 1121 non

1962 1166 2370 1259 impediat,
2435 1169 2621 1260 quia
2670 1172 2795 1241 est
2837 1186 3085 1241 causa
3126 1185 3503 1257 augmen·

1959 1282 2300 1358 tationis
2360 1287 2699 1369 caloris;
2757 1285 3059 1361 dicitur
3109 1285 3315 1376 quod
3372 1303 3504 1356 au-

1963 1406 2097 1491 get
2156 1402 2517 1474 calorem
2581 1403 3140 1484 intrinsecum,
3202 1400 3504 1475 extrin-

1962 1539 2234 1591 secum
2285 1539 2468 1602 non,
2533 1520 2720 1612 quia
2770 1519 3284 1594 extrinsecus
3325 1538 3507 1591 cau-

1964 1640 2091 1707 sat
2121 1640 2239 1725 (ut
2272 1636 2575 1709 dictum
2606 1640 2759 1726 est)
2792 1635 3501 1729 putrefactionem.

2051 1753 2451 1827 Similiter
2502 1755 2598 1825 ad
2653 1754 3050 1846 quintum,
3105 1766 3318 1822 motus
3363 1754 3505 1822 dis-

1959 1882 2213 1958 qrcqat,
2270 1881 2330 1937 cl
2379 1874 2623 1959 aperit,
2676 1874 2828 1944 etc.
2886 1873 3100 1960 iyitur
3129 1882 3222 1939 esc
3277 1893 3500 1952 causa,

1962 1986 2114 2056 etc.
2196 1983 2499 2057 dicitur
2567 1986 2770 2077 quod
2858 2006 3019 2057 non
3107 1984 3503 2077 sequitur,

1966 2097 2153 2190 quia
2196 2098 2266 2170 si
2307 2098 2599 2191 aperit,
2637 2104 2910 2172 tamen
2944 2118 3129 2171 cum
3162 2097 3314 2171 hoc
3348 2118 3511 2170 non

1963 2215 2407 2298 confortat,
2452 2221 2533 2290 et
2583 2217 2822 2309 juvat
2869 2217 3257 2298 calorem,
3324 2215 3513 2309 quia

1963 2333 2238 2405 unitus
2289 2354 2472 2406 eum
2514 2333 2839 2405 humido
2892 2356 3037 2428 per
3086 2338 3378 2417 totum,
3433 2336 3515 2407 et

1966 2448 2254 2522 miscet
2287 2449 2402 2521 sie
2446 2450 2651 2541 quod
2691 2469 2852 2523 non
2897 2454 3127 2525 tanta
3178 2449 3285 2525 sit
3325 2469 3515 2523 eon-

1965 2566 2324 2659 sumptio
2360 2567 2438 2639 in
2473 2587 2630 2638 una
2663 2571 2923 2660 parte,
2953 2568 3164 2640 sieut
3195 2566 3509 2650 fuisset,

1966 2682 2034 2755 si
2068 2682 2312 2755 simul
2349 2684 2785 2757 mansisset
2815 2683 3045 2756 calor
3079 2683 3159 2754 in
3191 2704 3348 2756 uno
3393 2684 3508 2755 lo-

1965 2818 2084 2880 co,
2129 2798 2298 2870 ideo
2344 2797 2707 2891 impedit;
2745 2803 2825 2871 et
2861 2802 3035 2871 tum
3068 2819 3355 2870 verum
3385 2802 3513 2873 est

1966 2915 2171 3005 quod
2223 2915 2482 3007 possit
2526 2919 2795 2988 motus
2835 2918 3004 2987 tam
3045 2915 3511 2989 excessivus

1965 3031 2171 3112 fieri,
2211 3032 2415 3123 quod
2448 3030 2619 3123 ipse
2654 3030 3010 3124 juvaret,
3050 3030 3369 3103 ratione
3403 3034 3514 3104 ta·

1965 3148 2167 3222 lium
2208 3147 2639 3230 dictorum,
2695 3148 2868 3221 ideo
2920 3147 3216 3240 aliquis
3251 3147 3509 3241 juvat,

1968 3267 2266 3358 aliquis
2310 3287 2493 3337 non.

2060 3387 2159 3457 Et
2192 3385 2285 3466 ad
2333 3383 2573 3464 aliud,
2621 3383 2933 3475 quando
2974 3382 3276 3456 dicitur
3308 3384 3515 3474 quod

1969 3503 2325 3568 mullitudo
2360 3524 2494 3569 non
2532 3503 2828 3589 impedit,
2866 3504 3026 3589 quia
3055 3506 3286 3588 juven,-
3325 3499 3512 3571 dioi-

1968 3621 2106 3692 tur
2140 3617 2346 3709 quod
2374 3638 2531 3688 non
2558 3618 2794 3708 juvat
2827 3616 3027 3709 ipsa.
3064 3617 3166 3690 Et
3198 3616 3512 3708 quando

1970 3734 2297 3814 dicitur,
2343 3736 2543 3802 blada
2584 3737 2658 3801 in
2687 3757 2927 3824 mayno
2977 3737 3238 3801 memulo
3285 3746 3511 3822 puere-

1966 3856 2185 3938 fiunt;
2224 3849 2524 3922 dicitur
2572 3849 2779 3940 quod
2821 3848 2970 3920 hoc
3013 3867 3173 3920 non
3213 3852 3338 3923 est
3387 3868 3510 3920 ra·

1971 3967 2191 4041 tione
2273 3965 2878 4056 magnitudinis,
2970 3966 3103 4036 sed
3190 3965 3511 4039 ratione

1974 4082 2138 4164 illa,
2197 4083 2404 4174 quod
2457 4082 2602 4153 sub
2642 4082 2825 4155 aliis
2875 4085 3095 4156 tecta
3145 4083 3512 4156 concavi-

1972 4196 2302 4279 tatibuS,
2347 4201 2426 4270 et
2476 4196 3134 4270 exhalationibus
3178 4198 3513 4290 repletis

1970 4333 2244 4385 aerem
2291 4312 2709 4405 putrefieri
2759 4312 3093 4396 faciunt,
3145 4317 3226 4387 et
3268 4313 3515 4389 ratio-

1971 4451 2068 4501 ne
2131 4429 2366 4503 istius
2436 4434 2718 4521 postea
2775 4434 3255 4522 putrescunt
3320 4430 3513 4503 inte-

1972 4547 2201 4619 riora
2302 4547 2565 4627 blada,
2646 4546 2773 4618 vel
2857 4545 3514 4636 fragmentorum

1972 4685 2256 4754 grana.
2297 4662 2784 4736 Reservatio
2819 4662 3037 4735 aeris
3083 4682 3244 4733 non
3283 4663 3516 4737 fieret

1975 4784 2051 4855 in
2093 4781 2772 4861 concavitatibus,
2820 4780 2887 4851 si
2941 4800 3201 4872 panca
3239 4784 3514 4853 essent

1970 4898 2202 4970 blada
2263 4897 2529 4978 simul,
2598 4896 2766 4968 ideo
2836 4915 3094 4987 pauca
3151 4916 3310 4967 non
3379 4916 3513 4989 pu-

1972 5018 2363 5096 trescunt,
2427 5019 2507 5087 et
2551 5014 2721 5086 ideo
2766 5012 3087 5106 expedit
3129 5014 3335 5105 quod
3376 5034 3513 5086 sae-

1973 5155 2068 5227 pe
2101 5136 2610 5213 moveantur,
2647 5134 2726 5203 et
2756 5130 3196 5203 volvantur
3227 5149 3510 5222 grana,

1970 5254 2049 5323 et
2080 5248 2231 5320 hoc
2264 5248 2533 5321 sciunt
2566 5247 2858 5328 coloni,
2897 5251 2977 5320 et
3009 5246 3160 5319 hoe
3205 5247 3515 5320 faciunt

1970 5389 2067 5438 ne
2121 5368 2619 5459 putrescant.
2674 5365 2774 5436 Et
2823 5363 3133 5453 quando
3185 5362 3509 5443 dicitur,

1969 5487 2229 5552 modica
2309 5487 2437 5550 cito
2508 5485 2947 5560 exsiccantur,
3042 5478 3231 5551 volo
3317 5480 3514 5555 bene

1973 5600 2177 5692 qnod
2255 5598 2576 5698 aliquod
2655 5594 3081 5682 modicum,
3155 5596 3286 5674 sed
3354 5615 3514 5675 non
