4252 6393
1709 469 2077 546 QUAES'mo
2123 473 2198 534 ΙΙΙ
3519 468 3630 534 391

282 663 287 666 ·
373 634 851 716 terminatae,
934 652 1175 726 quam
1211 632 1481 706 forma
1538 631 1911 706 determi-
2026 631 2257 716 tiam,
2350 635 2431 706 in
2497 634 2720 705 nulla
2781 654 2869 705 re
2928 633 3305 706 absoluta
3369 630 3582 705 diffe-

373 756 540 834 nat;
587 752 792 825 unde
852 750 1150 835 forma,
1227 772 1404 844 quae
1468 771 1614 844 per
1652 771 1911 823 essen·
2026 751 2343 822 rentem
2378 750 2474 822 ab
2509 751 2683 843 ipsa
2709 749 3166 824 substantia
3204 774 3218 818 ε
3265 748 3334 821 εἰ
3364 749 3580 822 enim

373 867 555 941 tiam
600 887 835 940 suam
903 873 1029 942 est
1084 871 1343 951 actus,
1416 867 1908 941 determinat
2021 866 2453 938 extendam
2513 865 2878 950 brachia,
2949 867 3076 938 vel
3121 866 3410 960 plicem
3453 887 3578 961 pe-

371 982 625 1075 primo
668 987 944 1057 actum
1015 982 1271 1064 illum,
1338 1003 1494 1075 quo
1558 981 1908 1055 materia
2016 983 2178 1064 des,
2216 982 2344 1054 vel
2387 1004 2428 1055 e
2471 982 2920 1066 contrario,
2965 983 3348 1055 variatur
3387 983 3579 1075 figu-

367 1104 475 1173 est
518 1100 598 1172 in
632 1105 847 1182 actu,
887 1102 974 1174 ut
1016 1098 1353 1174 effectus
1400 1100 1546 1172 Dei
1585 1121 1720 1171 seu
1762 1120 1907 1192 per
2022 1113 2140 1175 ra,
2198 1117 2344 1171 nec
2406 1104 2774 1175 mutatur
2831 1100 3154 1193 aliquod
3214 1100 3433 1174 reale
3494 1098 3576 1172 in

368 1237 462 1298 se,
498 1216 580 1290 vi
621 1217 895 1290 divina
930 1216 1327 1291 subsistat
1382 1237 1518 1288 scu
1578 1215 1657 1287 in
1692 1234 1905 1287 com·
2023 1213 2516 1299 substantia;
2583 1219 2789 1292 unde
2825 1218 3091 1309 figura
3159 1238 3320 1291 non
3377 1217 3571 1292 dicit

365 1333 646 1426 posito.
674 1333 998 1407 Dicitur
1029 1333 1280 1406 etiam
1319 1337 1552 1406 actus
1588 1330 1901 1425 primus
2015 1328 2175 1401 nisi
2235 1335 2556 1407 variam
2597 1335 3145 1411 habitudinem
3205 1334 3565 1428 partium

159 3567 216 3616 ⁴7.

102 3627 153 3674 ,id
171 3631 306 3691 quin-

92 3694 175 3738 tam.
206 3694 303 3744 Non

136 3763 187 3799 cst
205 3757 310 3807 dari

142 3818 274 3868 xitum

78 3884 157 3923 fletu
177 3896 302 3931 crea-

134 3948 234 3995 mm.

363 1450 720 1532 secundo,
785 1450 919 1542 qui
960 1454 1084 1524 est
1165 1450 1562 1544 operatiO,
1630 1467 1901 1521 secun-

360 1565 531 1636 dum
573 1566 782 1658 quod
821 1566 912 1639 de
956 1567 1096 1640 illo
1138 1565 1439 1659 duplici
1502 1569 1687 1639 actu
1749 1564 1900 1636 dis-

360 1682 646 1774 tinguit
720 1682 1269 1778 Philosophus
1326 1688 1393 1756 2.
1467 1686 1549 1752 de
1621 1687 1891 1763 Anima,

358 1814 501 1868 text.
535 1803 603 1872 2.
640 1814 701 1870 et
739 1803 1072 1892 deinceps,
1109 1822 1272 1874 non
1336 1801 1550 1873 enim
1621 1800 1895 1892 aliqua

357 1917 636 2000 forma,
708 1940 847 1991 seu
903 1919 1498 2002 substantialis,
1563 1939 1702 1990 seu
1770 1937 1892 1989 ac-

354 2033 788 2117 cidentalis,
878 2035 1427 2107 communicat
1522 2032 1889 2106 materiae

353 2154 612 2224 actum
648 2151 1107 2234 secundum,
1145 2150 1305 2223 nisi
1333 2152 1559 2246 prius
1596 2150 1886 2222 saltem

355 2266 618 2339 ordine
710 2272 1028 2341 naturae
1104 2268 1650 2341 communicet
1730 2265 1887 2360 pri-

352 2404 581 2466 mum,
680 2384 833 2458 hoc
930 2388 1079 2468 est,
1184 2385 1564 2478 seipsam.
1661 2382 1883 2456 Nihil

345 2500 549 2572 enim
632 2500 1043 2575 caliditate
1094 2501 1385 2582 calefit,
1460 2500 1616 2572 nisi
1676 2501 1885 2572 ealo-

350 2637 427 2690 re
476 2618 1012 2692 informatum
1084 2620 1216 2692 sit.
1322 2621 1620 2690 Forma
1680 2637 1881 2708 ergo

342 2740 456 2809 est
525 2741 754 2810 actus
834 2735 1148 2829 primus
1251 2734 1685 2806 materiam
1753 2734 1881 2805 de-

343 2843 822 2925 terminans;
870 2847 949 2917 et
983 2847 1214 2916 actus
1257 2842 1570 2936 primus
1606 2844 1879 2914 manet

339 2979 506 3034 esse
551 2981 1044 3034 conservans
1088 2959 1520 3031 seeundum
1560 2961 1878 3031 naturae

342 3077 719 3149 ordinem.
768 3076 915 3150 Sed
982 3097 1141 3148 non
1218 3079 1344 3148 est
1403 3079 1633 3148 actus
1715 3074 1878 3166 pri-

342 3214 539 3277 mus,
600 3194 735 3287 qui
803 3193 1066 3287 primo
1145 3192 1487 3268 instanti
1558 3194 1877 3266 naturae

335 3311 657 3384 debetur
727 3310 1122 3393 materiae,
1162 3311 1354 3385 talis
1395 3311 1610 3384 enim
1644 3314 1876 3383 actus

334 3431 448 3501 est
480 3429 747 3500 solum
778 3427 1109 3503 effeetus
1151 3427 1624 3501 creationis,

414 3546 536 3618 Ad
608 3547 829 3619 illam
892 3544 1505 3619 similitudinem
1540 3545 1631 3616 de
1698 3565 1870 3617 cor-

334 3680 554 3752 pore,
625 3663 831 3756 quod
889 3682 1052 3734 non
1132 3665 1400 3755 potest
1456 3661 1634 3733 fieri
1698 3661 1869 3733 sine

328 3775 609 3868 figura,
699 3780 1192 3872 respondent
1284 3777 1563 3870 aliqui,
1664 3779 1866 3870 quod

326 3900 660 3977 nonest,
725 3915 820 3968 eo
863 3896 1070 3987 quod
1101 3915 1399 3987 corpus
1461 3898 1645 3968 actu
1701 3895 1865 3967 inss-

325 4011 584 4086 nitum
695 4033 856 4085 non
958 4017 1081 4085 est
1185 4011 1581 4092 factibile3
1662 4032 1862 4103 ergo

328 4133 671 4222 oportet,
717 4129 924 4221 quod
958 4149 1192 4202 omne
1250 4149 1547 4221 corpus
1618 4130 1725 4203 sit
1772 4131 1862 4203 de

324 4245 801 4320 necessitate
841 4245 1189 4327 finitum,
1261 4249 1341 4319 et
1420 4246 1609 4337 quia
1678 4269 1860 4319 cor-

329 4383 462 4453 pus
498 4362 900 4435 infinitum
979 4365 1103 4435 est
1138 4361 1670 4454 impossibile,
1714 4364 1857 4436 im-

330 4480 701 4571 possibile
776 4483 901 4552 est
977 4478 1228 4551 etiam
1299 4500 1599 4573 corpus
1678 4502 1856 4552 esse

325 4595 619 4671 factum
654 4595 843 4689 quin
878 4596 986 4671 sit
1018 4597 1509 4686 figuratum:
1545 4617 1704 4667 non
1740 4597 1855 4669 sic

324 4716 587 4784 autem
611 4715 735 4786 est
769 4711 849 4783 in
874 4712 1222 4784 materia
1241 4715 1319 4783 ct
1344 4709 1636 4794 forma,
1668 4713 1854 4804 quia

326 4828 662 4901 materia
702 4828 943 4902 habet
1004 4849 1236 4900 suum
1280 4833 1550 4901 actum
1584 4850 1854 4901 essen-

324 4943 419 5026 di,
455 4966 616 5020 non
675 4965 721 5018 a
762 4945 1056 5027 forma,
1104 4946 1312 5019 sicut
1383 4966 1681 5038 corpus
1714 4946 1854 5018 ha-

320 5060 442 5136 bet
484 5083 713 5134 suam
746 5062 1169 5143 unitatem,
1233 5066 1313 5135 et
1347 5063 1854 5137 terminatio-

322 5195 492 5250 nem
536 5198 579 5249 a
619 5178 910 5270 figura.

404 5295 628 5379 Item,
710 5295 925 5388 perit
960 5294 1118 5369 ista
1151 5294 1625 5379 similitudo,
1669 5297 1856 5388 quia

316 5407 572 5501 figura
638 5412 718 5485 in
788 5431 1139 5504 corpore
1219 5414 1303 5484 ut
1348 5432 1622 5494 causa,
1695 5434 1857 5486 non

317 5525 500 5599 dicit
561 5528 715 5601 nisi
778 5528 1099 5601 modum
1148 5531 1568 5621 quemdam
1612 5534 1692 5604 et
1745 5551 1858 5601 re-

318 5643 695 5721 lationem
792 5648 1422 5740 consequentem
1494 5647 1859 5720 substan-

2018 1445 2234 1521 inter
2305 1471 2388 1522 se
2435 1472 2680 1525 :cum
2759 1472 2957 1544 ergo
3027 1473 3204 1524 esse
3264 1473 3564 1546 corpus

2011 1562 2228 1639 dica-t
2328 1570 2796 1642 necessario
2906 1572 3225 1663 partem
3319 1573 3560 1643 extra

2011 1684 2357 1770 partem,
2451 1681 2613 1755 imo
2676 1707 2773 1756 ex
2842 1685 2992 1758 hoc
3034 1688 3158 1759 est
3227 1707 3552 1780 corpus,

2012 1795 2385 1885 sequitur
2463 1800 2669 1889 quod
2755 1820 3055 1893 ponere
3116 1801 3322 1892 quod
3381 1820 3556 1874 cor-

2010 1929 2158 2000 pus
2220 1910 2349 1994 sit,
2397 1917 2474 1985 et
2511 1915 2716 2005 quod
2748 1936 2910 1988 non
2942 1915 3232 1990 habeat
3280 1920 3555 2010 partes

2004 2030 2408 2110 extensas,
2465 2036 2590 2106 est
2632 2053 3091 2127 proponere
3136 2035 3342 2127 quod
3383 2056 3555 2109 cor-

2004 2164 2152 2237 pus
2193 2166 2353 2218 non
2389 2149 2494 2221 sit
2559 2170 2862 2244 corpus
2912 2177 2926 2220 :
2974 2156 3053 2225 et
3107 2152 3296 2244 quia
3348 2153 3551 2245 figu-

2006 2281 2121 2344 ra,
2188 2266 2273 2335 ut
2333 2265 2522 2349 dixi,
2571 2288 2729 2339 non
2766 2272 2888 2341 est
2959 2268 3117 2342 nisi
3157 2269 3392 2343 varia
3425 2270 3554 2343 ha-

2001 2376 2273 2452 bitudo
2337 2382 2694 2475 partium
2769 2385 2985 2459 inter
3027 2407 3136 2468 se,
3177 2384 3349 2458 ideo
3401 2386 3550 2460 im-

2000 2497 2386 2588 possibile
2418 2503 2541 2572 est
2586 2502 2787 2593 quod
2819 2501 2962 2574 fiat
3031 2523 3330 2595 corpus
3371 2503 3548 2574 fini-

1999 2616 2171 2686 tum
2233 2614 2404 2687 sine
2437 2616 2726 2706 figura.
2785 2617 3184 2692 Similiter
3231 2617 3405 2693 dico
3454 2619 3546 2693 de

1998 2729 2236 2812 linea,
2323 2732 2514 2823 quin
2583 2733 2690 2808 sit
2752 2738 2977 2808 recta
3053 2736 3178 2807 vel
3264 2755 3540 2819 curva,

1994 2847 2072 2916 et
2133 2847 2224 2918 de
2278 2848 2600 2940 capillO,
2642 2851 2832 2942 quin
2893 2851 2997 2923 sit
3058 2850 3377 2945 crispus
3414 2853 3542 2925 vel

1994 2961 2250 3045 albus,
2325 2966 2456 3038 vel
2487 2967 2576 3038 de
2617 2988 2842 3050 naso,
2884 2967 3075 3060 quin
3129 2968 3233 3040 sit
3287 2967 3539 3042 simus

1992 3079 2120 3150 vel
2159 3081 2377 3152 talis.
2426 3084 2755 3156 Ostendi
2806 3090 3083 3159 autem
3123 3085 3332 3178 quod
3377 3084 3539 3157 for-

1991 3217 2122 3267 ma
2198 3199 2469 3272 activa
2537 3202 2790 3274 alium
2858 3205 3133 3276 actum
3229 3203 3535 3275 realem

1983 3314 2180 3388 dicit
2214 3317 2311 3387 ab
2343 3322 2526 3391 actu
2565 3320 2931 3393 materiae
2968 3346 2983 3403 ;
3029 3341 3253 3414 ergo,
3290 3324 3441 3395 etc.

2084 3430 2165 3503 Si
2206 3432 2449 3515 dicas,
2509 3436 2714 3526 quod
2783 3437 3186 3510 terminus
3259 3442 3529 3514 motus
3589 3455 3843 3519 objectio.

1983 3552 2296 3621 nonest
2360 3552 2679 3633 relatio,
2753 3553 2910 3625 nisi
2987 3554 3175 3645 quia
3256 3559 3526 3629 motus

1984 3665 2481 3738 terminatur
2523 3668 2617 3739 ad
2668 3668 2989 3761 aliquod
3033 3669 3521 3752 absolutum,

1983 3783 2458 3873 respondeo,
2511 3786 2717 3876 quod
2773 3786 2981 3860 sicut
3025 3786 3527 3880 impossibile

1978 3900 2100 3968 est
2166 3919 2337 3971 rem
2408 3901 2721 3973 moveri
2783 3902 2973 3994 quin
3019 3903 3098 3976 in
3167 3905 3529 3996 quolibet

1979 4011 2346 4095 instanti,
2406 4015 2474 4087 si
2525 4017 2908 4090 continue
2942 4022 3340 4103 movetur,
3379 4020 3523 4093 ali·

1976 4130 2104 4200 ter
2148 4151 2230 4200 se
2281 4128 2573 4205 habeat
2632 4133 2726 4205 ad
2787 4139 3160 4208 centrum
3231 4140 3311 4211 et
3369 4137 3527 4211 cir·

1973 4244 2627 4332 cumferentiam,
2705 4250 2908 4351 idem
2982 4272 3356 4335 manens;
3406 4254 3522 4328 ita

1971 4379 2132 4432 non
2205 4367 2542 4454 possunt
2589 4371 2866 4458 partes
2913 4368 2990 4440 in
3032 4370 3211 4443 toto
3257 4392 3520 4445 move-

1973 4475 2069 4558 ri,
2109 4484 2846 4575 quantumcumque
2908 4488 3228 4559 maneat
3263 4489 3519 4561 conti-

1968 4594 2241 4668 nuitas
2288 4596 2502 4686 inter
2535 4598 2779 4691 ipsas,
2842 4601 3031 4693 quin
3085 4602 3321 4676 varia
3379 4604 3513 4677 ha-

1967 4709 2240 4783 bitudo
2292 4716 2368 4784 et
2449 4715 2742 4789 relatio
2815 4717 3161 4802 oriatur,
3230 4739 3316 4793 rc
3386 4722 3513 4793 ab·

1969 4826 2234 4899 soluta
2307 4828 2583 4902 cadem
2667 4837 3084 4917 manente;
3130 4835 3519 4911 fundatur

1967 4945 2242 5014 autem
2280 4944 2437 5018 ista
2474 4947 2769 5022 relatio
2796 4970 3042 5042 super
3076 4950 3292 5045 ipsas
3327 4974 3515 5046 par-

1968 5061 2115 5140 tes,
2193 5061 2404 5135 sicut
2475 5084 2720 5155 super
2787 5067 3274 5151 ahsolutum,
3350 5091 3514 5143 non

1968 5181 2056 5250 ut
2101 5176 2369 5250 solum
2414 5186 2599 5255 sunt
2660 5186 2966 5275 partes,
3008 5186 3145 5258 sed
3201 5189 3288 5259 ut
3325 5192 3515 5262 sunt

1971 5292 2115 5363 sub
2185 5293 2334 5367 hoc
2425 5295 2610 5379 situ,
2674 5298 2801 5370 vel
2880 5299 3048 5372 illo.
3135 5304 3288 5374 Per
3366 5303 3516 5377 hoc

1972 5412 2194 5502 patet
2267 5412 2485 5485 ratio
2522 5415 2616 5486 ad
2698 5416 2993 5488 omnia.
