4252 6393
306 1909 554 1973 objectio.

364 2501 585 2552 Salutio.

658 428 777 492 414

654 583 1176 662 intellectiva,
1221 579 1463 652 habet
1506 577 1827 651 modum
1875 571 2191 646 essendi

652 697 1245 797 imperfectum.
1283 697 1477 780 Inest,
1518 692 1802 785 inquit,
1830 694 1893 758 ei
1914 693 2191 778 quidam

647 823 984 890 naturalis
1030 818 1364 904 appelilus
1416 835 1653 901 corpus
1699 812 2189 877 administran-

648 942 746 1020 di,
802 960 927 1027 quo
967 938 1267 1026 appetita
1303 932 1717 1009 retardatur,
1761 951 1845 995 ne
1889 941 2023 995 lota
2085 931 2187 994 in-

649 1059 937 1124 tentione
964 1065 1199 1143 pcrqat
1240 1055 1313 1119 in
1353 1050 1527 1117 illud
1563 1069 1886 1115 seminium
1929 1048 2181 1123 ciclum,

646 1174 969 1264 quamdiu
1007 1194 1142 1240 non
1179 1170 1391 1238 subest
1431 1188 1690 1255 corpu-³,
1736 1168 1925 1253 cujus
1971 1163 2187 1230 admi-

644 1293 1045 1364 nistratione
1123 1289 1457 1375 appetitus
1543 1284 1661 1348 illc
1742 1282 2183 1366 conquiescat.

647 1415 981 1488 Certum
1002 1409 1126 1479 est
1161 1407 1459 1482 autem,
1490 1399 1696 1492 quod
1734 1399 2022 1488 pergat
2046 1414 2190 1484 per

651 1528 1151 1604 intellectum
1180 1548 1195 1605 ;
1232 1540 1430 1612 ergo
1455 1520 1933 1610 inquantum
1960 1516 2187 1592 intel-

649 1646 947 1720 lectiva
977 1642 1217 1713 habet
1249 1640 1633 1709 naturam
1680 1632 2182 1713 inhaerentis,

652 1783 796 1857 per
834 1775 1333 1849 consequens
1376 1751 1688 1825 formae.

741 1879 823 1955 Si
885 1878 1130 1954 dicas,
1204 1871 1411 1964 quod
1479 1868 1692 1941 oculi
1750 1870 1830 1940 et
1901 1886 2189 1938 manus

649 1999 838 2072 sunt
874 1995 1149 2085 partes
1174 1983 1912 2060 consubstantiales
1938 1981 2190 2053 homi-

646 2115 772 2187 nis
832 2115 912 2184 et
969 2111 1286 2181 naturae
1327 2122 1506 2175 esse
1549 2102 1627 2172 in
1669 2119 2044 2191 corpore,
2076 2102 2190 2171 ta·

652 2251 833 2305 men
860 2227 1262 2320 separatae
1294 2242 1453 2292 non
1485 2218 1851 2291 existunt
1886 2216 2187 2308 perfec-

648 2353 752 2430 te,
826 2365 969 2417 nec
1030 2340 1325 2412 habent
1388 2335 1905 2428 operationes
1968 2354 2185 2404 suas.

651 2465 909 2543 Patet,
1001 2457 1209 2549 quod
1295 2454 1607 2526 nullum
1676 2455 1801 2524 est
1879 2450 2183 2533 simile;

649 2580 943 2673 primo,
1014 2575 1203 2668 quia
1273 2571 1552 2644 oculus
1632 2571 2062 2660 separatus
2143 2586 2190 2637 a

647 2706 999 2780 corpore
1054 2683 1433 2777 privatur
1475 2678 1765 2757 forma,
1823 2695 1997 2767 quae
2054 2675 2188 2744 (la-

644 2805 781 2877 bat
831 2802 904 2874 ei
963 2820 1141 2873 esse
1198 2801 1278 2870 et
1330 2793 1683 2888 operari,
1729 2792 2001 2864 anima
2060 2810 2193 2860 au-

644 2925 810 2995 tem
862 2918 1246 3010 separata
1300 2912 1661 2984 eamdem
1714 2909 1903 2991 vim,
1971 2908 2189 2980 scili-

639 3040 770 3110 cet
837 3030 1446 3110 intellectivam,
1504 3026 1652 3098 sibi
1725 3025 1960 3097 habet
2022 3024 2190 3096 uni-

637 3158 834 3235 tam,
883 3150 1072 3244 quia
1120 3147 1358 3221 habet
1404 3163 1638 3217 omne
1694 3143 1913 3225 illud,
1980 3141 2190 3233 quod

1819 415 1919 477 DE
1962 411 2226 476 RERUM
2271 411 2656 475 PRINClPlO

2300 577 2549 652 omnia,
2598 585 2657 640 et
2705 595 2904 640 caasa
2951 574 3437 641 indissolubilis
3482 575 3835 647 concorda-

2304 692 2507 756 tionis
2554 701 2613 756 oc
2669 691 3125 758 ordinationis
3175 694 3500 773 omnium,
3547 695 3839 778 finesque

2297 812 2675 895 primorum
2722 813 3066 898 conjunqit
3121 812 3490 898 principiis
3523 810 3837 876 secando·

2303 946 2475 1006 rum,
2520 937 2584 992 ct
2639 947 2846 992 unam
2908 928 3435 1013 conspirativam
3473 941 3534 991 et
3571 927 3836 992 harmo-

2301 1044 2524 1108 nicam
2597 1046 3066 1110 universitatis
3127 1043 3659 1133 pulcherrimam
3745 1044 3840 1126 ef·

2298 1161 2463 1243 sicit.
2519 1161 2852 1232 Certum
2920 1161 3043 1230 est
3114 1163 3390 1233 autem
3457 1158 3663 1250 quod
3730 1179 3841 1229 se-

2301 1274 2642 1346 cundum
2686 1275 2892 1366 quod
2929 1278 3204 1365 partes
3238 1275 3602 1348 universi
3656 1275 3840 1346 sunt

2303 1390 2863 1480 perfectiores,
2903 1390 3475 1483 principaliter
3526 1390 3841 1463 univer-

2303 1526 2478 1576 sum
2551 1507 3105 1597 integranteS,
3186 1507 3622 1578 secundum
3692 1506 3842 1579 hoc

2304 1623 2672 1695 intimius
2698 1628 2777 1696 et
2806 1622 3270 1714 perfectiuS,
3302 1623 3529 1695 salva
3569 1628 3842 1696 tamen

2300 1760 2588 1813 corum
2630 1739 3111 1814 actualitate
3163 1745 3243 1813 et
3284 1740 3853 1825 distintione,

2298 1857 2822 1946 colligantur.
2853 1857 3080 1930 Nunc
3115 1861 3412 1939 autem,
3458 1877 3637 1929 eum
3673 1857 3840 1930 ani-

2300 1994 2429 2046 ma
2465 1973 2966 2047 intellectiva
3011 1974 3114 2047 sit
3161 1975 3436 2046 infima
3497 1974 3574 2045 in
3611 1994 3842 2066 gene-

2300 2112 2386 2162 re
2413 2090 3062 2164 substantiarum
3093 2091 3678 2183 spiritualium,
3719 2111 3844 2162 ne·

2298 2229 2521 2278 cesse
2553 2210 2674 2279 cst
2719 2211 2806 2281 ut
2852 2207 3029 2298 ipsa
3090 2206 3568 2299 inquantum
3607 2206 3846 2281 intel-

2300 2324 2849 2414 lectiva,liget
2903 2329 3164 2397 totam
3236 2325 3675 2397 materiam
3737 2325 3846 2398 in-

2298 2441 2990 2533 corruptibilium,
3046 2445 3125 2513 et
3175 2441 3844 2534 corruptibilium

2297 2560 2615 2628 naturai
2656 2556 3225 2649 spiritualium
3270 2583 3285 2627 :
3333 2555 3506 2629 haec
3560 2560 3841 2630 autem

2300 2674 2765 2766 conjunctio
2870 2695 3028 2747 non
3129 2676 3216 2748 fit
3331 2674 3426 2746 in·
3497 2670 3851 2769 corpore

2302 2791 2931 2885 incorruptibili,
3013 2792 3183 2864 sive
3242 2793 3576 2874 coelesti,
3661 2795 3853 2886 quia

2302 2908 2395 2980 ad
2460 2929 2815 3000 praesens
2891 2930 3258 3002 suppono
3340 2930 3523 2983 cum
3604 2913 3852 2984 Sanc-

2303 3023 2462 3103 tis,
2543 3044 2638 3094 ea
2719 3044 2881 3095 non
2976 3044 3198 3094 esse·
3239 3022 3654 3105 animata;
3759 3027 3848 3100 fit

2302 3157 2500 3229 ergo
2619 3138 2697 3210 in
2827 3159 3177 3232 corpore
3279 3141 3839 3233 corruptibili.

2302 3260 2501 3331 Cum
2537 3258 2818 3349 igitur,
2866 3266 2952 3334 ut
2996 3264 3371 3354 superius
3426 3268 3850 3338 ostensum
3937 3279 4119 3333 coeium

2301 3379 2449 3455 est,
2526 3376 2792 3467 maior
2830 3382 2928 3450 -et
2980 3378 3424 3470 perfectior
3492 3379 3598 3451 sit
3652 3382 3853 3452 unio
3937 3351 4124 3455 22⁷3„fo

2300 3496 2379 3564 et
2430 3492 2989 3581 ligamentum,
3080 3516 3238 3587 quo
3317 3517 3448 3569 res
3535 3497 3860 3587 ligatur
3972 3478 4092 3518 ‘'w'‘

635 3275 814 3366 ipsa
854 3270 1198 3342 habebat
1245 3267 1319 3337 in
1366 3283 1742 3355 corpore.
1807 3260 2188 3332 Videmus

636 3390 888 3464 etiam
939 3384 1145 3478 quod
1205 3401 1398 3475 pars
1450 3380 1660 3470 ignis
1714 3380 2096 3469 separata
2139 3393 2186 3446 a

640 3510 843 3586 toto,
892 3504 1081 3596 quia
1129 3500 1367 3572 habet
1410 3497 1762 3568 formam
1827 3494 1979 3565 sibi
2025 3492 2190 3563 uni-

415 3904 500 3955 Η.

638 3625 838 3702 tam,
921 3623 1000 3691 et
1079 3636 1272 3687 vere
1302 3618 1428 3687 est
1463 3611 1697 3703 ignis,
1736 3614 1815 3682 et
1846 3629 2037 3680 vere
2082 3608 2190 3679 fa-

646 3738 760 3810 cit
805 3734 1371 3828 operationem
1415 3728 1651 3821 ignis

743 3856 972 3933 Item,
1049 3849 1386 3920 mundus
1464 3848 1541 3916 et
1640 3847 1918 3935 partes
2015 3841 2190 3932 ejus

649 3970 1037 4064 appetunt
1106 3962 1603 4038 naturaliter
1663 3960 2056 4031 unitatem
2112 3959 2192 4028 et

647 4088 1228 4178 ligamentum,
1338 4080 1564 4151 salva
1672 4074 2192 4149 distinctione

648 4203 1038 4298 partium,
1123 4198 1424 4289 quanto
1500 4193 1899 4287 majorem
2006 4211 2192 4282 pos-

651 4323 862 4403 sunt,
956 4317 1165 4388 sicut
1258 4312 1622 4385 membra
1702 4307 2055 4379 hominis
2112 4306 2191 4376 et

654 4436 862 4511 rami
906 4431 1231 4505 arboris
1300 4430 1608 4501 virtute
1677 4428 1993 4497 naturae
2034 4422 2193 4494 col-

649 4554 1043 4645 ligantur,
1108 4551 1409 4640 quanto
1478 4546 1777 4616 natura
1821 4541 1998 4633 plus
2061 4559 2192 4631 po-

649 4673 809 4743 test
887 4666 1301 4755 colligere,
1375 4662 1601 4734 salva
1670 4654 2194 4730 distinctione

650 4786 1207 4860 membrorum
1263 4783 1343 4852 et
1407 4795 1823 4850 ramorum
1870 4798 1883 4841 :
1930 4772 2018 4845 fit
2060 4790 2196 4841 au-

646 4906 814 4976 tem
883 4899 1077 4973 illud
1148 4895 1681 4988 ligamentum
1762 4887 2195 4961 secundum

650 5017 949 5110 gradus
1030 5012 1617 5089 essentiarum,
1716 5004 2196 5095 inquantum

650 5152 969 5209 summa
1048 5129 1517 5203 infimorum
1586 5121 2199 5214 conjunguntur

649 5271 830 5327 cum
892 5246 1192 5321 infimis
1250 5258 1852 5334 supremorum,
1919 5254 2196 5308 secun-

649 5373 837 5444 dum
878 5363 1369 5455 Dionysium
1413 5379 1584 5450 cap.
1628 5358 1694 5429 7.
1760 5356 1851 5427 de
1902 5351 2197 5424 divinis

647 5484 1112 5560 nominibus
1178 5506 1193 5550 :
1257 5480 1583 5556 Scientia,
1680 5471 1975 5565 inquit,
2074 5471 2199 5536 Dei

647 5606 945 5673 omnium
973 5612 1065 5669 est
1096 5601 1375 5686 factiva,
1410 5606 1468 5661 et
1498 5615 1755 5681 semper
1782 5588 2194 5659 concordans

2303 3629 2485 3680 cnm
2547 3608 2734 3690 alia,
2783 3613 2868 3682 ut
2953 3610 3221 3683 fornia
3285 3615 3367 3684 et
3421 3632 3612 3704 pars
3676 3613 3858 3685 sub-

2303 3725 2742 3809 stantialiS,
2804 3746 3044 3818 quam
3139 3729 3404 3800 solum
3482 3734 3571 3802 ut
3658 3749 3860 3823 pars

2306 3842 2897 3924 substantialis,
2981 3848 3066 3916 ut
3166 3866 3415 3937 supra
3508 3845 3858 3919 ostendi.

2305 3958 2472 4027 Nos
2522 3962 2794 4030 autem
2842 3959 3231 4040 videmus,
3280 3960 3484 4051 quod
3530 3959 3610 4032 in
3663 3961 3861 4032 aliis

2306 4072 2689 4163 gradibus
2751 4075 3059 4146 entium
3127 4076 3293 4148 tale
3379 4080 3457 4148 et
3531 4080 3861 4150 tantum

2304 4192 2429 4261 est
2476 4188 3032 4278 ligamentum,
3073 4193 3277 4284 quod
3313 4192 3681 4265 infimum
3734 4213 3863 4264 su-

2307 4324 2589 4397 premo
2635 4306 2940 4388 unitur,
3004 4328 3165 4379 non
3208 4309 3471 4381 solum
3527 4313 3611 4382 ut
3659 4311 3861 4384 talis

2309 4441 2527 4513 pars,
2595 4423 2727 4494 sed
2789 4427 2876 4496 ut
2945 4422 3213 4496 forma
3283 4446 3671 4517 supremo
3741 4428 3864 4500 in·

2307 4538 2517 4619 [imi;
2610 4538 2724 4611 sic
2810 4541 3026 4612 enim
3119 4542 3678 4633 vegetativum
3774 4549 3865 4616 ut

2306 4655 2576 4727 forma
2618 4658 3146 4749 conjungitur
3197 4658 3482 4742 mixto,
3544 4666 3624 4733 et
3692 4683 3871 4734 sen-

2309 4772 2642 4844 sitivum
2720 4776 3229 4863 vegetativo;
3321 4795 3521 4867 ergo
3593 4778 3865 4853 multo

2309 4890 2608 4963 fortius
2669 4890 3257 4965 intellectivum
3328 4894 3610 4968 unitur
3684 4916 3872 4969 sen-

2311 5005 2555 5078 sitivo
2601 5012 2688 5081 ut
2747 5006 3041 5091 forma,
3115 5010 3247 5081 sed
3317 5009 3467 5083 hoc
3535 5032 3703 5084 non
3775 5014 3870 5087 fit

2311 5122 2389 5193 in
2432 5122 2706 5194 anima
2747 5126 3130 5216 separata
3186 5149 3200 5193 :
3256 5128 3442 5199 sunt
3481 5128 3705 5201 enirn
3777 5134 3869 5202 ut

2307 5238 2502 5311 dicit
2547 5241 2870 5331 positio,
2909 5245 3079 5315 tres
3114 5245 3430 5315 naturae
3464 5244 3869 5321 formales

2312 5354 2547 5426 unius
2593 5357 2997 5448 suppositi
3041 5378 3087 5428 a
3131 5378 3215 5429 se
3278 5359 3357 5431 in
3401 5380 3559 5432 una
3614 5363 3870 5455 spiri-

2310 5470 2516 5543 tuali
2564 5474 2961 5554 materia;
3009 5493 3208 5565 ergo
3263 5475 3868 5553 intellectivum

2307 5589 2466 5663 erit
2519 5589 2788 5662 forma
2850 5589 3106 5662 totius
3159 5595 3503 5675 naturae,
3552 5596 3640 5666 ut
3690 5618 3870 5669 sen·
