4252 6393
384 577 477 629 An
507 581 648 631 Deus

351 647 521 704 pouit
549 659 639 693 oo-

381 719 633 779 qnosoere

383 769 631 831 tufinitas

355 831 552 892 species
573 845 674 879 nu·

355 905 647 942 ’nerorunh
710 924 722 936 .

447 5160 530 5214 ⁴5.

735 406 854 474 532

797 573 1294 667 Respondeo‚
1342 575 1549 665 quod
1607 595 1704 646 ex
1779 577 2010 666 parte
2069 594 2253 664 cog-

705 691 1042 764 nitionis
1075 690 1219 764 Dei
1264 711 1422 762 non
1466 694 1916 782 sequuntur
1951 690 2090 762 illa
2146 691 2254 762 in-

707 808 1295 890 convenientia,
1336 828 1509 899 quae
1563 812 2125 899 sequerentur,
2186 807 2251 878 si

706 925 1019 998 infinita
1059 929 1240 997 actu
1289 928 1808 1017 ponerentur,
1876 924 2078 1017 quod
2114 924 2255 996 ali-

708 1041 842 1135 qui
885 1043 1000 1114 sic
1049 1041 1517 1116 declarant:
1583 1042 1906 1114 numeri
1950 1042 2047 1113 ab
2087 1042 2254 1112 uni·

710 1167 880 1236 tate
940 1183 1100 1234 non
1141 1163 1757 1254 distinguuntur
1818 1161 2254 1234 seeundum

706 1281 1084 1373 speciem,
1178 1301 1322 1353 nec
1425 1279 2078 1354 determinantur
2175 1278 2252 1349 in

706 1398 970 1489 specie
1033 1418 1176 1490 per
1221 1397 1439 1489 ipsas
1479 1397 1857 1477 unitatcS‚
1933 1399 2020 1469 ut
2065 1400 2252 1469 sunt

702 1512 1108 1587 unitates:
1205 1517 1597 1605 quantum
1657 1513 1871 1584 enim
1959 1517 2082 1586 est
2153 1534 2249 1582 ex

704 1634 935 1723 parte
1013 1630 1444 1711 unitatum,
1492 1633 1579 1702 ut
1634 1632 1820 1701 sunt
1863 1628 2245 1711 unitateS,

699 1769 858 1821 non
892 1747 1128 1821 habet
1170 1767 1584 1828 numeruS‚
1623 1746 1828 1839 quod
1864 1747 1970 1821 sit
2013 1767 2245 1827 unus,

696 1864 823 1938 vel
864 1864 1422 1938 determinatae
1484 1862 1807 1956 speciei,
1844 1868 1925 1937 et
1983 1862 2249 1935 defini-

697 1987 801 2054 tae,
845 1981 1144 2078 speciei
1178 1981 1275 2054 ab
1311 1980 1529 2054 omni
1572 1980 1772 2062 alio;
1815 1981 1945 2052 sel
1981 1980 2247 2052 solum

701 2100 798 2171 ab
839 2098 1313 2180 unitatibus,
1351 2103 1441 2171 ut
1474 2102 1658 2171 sunt
1705 2098 1977 2179 unitae,
2008 2096 2246 2171 habet

701 2219 907 2310 quod
959 2219 1066 2289 sit
1125 2236 1367 2288 unum
1420 2215 2010 2305 aggregatione
2081 2215 2247 2306 plu·

701 2332 939 2405 rium.
977 2333 1121 2404 Sed
1179 2331 1387 2405 sicut
1446 2335 1756 2405 tactum
1800 2334 1923 2403 est
1987 2330 2061 2401 in
2125 2351 2245 2402 so·

696 2449 1013 2524 lutione
1062 2447 1550 2527 dubitabilis,
1599 2446 1930 2537 quilibet
1976 2468 2244 2517 nume-

701 2589 841 2638 rus
885 2565 1124 2637 habet
1168 2563 1564 2637 unitatem
1598 2564 2130 2646 numeralem,
2171 2563 2245 2635 id

695 2686 846 2764 est,
893 2682 1100 2775 quod
1170 2680 1276 2754 sit
1317 2700 1560 2760 unus;
1623 2683 1699 2751 et
1773 2679 1976 2752 idem
2035 2701 2242 2750 unus

698 2820 1086 2873 numerus
1127 2818 1469 2870 numero
1512 2796 1609 2868 ab
1649 2796 1961 2869 unitate
2004 2796 2240 2869 unius

700 2915 1047 2990 rationis
1090 2913 1629 2994 indivisibilis,
1691 2913 1836 2984 sub
1869 2933 2022 3005 qua
2064 2914 2241 3006 ejus

696 3033 1078 3115 unitateS,
1117 3052 1290 3123 quae
1328 3035 1513 3104 sunt
1549 3035 1825 3123 partes
1877 3031 2052 3122 ejus
2103 3051 2240 3100 nu-

696 3151 1068 3233 meraleS,
1115 3153 1192 3224 et
1226 3150 1477 3225 etiam
1510 3147 1855 3231 numeri,
1887 3146 2020 3240 qui
2052 3151 2239 3222 sunt

691 3273 971 3361 partes
1047 3267 1223 3360 ejus
1294 3266 1790 3348 materialeS,
1865 3265 2239 3337 claudun·

690 3388 854 3466 tur,
901 3388 977 3458 et
1015 3385 1412 3457 uniuntur
1454 3412 1466 3454 :
1516 3388 1595 3458 et
1649 3384 1786 3456 illa
1853 3386 1977 3456 est
2020 3383 2238 3456 ratio

688 3503 976 3574 formae
1012 3500 1432 3593 specificae,
1481 3499 1560 3571 in
1593 3519 1746 3589 qua
1783 3502 1949 3570 tam
1982 3497 2238 3571 unita-

690 3620 839 3699 tes,
879 3637 1120 3708 quam
1154 3614 1502 3696 numeri,
1551 3614 1684 3706 qui
1730 3619 1914 3686 sunt
1959 3619 2236 3706 partes

689 3732 865 3826 ejus
913 3733 1381 3821 integrales,
1458 3730 1900 3803 uniuntur:
1967 3735 2053 3804 ut
2115 3731 2236 3801 de-

688 3869 861 3921 cem
904 3848 1296 3930 homineS,
1337 3847 1464 3919 vel
1510 3868 1675 3928 sex,
1739 3852 1817 3920 et
1880 3851 2237 3938 quatuor

689 3965 1085 4047 homines,
1136 3965 1269 4056 qui
1321 3969 1509 4039 sunt
1568 3967 1846 4056 partes
1890 3964 2230 4047 denarii,

688 4081 1081 4155 uniuntur
1125 4082 1203 4152 in
1267 4103 1425 4154 una
1485 4082 1754 4153 forma
1832 4080 2229 4173 specifica,

691 4220 862 4290 quae
927 4199 1359 4271 secundum
1405 4198 1753 4290 speciem
1789 4200 1911 4268 est
1955 4197 2233 4269 indivi-

687 4314 973 4387 sibilis.
1023 4314 1244 4396 Quod
1313 4316 1585 4385 autem
1663 4333 2052 4384 numerus
2126 4311 2231 4383 sit

681 4430 1240 4504 determinatae
1365 4430 1696 4523 speciei,
1800 4429 2231 4502 seeundum

684 4547 889 4639 quod
936 4547 1044 4620 sit
1104 4545 1451 4620 alterius
1511 4545 1809 4638 speciei
1880 4546 1978 4615 ab
2037 4545 2227 4628 alio,

682 4662 833 4736 hoc
894 4662 1129 4737 habet
1192 4682 1336 4755 per
1384 4662 2007 4734 determinatam
2075 4661 2233 4733 dis-

682 4780 1031 4854 tantiam
1111 4778 1419 4853 ultimae
1497 4778 1838 4851 unitatis
1900 4779 1991 4848 ad
2074 4777 2232 4870 pri-

683 4916 924 4978 mam,
990 4917 1036 4967 a
1096 4915 1253 4987 qua
1322 4915 1599 4967 omnes
1670 4893 2024 4967 unitates
2087 4914 2273 4986 per.

684 5012 860 5104 ejus
903 5011 1381 5085 divisionem
1454 5009 1994 5103 accipiuntur.

773 5133 872 5204 Et
915 5128 1066 5203 hoc
1124 5129 1428 5202 dicitur
1486 5129 1576 5200 de
1646 5147 1985 5199 numero
2029 5126 2229 5198 acci-

678 5245 1004 5328 dentali,
1068 5244 1202 5337 qui
1260 5244 1593 5337 proprie
1643 5245 1768 5316 est
1812 5262 2225 5325 numeruS,

681 5367 1022 5455 propter
1071 5364 1273 5456 quod
1344 5359 1718 5453 quaelibet
1769 5358 2036 5431 unitas
2097 5379 2230 5451 ap-

681 5481 948 5575 posita
1025 5499 1367 5549 numero
1461 5476 1733 5548 variat
1830 5475 2222 5566 speciem:

683 5598 869 5692 quia
941 5616 1082 5691 per
1149 5593 1783 5687 appositionem,
1855 5591 1980 5662 vel
2052 5592 2229 5663 sub-

1892 410 1992 472 DE
2037 409 2302 475 RERUM
2348 410 2738 476 PmNcwlo

2366 573 2858 646 tractionem
2884 574 3315 666 cujuslibet
3348 575 3688 650 unitatis
3721 597 3899 650 sem-

2370 707 2514 778 per
2558 690 2645 762 fit
2689 695 2940 772 certa,
3020 695 3096 763 et
3157 713 3368 764 nova
3426 691 3811 766 distantia
3861 713 3900 764 a

2372 805 2639 897 prima
2676 808 2985 882 unitate
3031 838 3043 880 ε
3107 816 3187 885 et
3249 813 3682 885 secundum
3736 837 3899 886 con-

2368 922 2718 996 formem
2821 928 2897 998 et
3004 928 3425 1019 aequalem,
3525 931 3650 1002 vel
3731 933 3900 1005 inae-

2370 1038 2688 1129 qualem
2714 1042 3189 1117 distantiam
3210 1045 3519 1119 ultimae
3574 1048 3900 1122 unitatis

2368 1175 2413 1226 a
2486 1157 2775 1248 prima,
2848 1162 3168 1233 numeri
3237 1165 3649 1237 numerati
3731 1172 3901 1241 sunt

2366 1272 2747 1364 ejusdem,
2793 1277 2919 1348 vel
2978 1279 3319 1352 diversae
3399 1281 3723 1372 speciei.
3796 1286 3901 1354 Ex

2369 1389 2515 1463 hoc
2570 1392 3082 1476 concludunt,
3130 1398 3334 1487 quod
3380 1397 3445 1467 si
3509 1402 3902 1490 ponantur

2368 1507 2701 1581 infinita>
2756 1511 3110 1584 unitates
3146 1516 3360 1594 actu,
3405 1514 3531 1586 vel
3579 1515 3900 1588 infinitae

2368 1624 2675 1715 species
2773 1647 3332 1711 numerorum,
3443 1630 3631 1721 quia
3722 1634 3901 1703 tune

2365 1762 2523 1813 non
2608 1745 2731 1814 est
2829 1746 3200 1838 accipere
3299 1746 3672 1821 ultimam
3747 1750 3902 1820 uni·

2365 1861 2653 1941 tatem,
2755 1881 2929 1951 quae
3034 1867 3348 1937 certam
3434 1863 3900 1936 distantiam

2362 1974 2575 2049 dieat
2636 1995 2682 2046 a
2752 1978 3082 2069 prima:
3160 1979 3334 2051 ideo
3403 2001 3498 2050 ex
3583 1978 3904 2054 unitati·

2363 2090 2506 2162 bus
2576 2091 2939 2176 infinitis,
3024 2096 3147 2167 vel
3209 2118 3307 2168 ex
3384 2098 3753 2170 numeris
3799 2099 3902 2170 in-

2360 2206 2612 2279 finitis
2687 2228 2847 2280 non
2906 2211 3555 2284 constitueretur
3611 2213 3903 2306 aliquis

2359 2342 2745 2397 numerus
2803 2325 3274 2401 formaliter
3316 2350 3545 2411 unus,
3611 2352 3753 2402 seu
3799 2351 3903 2402 se·

2358 2441 2701 2513 cundum
2746 2443 3097 2535 speciem
3144 2466 3388 2526 unus;
3437 2451 3524 2520 ut
3567 2467 3902 2537 cognos-

2359 2558 2602 2629 cendo
2650 2558 2874 2632 illum
2936 2583 3364 2635 numerum
3408 2585 3504 2635 cx
3569 2564 3903 2637 infinitis

2357 2676 2905 2768 compositum
2943 2700 3087 2771 per
3129 2701 3357 2752 suam
3413 2701 3655 2753 unam
3740 2703 3901 2775 spe-

2356 2790 2585 2876 ciem,
2651 2794 2911 2885 possit
2985 2796 3139 2868 dici
3193 2798 3396 2889 quod
3466 2819 3610 2891 per
3680 2797 3899 2871 illam

2355 2916 2965 2998 cognoscuntur
3032 2913 3351 2986 numeri
3426 2915 3750 2998 infiniti,
3811 2936 3902 2987 ex

2356 3024 2641 3114 quibus
2695 3029 3100 3102 sumitur:
3140 3028 3301 3101 imo
3340 3030 3416 3101 in
3454 3031 3593 3103 illo
3629 3052 3906 3104 nume-

2359 3163 2449 3214 ro
2497 3142 2807 3217 infinito
2849 3147 3014 3238 (qui
3061 3147 3325 3221 solum
3357 3151 3480 3222 est
3513 3170 3905 3223 numerus

2355 3261 2786 3332 seeundum
2832 3264 3295 3346 materiam,
3338 3268 3419 3337 et
3476 3286 3684 3337 unus
3738 3271 3903 3340 tan-

2351 3378 2524 3447 tum
2559 3380 3148 3469 aggregatione
3184 3383 3617 3454 secundum
3673 3405 3902 3456 suam

2354 3491 2832 3567 infinitatem
2935 3498 3481 3581 materialem,
3567 3500 3904 3592 inqua-n-

2352 3614 2522 3683 tum
2559 3610 2679 3682 illi
2712 3613 3029 3685 numeri
3070 3614 3533 3696 infiniti‚vel
3571 3616 3903 3690 infinita*

2352 3726 2706 3801 unita-tes
2767 3733 2952 3801 sunt
2999 3732 3347 3804 materia
3422 3734 3628 3826 ejus)
3680 3734 3905 3806 nulla

2348 3848 2473 3917 est
2518 3846 2730 3917 ratio
2794 3847 3136 3922 unitatis
3199 3850 3520 3943 speciei,
3590 3854 3725 3925 vel
3769 3873 3904 3922 nu·

2352 3961 2554 4033 meri
2599 3962 3085 4056 simpliciter
3129 3993 3141 4035 ε
3182 3967 3370 4059 quia
3442 3967 3580 4039 illa
3646 3969 3905 4041 infini—

2349 4081 2476 4150 tas
2530 4094 3087 4162 numerorum,
3127 4083 3250 4154 vel
3296 4083 3707 4158 unitatum
3744 4105 3906 4157 ma·

2346 4194 2788 4278 terialium,
2853 4196 2948 4268 ad
2992 4199 3300 4270 nullam
3369 4206 3688 4276 certam
3745 4203 3906 4275 sor-

2350 4330 2563 4382 mam
2645 4314 3103 4405 specificam
3177 4315 3615 4401 reducitur,
3717 4318 3907 4411 quia

2345 4429 2478 4515 (ut
2541 4428 2744 4517 dixi)
2803 4429 3072 4502 forma
3143 4432 3519 4524 specifica
3570 4436 3904 4507 numeri

2346 4563 2441 4613 ex
2486 4549 2711 4616 certa
2749 4544 3138 4619 distantia
3198 4548 3508 4623 ultimae
3552 4552 3904 4625 unitatis

2348 4661 2664 4751 surgit:
2718 4661 2792 4734 in
2839 4662 3175 4736 infinitis
3227 4668 3497 4737 autem
3565 4687 3735 4739 non
3779 4671 3904 4739 est

2346 4775 2633 4848 ultima
2721 4777 3014 4860 unitas,
3109 4780 3278 4852 ideo
3363 4781 3585 4853 nulla
3666 4788 3907 4856 certa

2347 4892 2729 4966 scientia:
2776 4894 2946 4967 idco
2988 4898 3199 4969 Deus
3241 4897 3397 4970 etsi
3446 4904 3905 4989 cognoseat

2347 5010 2704 5085 infinitos
2773 5033 3184 5097 numerOS,
3274 5014 3442 5088 sive
3532 5016 3905 5091 infinitas

2348 5129 2655 5220 species
2732 5150 3292 5213 numerorum,
3382 5152 3542 5204 non
3619 5136 3907 5207 tamen

2345 5245 2764 5333 cognoscit
2801 5246 3240 5327 inlinitunu
3281 5247 3467 5340 quia
3533 5247 3905 5322 infinitas

2342 5380 2501 5432 non
2571 5364 2694 5432 est
2754 5382 3140 5434 numerus
3203 5363 3635 5436 secundum
3728 5387 3906 5458 spe-

2344 5502 2371 5547 (
2394 5476 2575 5559 iem,
2604 5478 2719 5565 (ut
2752 5477 2943 5568 dixi)
2974 5479 3132 5551 imo
3165 5478 3678 5552 exdivisione
3716 5502 3904 5555 con·

2343 5592 2548 5666 tinui
2584 5592 2850 5685 surgit
2886 5582 3199 5668 infinita
3257 5594 3564 5687 species
3615 5616 3903 5670 nume·
