4252 6393
1681 411 2042 488 QUAEs'l‘lo
2095 406 2165 474 vl

355 573 771 656 velociter,
873 577 953 648 et
1056 572 1552 666 impetuose,
1667 570 1870 664 quod

355 696 593 765 motus
630 692 964 764 illorum
1007 690 1476 783 spirituum,
1524 709 1685 760 non
1739 708 1869 780 po-

356 813 490 882 test
574 809 961 900 reprimi,
1066 812 1145 880 et
1243 807 1310 878 si
1398 805 1871 899 quandoque

356 924 838 1018 reprimitur,
911 922 1062 997 hoc
1134 928 1407 997 tamen
1475 926 1599 994 est
1686 941 1869 992 cum

356 1060 619 1131 magna
710 1040 1240 1120 difficultate;
1343 1039 1553 1112 sicut
1650 1039 1871 1129 patet

354 1158 419 1230 in
462 1156 1009 1231 animantibus
1062 1154 1555 1249 patientibus
1607 1153 1871 1225 febres

353 1278 638 1354 acutas,
694 1278 776 1347 et
827 1274 908 1345 in
962 1272 1513 1345 animantibus
1560 1268 1871 1360 infrigi-

354 1387 560 1467 datis,
608 1407 784 1478 quae
836 1406 884 1457 a
934 1386 1304 1479 partibus
1350 1383 1873 1458 inferioribus

358 1501 761 1596 patiuntur
800 1505 1279 1583 tremorem,
1336 1500 1470 1593 qui
1522 1501 1613 1573 de
1653 1496 1875 1571 sacili

358 1639 495 1690 non
553 1623 825 1711 potest
878 1618 1217 1712 reprimi
1263 1644 1278 1688 ε
1327 1617 1443 1693 ita
1501 1615 1877 1690 consimi-

360 1736 532 1809 liter
572 1740 698 1809 est
741 1737 832 1808 de
880 1735 1325 1828 vaporibus
1379 1734 1712 1807 inclusis
1768 1734 1876 1805 in-

360 1852 468 1925 fra
511 1856 848 1924 terram.
1196 1911 1199 1916 .

434 1971 545 2040 Ex
590 1968 770 2041 istis
813 1967 1472 2041 conclusionibus
1508 1967 1880 2059 sequitur

357 2105 587 2158 causa.
620 2087 1146 2157 terraemotus
1183 2111 1197 2154 :
1238 2083 1427 2176 quia
1474 2083 1687 2155 infra
1723 2087 1878 2156 ter-

362 2221 521 2272 ram
591 2201 1032 2274 includitur
1100 2200 1519 2273 exhalatio
1590 2200 1874 2282 calida,

357 2318 703 2398 etsicca,
779 2339 953 2410 quae
1024 2317 1474 2391 fortificata
1537 2317 1879 2389 interius

357 2437 613 2529 aliquo
643 2436 1053 2510 dictorum
1097 2439 1521 2509 modorum
1547 2435 1882 2510 sortiter

361 2552 726 2644 percutit,
790 2557 870 2625 et
938 2553 1202 2643 agitat
1272 2551 1537 2625 latera
1605 2555 1876 2633 terrae,

356 2675 426 2742 et
495 2670 815 2742 tandem
888 2670 967 2741 in
1045 2674 1366 2743 tantum
1436 2667 1883 2742 fortificata

360 2785 659 2877 frangit
701 2789 1016 2858 terram
1058 2784 1310 2858 nimio
1372 2785 1749 2878 impulsu,
1802 2789 1883 2858 et

357 2902 541 2981 exit.
609 2907 689 2975 et
756 2902 843 2976 fit
913 2905 1469 2975 terraemotus.
1543 2904 1655 2974 De
1705 2901 1881 2993 ejus

358 3019 629 3110 signis,
687 3025 767 3093 et
830 3018 1378 3091 accidentibus
1445 3018 1762 3091 dicetur
1805 3018 1883 3090 in

360 3135 507 3209 alia
537 3135 963 3230 quaetione.

438 3255 795 3327 Secunda
843 3253 1263 3326 conclusio
1299 3257 1448 3335 est,
1505 3252 1708 3344 quod
1746 3252 1883 3322 im-

360 3370 731 3462 possibile
763 3375 888 3444 est
921 3374 1181 3443 totam
1223 3374 1536 3441 terram
1608 3367 1874 3450 simul,

356 3492 427 3560 et
467 3487 713 3559 semel
771 3486 887 3558 sic
942 3484 1280 3565 moveri,
1332 3484 1411 3556 ni
1455 3485 1702 3558 fuerit
1748 3486 1883 3556 mi-

361 3605 748 3678 raculose.
807 3603 1239 3683 Probatur,
1304 3601 1491 3695 quia
1545 3622 1703 3673 non
1761 3607 1886 3677 cst

362 3718 730 3808 possibile
809 3714 1305 3789 naturaliter
1385 3715 1591 3806 quod
1658 3719 1886 3787 terra

359 3835 691 3926 undique
725 3833 833 3907 sit
865 3851 1246 3911 concava,
1283 3837 1363 3905 et
1400 3851 1725 3923 porosa,
1762 3831 1885 3902 vel

359 3951 554 4041 quod
616 3950 903 4041 ubique
965 3948 1207 4019 simul
1266 3952 1347 4021 et
1428 3947 1676 4018 semel
1750 3947 1889 4018 illa

358 4066 758 4140 exhalatio
821 4066 1133 4138 inclusa
1187 4068 1457 4157 posset
1508 4063 1891 4137 fortifica·

362 4183 425 4254 ri
468 4210 482 4252 :
525 4183 682 4255 imo
724 4183 999 4274 aliqua
1033 4186 1220 4255 sunt
1270 4180 1452 4253 loca
1494 4185 1741 4253 tervw
1777 4180 1890 4253 ita

361 4303 802 4392 compacta,
878 4298 1078 4391 quod
1144 4297 1282 4369 vix
1358 4298 1677 4388 aliquae,
1752 4302 1891 4371 aut

362 4418 593 4488 nullae
655 4422 842 4490 sunt
891 4414 1451 4488 concavitates
1511 4414 1638 4497 ibi,
1722 4414 1890 4486 ideo

368 4554 553 4606 raro
596 4534 684 4606 fit
728 4534 832 4606 ibi
876 4535 1431 4607 terraemotus.
1474 4534 1571 4604 Et
1613 4531 1760 4603 hoc
1802 4531 1893 4602 de

3405 404 3512 471 153

1985 571 2192 663 quod
2232 591 2391 643 non
2433 571 2544 652 fit,
2592 591 2734 644 nec
2771 575 3038 664 potest
3069 569 3250 644 fieri
3283 569 3527 643 simul

1983 693 2062 761 et
2128 689 2375 760 semel
2445 708 2590 780 per
2657 692 2921 762 totam
2991 692 3330 761 terram.
3397 692 3524 761 Se·

1983 804 2268 886 cund0,
2324 824 2483 876 non
2533 805 2622 877 fit
2662 804 3236 886 communiter,
3282 809 3363 878 et
3410 803 3527 877 ita

1986 939 2198 1011 saepe
2244 919 2323 990 in
2369 918 2657 991 insulis
2701 920 2911 993 sicut
2947 920 3025 992 in
3056 918 3242 992 aliis
3277 919 3526 1012 parti-

1984 1035 2156 1117 bus,
2209 1057 2303 1108 eo
2356 1037 2561 1128 quod
2596 1035 2860 1108 minus
2890 1037 2982 1108 de
3012 1035 3528 1109 exhalatione

1988 1151 2278 1224 ibidem
2348 1152 2830 1234 includitur;
2904 1154 3031 1225 vel
3103 1153 3170 1226 si
3240 1153 3347 1228 sit
3418 1154 3529 1226 in-

1986 1269 2253 1350 clusa,
2339 1268 2865 1358 infrigidatur
2943 1271 3528 1363 quodammodo

1987 1384 2085 1456 ab
2181 1406 2392 1477 aqua
2486 1387 3118 1469 circumstante,
3208 1388 3334 1460 vel
3431 1387 3530 1460 ab

1989 1522 2223 1593 aqua,
2273 1523 2445 1594 quae
2491 1503 2640 1575 sibi
2694 1503 3303 1576 commiscetur.

2077 1618 2382 1701 Terti0,
2429 1618 2695 1692 minus
2737 1618 2825 1691 fit
2861 1619 2939 1691 in
2973 1619 3175 1691 locis
3211 1622 3533 1711 Septen-

1990 1733 2482 1806 trionalibus
2542 1755 2781 1826 quam
2837 1735 3529 1808 Meridionalibus.

1990 1855 2256 1924 Causa
2307 1855 2454 1932 est,
2518 1852 2706 1943 quia
2754 1851 3166 1925 exhalatio
3199 1856 3324 1925 est
3376 1871 3536 1925 ma-

1991 1968 2115 2059 gis
2163 1988 2448 2040 crassa
2503 1989 2792 2041 versus
2849 1969 3529 2061 Septentrionem,

1994 2090 2337 2177 propter
2395 2085 2934 2176 frigiditatem
3006 2091 3279 2167 terrae,
3363 2087 3534 2159 ideo

1996 2200 2262 2271 minus
2297 2199 2657 2274 faciliter
2693 2204 2961 2294 potest
3005 2201 3320 2275 intrare
3379 2205 3538 2276 ter-

1997 2337 2200 2389 ram.
2247 2322 2583 2400 Quarto,
2631 2339 2791 2390 non
2838 2319 2926 2392 fit
2967 2319 3194 2391 circa
3241 2320 3537 2410 AEgyp-

1995 2437 2205 2513 tum,
2294 2434 2482 2526 quia
2580 2434 2685 2506 ibi
2774 2439 2900 2509 cst
2997 2439 3228 2508 terra
3309 2433 3538 2506 valde

1994 2555 2450 2642 compacta,
2496 2556 2577 2624 et
2615 2552 2883 2633 densa,
2954 2552 3067 2625 ita
3117 2551 3322 2642 quod
3365 2549 3541 2621 sub-

1995 2670 2128 2739 tus
2223 2671 2538 2739 terram
2635 2671 2974 2761 propter
3051 2664 3540 2758 compactio-

1996 2802 2178 2854 nem
2211 2804 2370 2855 non
2406 2789 2592 2857 sunt
2634 2783 3215 2866 concavitates,
3254 2782 3541 2876 quibus

1997 2897 2459 2973 includatur
2493 2901 2861 2997 spiritus.
2899 2901 3220 2983 Quinto,
3261 2903 3539 2973 terrae-

1998 3022 2268 3090 motus
2311 3017 2399 3090 fit
2462 3017 2542 3091 in
2585 3018 2791 3090 locis
2830 3017 3258 3098 montosis,
3308 3036 3546 3109 prop-

1997 3140 2124 3209 ter
2217 3134 2826 3210 concavitatum
2909 3132 3541 3217 multitudinem,

2001 3251 2079 3323 in
2177 3250 2462 3343 quibus
2561 3250 3003 3324 includitur
3096 3249 3540 3324 exhalatio.

2000 3372 2286 3447 Sexto,
2380 3368 2638 3457 magis
2713 3366 2801 3440 fit
2875 3367 2952 3447 in
3040 3366 3537 3455 regionibus,

2000 3506 2175 3578 quat
2263 3489 2450 3557 sunt
2529 3485 3015 3578 spongiosae,
3104 3488 3185 3558 et
3263 3483 3547 3555 suban-

1998 3607 2282 3681 troszr,
2364 3601 2820 3692 cujusmodi
2925 3605 3113 3674 sunt
3210 3599 3541 3680 Achaia,

2002 3719 2302 3801 Sicilia,
2351 3718 2667 3790 Euboea.

2092 3838 2203 3908 De
2248 3840 2616 3927 tempore
2653 3861 2667 3903 ε
2710 3834 2974 3927 primo
3017 3836 3544 3908 terraemotus

2002 3956 2090 4026 fit
2129 3958 2312 4045 post
2357 3953 2656 4025 multas
2704 3950 3045 4043 pluviaS,
3090 3955 3169 4023 et
3217 3950 3541 4030 imbreS‚
3603 3992 3623 4035 ι

2004 4072 2195 4163 quia
2281 4076 2471 4144 tunc
2557 4069 2970 4143 exhalatio
3052 4067 3548 4162 propellitur

2006 4188 2153 4259 sub
2198 4192 2450 4261 terra.
2512 4185 2902 4267 Secundo,
2959 4185 3047 4258 fit
3109 4188 3293 4276 post
3354 4184 3549 4256 mul-

2007 4309 2135 4376 tas
2181 4299 2622 4381 siccitates,
2684 4300 2872 4392 quia
2933 4302 3122 4371 tunc
3175 4297 3551 4390 plurimae

2005 4416 2571 4490 exhalationes
2672 4420 3012 4509 propter
3111 4415 3552 4490 multitudi-

2007 4555 2189 4606 nem
2227 4533 2693 4606 subintrant
2735 4538 3075 4605 terrain.

3634 3896 3865 3984 Terripvs

3629 3999 3895 4036 erroemo-

3679 4056 3791 4099 ‘'u-

364 4651 646 4742 primo.
2097 4652 2403 4731 Tertio,
2489 4650 2756 4722 minus
2817 4651 3024 4743 fiunt
3098 4649 3411 4741 hyeme,
3473 4654 3556 4724 et

2008 4772 2322 4849 aestate,
2373 4768 2505 4839 sed
2568 4767 2831 4855 magis
2876 4766 3384 4859 temporibus
3448 4767 3559 4839 in-

2012 4883 2457 4964 termediis,
2495 4887 2574 4955 et
2604 4882 2753 4955 hoc
2809 4886 3148 4976 propter
3196 4883 3555 4955 eamdem

2011 5023 2371 5083 causam,
2438 5022 2612 5092 qua*
2663 4999 3084 5073 dicebatur
3130 5000 3221 5072 de
3259 5001 3551 5072 ventis.

2012 5121 2348 5200 Quart0,
2389 5118 2649 5207 magis
2683 5117 3003 5189 fiuntdc
3037 5121 3273 5189 nocte
3316 5136 3556 5207 quam

2009 5236 2100 5305 (10
2151 5235 2299 5314 (110,
2359 5216 2546 5327 quia
2597 5238 2880 5306 noctes
2935 5237 3123 5305 sunt
3167 5232 3558 5324 tranquil·

2012 5349 2286 5431 liores,
2359 5357 2439 5424 et
2502 5350 2825 5439 signum
2891 5354 3016 5424 est
3068 5350 3272 5441 quod
3321 5348 3560 5420 exha-

2008 5465 2213 5539 latio
2261 5465 2706 5547 includitur
2750 5466 2897 5536 sub
2939 5469 3193 5538 terra.
3232 5464 3555 5547 Quint0,

2010 5581 2079 5657 si
2148 5584 2348 5659 fiunt
2409 5583 2499 5658 do
2566 5582 2718 5664 die,
2800 5580 3152 5657 maxime
3219 5580 3421 5657 fiunt
3482 5579 3563 5655 in

843 4975 1274 5033 ARTICULUS
1348 4974 1414 5030 ll.

367 5162 457 5226 Dc
514 5164 654 5227 Ioco
690 5172 750 5226 cl
823 5170 1131 5245 tempore,
1185 5156 1416 5243 quibus
1460 5159 1630 5239 fiunt
1680 5167 1898 5221 [errw-

1007 5286 1240 5341 molus.

199 5426 223 5473 6

118 5464 324 5611 &3ssssss
450 5482 854 5561 Quantum
899 5474 991 5546 ad
1045 5471 1504 5551 secundum,
1551 5470 1641 5541 de
1685 5470 1890 5548 loco,

136 5599 584 5687 rumpam
679 5590 944 5687 primo
1026 5610 1123 5662 ex
1214 5585 1891 5681 praeeedeutibns,
