4252 6393
1544 367 1550 372 ’
1655 375 2017 451 QUAEs‘rio
2065 367 2086 436 ι

791 758 1226 816 ARTICULUS
1302 758 1345 812 1.

818 933 913 998 De
959 933 1300 1019 Typhone.

159 1157 193 1205 ι.
380 1134 781 1213 Quantum
848 1131 943 1202 ad
1002 1130 1362 1222 primum
1422 1127 1831 1199 sciendum

104 1221 251 1347 {ffim
305 1252 434 1327 est,
479 1248 689 1339 quod
747 1247 1083 1339 Typhon
1132 1250 1258 1319 est
1315 1248 1606 1317 ventus
1667 1242 1827 1324 ille,

306 1364 422 1456 qui
459 1364 770 1438 directe
826 1362 1235 1436 descendit
1282 1362 1374 1434 de
1431 1361 1637 1432 nube
1678 1361 1831 1432 cir-

302 1481 682 1554 culariter
743 1501 994 1572 usque
1034 1480 1129 1551 ad
1183 1484 1522 1559 terram,
1587 1495 1833 1569 super

304 1618 621 1690 parvam
666 1597 1132 1690 portionem
1174 1600 1448 1675 terrae,
1489 1592 1830 1666 median-

300 1719 369 1787 te
406 1735 560 1805 quo
592 1713 1026 1787 elevantur
1067 1712 1473 1805 pulveres,
1511 1713 1590 1784 et
1624 1714 1829 1782 stra-

302 1831 536 1910 mina;
589 1835 673 1903 et
729 1830 1043 1923 quando
1076 1833 1201 1902 est
1251 1827 1582 1907 fortior,
1637 1829 1828 1900 tunc

298 1948 655 2022 elevatur
695 1947 1020 2039 aliquod
1051 1947 1264 2019 aliud
1327 1965 1734 2036 magnum.

76 2077 257 2166 0³0qu
375 2065 734 2138 Secundo
777 2063 1215 2144 sciendum,
1280 2064 1489 2155 quod
1536 2064 1827 2134 ventus

71 2147 433 2253 mm'iste
487 2185 943 2272 generatur
994 2200 1139 2274 per
1187 2179 1394 2252 hunc
1449 2178 1822 2250 modum:

290 2299 459 2390 quia
526 2299 611 2372 in
671 2297 877 2370 nube
947 2318 1259 2390 aquosa
1326 2295 1828 2368 sufficienter

285 2416 573 2508 frigida
630 2416 1077 2489 includitur
1135 2413 1551 2486 exhalatio
1622 2413 1824 2484 satis

287 2533 620 2615 subtiliS,
696 2553 874 2625 quae
943 2531 1396 2605 fortificata
1476 2529 1823 2603 interius

288 2655 614 2742 propter
644 2647 1365 2722 circumstantiam
1418 2646 1824 2720 contrarii

289 2766 472 2859 petit
527 2767 847 2841 exitum
889 2767 981 2839 de
1041 2766 1284 2846 nube;
1329 2769 1412 2839 et
1458 2764 1645 2857 quia
1698 2770 1824 2839 est

288 2885 622 2957 materia
702 2884 930 2965 levis,
1018 2883 1189 2957 ideo
1257 2903 1442 2956 cum
1515 2881 1821 2976 impetu

282 3001 630 3075 ascendit
716 3002 811 3073 ad
900 3003 1220 3093 partem
1305 2998 1820 3092 superiorem

281 3117 519 3201 nubiS,
597 3138 647 3190 a
715 3138 874 3210 qua
944 3117 1249 3190 iterato
1324 3115 1824 3210 propellitur

279 3235 674 3317 deorsum,
729 3240 813 3308 et
868 3256 967 3308 ex
1005 3236 1165 3307 ista
1204 3234 1598 3306 violentia
1640 3254 1823 3326 pro-

283 3350 548 3441 pulsus
590 3350 876 3423 dividit
906 3350 1197 3420 nubem
1242 3348 1322 3420 in
1357 3353 1588 3441 parte
1632 3347 1822 3421 infe-

284 3466 496 3549 riori,
545 3468 684 3540 ubi
729 3471 855 3541 est
894 3466 1261 3548 debilior,
1307 3471 1388 3539 et
1432 3467 1511 3539 in
1542 3466 1819 3539 eodem

283 3583 629 3676 impulsu
670 3583 1082 3656 ‹'escendit
1134 3582 1666 3656 circulariter
1699 3605 1821 3654 us-

284 3721 419 3790 que
470 3702 568 3774 ad
623 3706 964 3780 terram,
1011 3703 1093 3772 et
1136 3699 1436 3772 iterato
1481 3700 1820 3774 reflecti-

71 3826 264 3889 fjmeam
288 3823 411 3891 tur
440 3841 487 3890 a
520 3824 785 3893 terra.
824 3818 943 3887 Ex
979 3837 1134 3907 quo
1168 3819 1392 3908 patet
1427 3838 1601 3909 quae
1633 3821 1822 3890 sunt

284 3954 540 4007 causae
607 3931 1047 4024 Typhonis,
1102 3931 1292 4023 quia
1340 3931 1515 4023 ejiis
1577 3936 1820 4007 mate·

282 4053 397 4125 ria
425 4057 553 4126 est
587 4047 1008 4125 exhalatio
1040 4048 1282 4129 sicca,
1330 4050 1462 4121 sed
1499 4052 1820 4143 propul-

279 4190 404 4240 sus
446 4190 493 4242 a
536 4170 753 4243 nube
807 4176 933 4245 est
982 4167 1366 4249 efficienS,
1413 4171 1493 4239 et
1548 4171 1819 4241 motus

278 4286 714 4359 circularis
773 4291 899 4361 est
965 4287 1139 4379 ejus
1200 4283 1492 4364 forma,
1557 4304 1603 4354 a
1664 4305 1820 4376 qua

276 4402 848 4476 denominatur
894 4407 1197 4492 Typhon,
1233 4404 1314 4472 et
1353 4399 1529 4492 ejus
1570 4419 1819 4473 causa

279 4518 533 4592 finalis
578 4521 799 4593 forte
838 4524 964 4592 est
1008 4517 1393 4611 purgatio
1437 4516 1678 4590 aeris,

127 4658 160 4706 τι.
357 4638 579 4710 Tunc
625 4637 886 4727 igitur
933 4635 1025 4706 de
1064 4633 1523 4706 differentia
1565 4634 1740 4725 ejus
1775 4653 1821 4704 a

71 4718 637 4891 ἕξοξοΐιὼῐιίηθ,
711 4754 803 4824 de
865 4772 1019 4844 quo
1081 4748 1311 4842 prius
1372 4749 1815 4830 dicebatur,

72 4856 73 4861 ’
142 4864 203 4898 ²²⁶·
279 4867 442 4940 dico
501 4870 716 4961 quod
772 4867 1156 4941 differunt
1203 4886 1249 4937 a
1291 4871 1525 4959 parte
1576 4871 1821 4940 mate·

282 4983 437 5067 riae,
485 4985 685 5076 quia
727 4983 1067 5077 Typhon
1126 4989 1252 5057 est
1312 5005 1409 5055 ex
1474 4983 1823 5056 materia

279 5104 707 5193 grossiori,
774 5122 1013 5195 quam
1075 5102 1182 5176 sit
1244 5102 1572 5181 fulmen,
1635 5121 1825 5173 nam

280 5220 574 5293 fulmen
656 5224 782 5292 est
855 5218 1117 5309 magis
1190 5217 1820 5310 penetrativum.

285 5339 664 5417 Secundo,
701 5334 1087 5407 differunt
1121 5356 1219 5406 ex
1257 5338 1491 5426 parte
1526 5337 1822 5415 motus,

292 5453 466 5546 quia
558 5451 870 5525 fulmen
955 5454 1335 5523 movetur
1417 5451 1823 5531 deorsum,

290 5572 445 5649 sine
512 5568 1085 5651 circulatione,
1150 5566 1487 5665 Typhon
1557 5572 1830 5645 autem

3374 373 3484 436 167

1952 536 2332 607 movetur
2392 532 2944 608 circulariter.
2993 533 3296 615 Tertio,
3360 533 3500 607 dif-

1950 650 2229 723 ferunt
2286 672 2384 722 ex
2447 653 2680 743 parte
2742 649 3257 744 qualitatum,
3306 651 3497 742 quia

1951 766 2302 841 materia
2341 766 2754 860 Typhonis
2786 770 2913 840 est
2946 766 3163 840 sicca
3203 767 3297 838 ad
3334 788 3496 840 mo-

1944 885 2134 957 dum
2175 885 2542 958 materiae
2574 884 2819 973 venti,
2866 889 2948 957 et
2988 904 3149 956 non
3192 883 3495 956 inflam-

1948 1004 2249 1082 matur,
2326 1001 2459 1073 sed
2529 1000 2879 1076 materia
2947 1000 3311 1073 fulminis
3370 1006 3495 1074 est

1949 1118 2293 1199 intensa,
2360 1119 2533 1191 ideo
2596 1118 3030 1190 secundum
3090 1117 3490 1190 Aristote-

1946 1235 2103 1307 lem
2172 1255 2331 1307 non
2397 1235 2661 1307 solum
2732 1234 3035 1307 fulmen
3105 1235 3483 1326 percutit,

1946 1352 2080 1423 sed
2113 1371 2297 1424 cum
2330 1351 2482 1423 hoc
2517 1351 2766 1424 etiam
2808 1350 3101 1425 adurit.

2033 1473 2343 1543 Contra
2416 1469 2834 1543 dubitatur
2912 1468 3211 1561 primo,
3296 1468 3484 1559 quia
3542 1477 3776 1552 Objfcn'o

3560 1555 3764 1603 pruma.

1943 1586 2281 1678 Typhon
2325 1585 2605 1660 dividit
2645 1586 2934 1658 nubem
2983 1585 3063 1658 in
3109 1589 3344 1678 parte
3375 1585 3485 1657 in-

1943 1702 2260 1785 feriori,
2305 1725 2401 1775 eo
2462 1703 2671 1795 quod
2733 1704 2811 1777 in
2872 1702 3012 1775 illa
3070 1706 3305 1795 parte
3362 1709 3488 1777 est

1940 1820 2306 1893 debilior.
2353 1825 2684 1903 Contra,
2723 1821 3016 1914 primo,
3056 1819 3243 1911 quia
3281 1820 3486 1892 vide-

1944 1959 2122 2011 mus
2193 1942 2402 2031 quod
2443 1941 2512 2012 si
2547 1961 2691 2012 aer
2750 1937 3212 2012 includatur
3272 1938 3485 2011 infra

1940 2074 2261 2148 aquam,
2304 2057 2418 2130 ita
2474 2057 2680 2149 quod
2731 2054 3000 2146 major
3042 2053 3482 2146 spissitudo

1941 2197 2171 2268 aquae
2223 2176 2331 2249 sit
2381 2194 2630 2266 supra
2673 2192 2970 2253 aerem,
3020 2192 3259 2263 quam
3303 2171 3484 2243 sub-

1940 2298 2096 2374 tus,
2171 2296 2341 2366 tum
2404 2311 2547 2362 aer
2607 2309 2767 2361 non
2821 2288 3024 2382 petit
3078 2288 3386 2363 exitum
3436 2311 3483 2361 a

1941 2414 2179 2503 parte
2258 2407 2658 2487 inferiori,
2743 2406 3111 2498 quamvis
3193 2407 3481 2482 ibidem

1937 2545 2150 2617 aqua
2210 2524 2317 2598 sit
2371 2522 2734 2604 debilior,
2793 2524 2926 2594 sed
2995 2529 3339 2616 propter
3380 2528 3480 2598 lc-

1936 2642 2276 2716 vitatem
2327 2642 2502 2734 ejus
2561 2639 2858 2714 nititur
2919 2642 3350 2714 ascendere
3404 2643 3483 2715 in

1938 2767 2173 2854 parte
2213 2761 2650 2856 superiori,
2708 2762 3076 2855 quamvis
3139 2763 3483 2838 inferior

1936 2880 2043 2954 sit
2073 2880 2439 2953 debilior.

2027 3002 2412 3082 Secundo,
2460 2999 2648 3092 quia
2677 2998 2837 3076 ista
2870 3018 3063 3091 pars
3093 2998 3325 3073 nubis
3355 3004 3480 3072 est
3535 2988 3806 3041 ⁸⁶⁰“M‘1-

1935 3119 2265 3202 fortior,
2301 3122 2382 3193 et
2428 3117 2692 3209 magis
2726 3119 3159 3210 compacta
3190 3116 3324 3188 ubi
3354 3118 3480 3188 est

1933 3236 2345 3327 frigiditas
2375 3236 2625 3326 magis
2649 3235 3149 3308 condensans
3175 3255 3474 3314 aerem,

1933 3353 2059 3425 vel
2102 3372 2520 3445 vaporem,
2571 3351 2704 3423 sed
2753 3350 2903 3421 hoc
2936 3352 3061 3423 est
3113 3348 3192 3421 in
3246 3353 3478 3441 parte

1937 3469 2339 3549 inferiori,
2394 3489 2576 3541 cum
2619 3467 2726 3541 sit
2759 3466 3159 3540 remotior
3192 3465 3289 3538 ab
3328 3466 3478 3539 ele-

1937 3585 2231 3657 mentis
2273 3584 2583 3664 calidis,
2621 3588 2702 3658 et
2734 3603 2780 3655 a
2811 3583 3038 3656 coelo,

2022 3702 2300 3775 Tertio
2344 3701 2744 3794 probatur
2776 3699 2984 3793 quod
3026 3699 3476 3792 impossibi-
3564 3695 3763 3747 Tertia.

1935 3821 2009 3892 le
2038 3823 2165 3892 est
2197 3818 2376 3891 fieri
2407 3817 2903 3910 Typhonem,
2954 3816 3143 3910 quia
3185 3818 3520 3911 impos-,

1936 3935 2168 4007 sibile
2235 3939 2360 4007 est
2426 3933 3057 4015 exhalationem,
3124 3954 3299 4025 quae
3358 3938 3484 4008 est

1936 4052 2285 4125 materia
2316 4050 2564 4132 venti,
2621 4051 3059 4124 ascendere
3100 4071 3355 4142 usque
3391 4050 3485 4121 ad

1935 4169 2276 4243 mediam
2314 4169 2734 4259 regionem
2765 4168 3018 4251 aeris;
3057 4168 3320 4261 igit-ur
3359 4170 3499 4242 im·

1938 4284 2331 4377 possibile
2381 4289 2506 4358 est
2563 4284 2744 4357 fieri
2795 4284 3296 4377 Typhonem.
3346 4287 3502 4357 An-

1934 4400 2304 4475 tecedens
2356 4403 2579 4490 patet
2631 4420 2777 4492 per
2837 4400 3369 4474 Aristotelem
3426 4404 3493 4473 2.

1930 4518 2152 4608 hujus,
2199 4521 2279 4589 et
2306 4521 2646 4609 propter
2667 4509 3015 4589 hoc'non
3053 4516 3251 4590 flant
3279 4518 3508 4591 venti

1933 4637 2015 4708 in
2057 4633 2610 4705 cacuminibus
2684 4633 3110 4706 montium.
3179 4635 3279 4706 Et
3325 4622 3505 4725 pro-

1932 4753 2178 4825 batur
2236 4750 2842 4841 consequentia,
2909 4748 3096 4840 quia
3159 4749 3497 4842 Typhon

1935 4888 2095 4941 non
2161 4872 2429 4959 potest
2490 4868 2896 4958 generari,
2953 4867 3113 4939 nisi
3173 4888 3319 4960 per
3379 4868 3490 4939 in-

1937 4983 2392 5055 clusionem
2491 4984 2859 5056 materiae
2960 4984 3179 5056 venti
3275 4985 3490 5056 infra

1942 5100 2233 5172 nubem
2295 5098 2374 5171 in
2407 5099 2665 5171 media
2725 5101 3059 5190 regione
3091 5100 3335 5172 aeris.
3389 5104 3489 5174 Et

1940 5217 2475 5291 continuatur
2566 5216 3190 5309 consequentia,
3304 5219 3490 5309 quia

1942 5354 2355 5425 nunquam
2412 5339 2790 5407 movetur
2821 5341 3112 5409 ventus
3146 5334 3490 5409 circula-

1945 5454 2178 5532 riter,
2242 5451 2412 5523 idco
2468 5452 2730 5523 omnis
2786 5458 3074 5526 ventus
3117 5458 3243 5527 est
3298 5455 3490 5528 late-

1948 5568 2176 5652 raliS,
2226 5573 2313 5641 ut
2357 5572 2580 5663 patet
2640 5572 2715 5637 in
2750 5571 2817 5642 2.
2878 5570 3100 5660 hujux,
3166 5572 3298 5643 sed
3349 5573 3494 5664 Ty-
