4252 6393
492 4812 566 4864 13.

725 430 843 493 644
1882 417 1983 484 DE
2029 416 2295 485 RERUM
2339 413 2728 484 PRINCIPIO

715 590 1227 684 significatur
1254 588 1581 661 nomine
1611 592 1828 655 entis:
1870 587 2058 677 quia
2116 606 2257 658 ens

712 708 1110 785 creatum,
1159 702 1365 795 quod
1421 700 1808 774 dividitur
1867 701 1947 771 in
1986 701 2261 773 decem

720 823 1378 901 Prfedicamenta,
1408 819 1622 891 sicut
1654 817 2079 910 analogice
2108 818 2263 889 dic-

713 945 887 1013 tum
961 941 1086 1011 est
1151 938 1242 1008 de
1311 934 1515 1017 illis,
1583 933 1786 1006 nihil
1858 932 2265 1025 significat

716 1054 1289 1149 principaliter
1369 1053 1531 1126 nisi
1616 1074 1785 1134 ens,
1861 1051 2066 1144 quod
2142 1054 2267 1122 est

713 1172 1194 1248 substantia.
1223 1176 1323 1247 Et
1343 1173 1459 1245 sic
1483 1192 1663 1245 cum
1690 1171 2268 1262 incorporeum

710 1293 817 1365 sit
861 1310 1243 1363 mensura
1269 1284 2048 1381 corporeorum,hoc
2065 1283 2270 1376 quod

720 1410 844 1480 est
904 1411 1391 1496 incorporemn,
1458 1424 1620 1476 non
1682 1402 2117 1475 secundum
2184 1421 2266 1471 Se

724 1529 989 1598 totum
1046 1528 1171 1598 est
1221 1541 1627 1602 mensura,
1684 1541 1826 1592 nee
1884 1541 2270 1607 corporeum

727 1645 1158 1717 secundum
1204 1664 1286 1713 se
1356 1646 1617 1714 totum
1660 1643 1783 1711 est
1854 1656 2268 1709 mensura-

723 1768 942 1841 tum;
989 1759 1175 1852 quia
1216 1765 1677 1846 incorporeum
1718 1759 2025 1827 nonest
2058 1775 2268 1826 men-

723 1897 917 1949 sura
949 1894 1567 1967 corporeorum,
1596 1871 1753 1942 nisi
1787 1870 2266 1961 inquantum

720 1997 842 2065 est
896 1991 1379 2071 substantia,
1424 2008 1583 2059 non
1618 1990 1891 2059 autem
1938 1984 2267 2076 inquan-

724 2115 893 2183 tum
925 2111 1050 2180 est
1083 2107 1274 2181 talis
1304 2103 1785 2185 substantia,
1830 2123 1990 2173 non
2051 2100 2267 2173 enim

720 2227 1142 2297 mensurat
1200 2246 1590 2311 corporeum
1643 2221 2080 2292 secundum
2144 2239 2265 2289 ra-

721 2341 1021 2413 tionem
1057 2338 1274 2410 illius
1316 2334 1816 2415 differentiae,
1854 2352 2095 2423 quam
2143 2331 2266 2402 ad·

717 2458 831 2531 dit
863 2479 1248 2546 corporeum
1281 2473 1530 2546 supra
1563 2472 1839 2541 genus.
1868 2448 2268 2521 Similiter

722 2596 865 2646 nec
899 2597 1282 2662 corpoream
1314 2575 1437 2643 est
1474 2571 2063 2647 mensuratum,
2107 2565 2265 2637 nisi

726 2688 1045 2762 ratione
1080 2707 1234 2778 qua
1266 2688 1390 2757 est
1423 2682 1901 2761 substantia,
1939 2701 2098 2752 non
2142 2700 2265 2751 ra-

722 2805 937 2878 tione
968 2802 1441 2877 differentiae
1466 2820 1668 2871 suae:
1702 2797 2019 2871 ratione
2050 2796 2265 2868 enim

719 2921 1004 2993 additae
1051 2916 1523 2990 differentiae
1580 2913 2037 2987 substantia
2089 2932 2264 2983 cor-

722 3057 972 3130 porea
1024 3057 1183 3108 non
1244 3038 1366 3107 est
1431 3034 1924 3123 incorporea
1988 3028 2262 3119 aliquo

720 3155 954 3226 modo
984 3178 996 3234 ;
1034 3173 1177 3225 nec
1213 3150 1650 3224 secundum
1673 3169 1848 3220 esse
1883 3144 2256 3224 nobilius,

714 3291 857 3342 nec
935 3270 1207 3361 aliquo
1270 3267 1525 3347 modo,
1588 3264 1778 3336 licet
1840 3283 1995 3333 una
2049 3259 2263 3332 diffe-

714 3387 980 3460 rentia
1036 3406 1196 3458 non
1264 3384 1370 3457 sit
1428 3381 1786 3453 nobilior
1854 3379 2041 3459 alia,
2129 3377 2262 3447 sed

714 3502 1223 3580 solummodo
1282 3498 1532 3573 estin
1593 3497 1731 3568 illa
1772 3496 2105 3575 virtute,
2175 3497 2260 3565 ut

714 3620 794 3690 in
862 3619 1271 3699 nobiliori,
1329 3618 1804 3708 inquantum
1863 3617 1986 3685 est
2042 3612 2258 3684 nobi-

714 3741 877 3811 lior
903 3737 1116 3810 ratio
1152 3729 1905 3809 substantialitatis,
1940 3730 2256 3801 (lescen-

714 3859 903 3927 ‹lens
969 3854 1045 3925 in
1110 3852 1460 3944 speciem
1516 3870 1659 3942 per
1715 3846 2258 3919 differentiam

714 3971 1224 4048 nobiliorem,
1274 3987 1512 4058 quam
1550 3963 2258 4057 perdifi'erentiam

718 4089 981 4159 minus
1023 4084 1397 4157 nobilem.
1445 4080 1992 4154 Nihilominus
2047 4078 2258 4151 acei-

714 4205 996 4296 piendo
1033 4220 1524 4278 mensuram,
1572 4203 1651 4270 et
1693 4199 2256 4268 mensuratum

717 4321 792 4390 in
854 4318 1207 4410 qualibet
1252 4316 1581 4386 illarum
1643 4313 2124 4405 specierum,
2178 4311 2255 4382 in

712 4457 910 4527 quas
997 4453 1246 4524 genus
1308 4430 1782 4502 substantiae
1843 4427 2249 4507 dividitur,

710 4551 1133 4626 contrario
1191 4547 1424 4619 modo
1460 4547 1675 4619 ratio
1723 4548 2256 4623 1nensurae,et

716 4665 1164 4740 mensurati
1210 4663 1485 4735 inillis
1531 4662 1965 4733 invenitur.

838 4783 951 4855 Ad
1001 4782 1232 4873 eujus
1282 4777 1766 4851 evidentiam
1805 4779 1958 4847 'est
2007 4776 2255 4848 scien-

711 4902 920 4980 dum,
960 4899 1163 4990 quod
1197 4917 1379 4969 oum
1419 4895 1595 4966 (lico
1635 4920 1648 4963 :
1693 4895 2076 4960 Substantia
2115 4897 2255 4960 (ιίιά

712 5040 1051 5105 corporea,
1121 5016 1261 5081 alia
1320 5017 1739 5098 incorporea,
1814 5007 2059 5080 alitor
2113 5008 2252 5077 dif-

712 5132 1079 5205 funditur
1130 5149 1380 5217 genus
1427 5125 1903 5198 substantife
1958 5124 2032 5194 in
2078 5124 2253 5194 sub-

712 5248 1062 5323 stantias
1129 5262 1604 5335 corporeas,
1686 5240 2250 5313 constituendo

710 5367 1059 5458 speciem
1096 5383 1239 5454 per
1268 5358 1765 5430 differentias
1812 5355 2144 5435 additas,
2171 5362 2250 5428 et

710 5484 952 5554 aliter
1015 5481 1093 5552 in
1138 5475 1639 5549 substantias
1687 5473 2243 5565 incorporeas

712 5601 917 5670 Nam
941 5598 1033 5668 a‹l
1060 5593 1732 5671 constitutionem
1760 5589 2055 5682 speciei
2076 5588 2248 5659 sub-

2376 588 2699 661 stantiae
2745 587 3250 677 incorporem
3290 582 3760 657 diffunditur
3790 602 3900 674 ge-

2375 724 2526 774 nus
2571 702 3047 775 substantiae
3087 723 3230 795 per
3263 701 3618 774 formam
3660 699 3904 771 incor-

2381 822 2772 913 poralem,
2819 825 2898 893 et
2945 819 3598 899 immaterialem,
3645 818 3740 889 ad
3783 816 3908 887 mi-

2379 960 2530 1011 nus
2567 939 2916 1013 materia
2965 939 3411 1033 corporali,
3476 955 3716 1028 quam
3769 935 3910 1005 for-

2385 1077 2600 1128 mam
2641 1058 2854 1130 addit
2902 1056 3361 1130 differentia
3409 1053 3752 1127 divisiva
3803 1071 3911 1122 su·

2386 1193 2534 1265 pra
2593 1177 2974 1246 naturam
3038 1172 3388 1263 generis,
3469 1191 3652 1244 cum
3722 1170 3911 1254 dioc,

2381 1292 2748 1358 substantia.
2789 1293 3205 1379 inc-orymrea.
3251 1289 3367 1361 Ad
3418 1287 3917 1360 constitutio-

2385 1427 2565 1478 nem
2600 1411 2869 1481 autem
2915 1406 3212 1499 speciei
3247 1404 3721 1478 substantiae
3745 1424 3918 1476 cor-

2387 1545 2653 1617 poreae
2694 1524 3096 1596 descendit
3149 1543 3401 1613 genus
3449 1521 3915 1594 substantiae

2390 1661 2529 1732 per
2559 1640 3102 1714 differentiam
3136 1640 3722 1732 importantem
3766 1638 3918 1710 for·

2386 1777 2600 1829 mam
2626 1757 3132 1830 materialem
3153 1756 3697 1849 corporalem,
3717 1754 3923 1829 scili-

2383 1877 2509 1947 cet
2531 1873 2896 1947 materiae
2926 1874 3456 1948 inhaerentem
3480 1899 3493 1943 :
3521 1878 3600 1947 et
3627 1874 3742 1946 sio
3771 1893 3921 1945 non

2380 1991 2876 2073 diffunditur,
2913 1992 3037 2063 vel
3071 1990 3479 2064 descendit
3512 1991 3607 2063 ad
3639 2009 3920 2062 eorum

2383 2110 3057 2184 constitutionem
3086 2129 3230 2201 per
3254 2108 3511 2181 solam
3536 2107 3918 2187 formam;

2381 2228 2505 2298 vel
2549 2248 2708 2299 non
2749 2228 3011 2298 solum
3076 2247 3219 2319 per
3285 2226 3638 2298 formam
3700 2224 3923 2317 spiri-

2383 2345 2711 2425 tualem,
2778 2344 2910 2416 sed
2958 2342 3204 2417 etiam
3259 2364 3404 2435 per
3458 2342 3914 2421 materiam,

2382 2478 2620 2547 quam
2674 2456 3010 2529 includit
3050 2455 3507 2527 differentia
3551 2454 3915 2533 divisiva,

2383 2572 2551 2644 sive
2593 2571 2859 2643 forma
2912 2592 3054 2664 per
3098 2571 3321 2643 illam
3381 2570 3918 2643 differentiam

2380 2687 2825 2776 designata,
2929 2708 3102 2777 quae
3173 2686 3369 2759 facit
3465 2686 3672 2776 quod
3743 2684 3915 2764 hoc,

2384 2805 2587 2895 quod
2627 2805 2804 2876 dico
2854 2827 3266 2892 corporeum,
3326 2803 3433 2875 sit
3485 2822 3737 2893 genus
3803 2822 3922 2873 Su-

2381 2920 2868 3001 balternum,
2942 2940 3100 2991 non
3161 2918 3424 2989 solum
3485 2917 3900 3007 Logicum,

2383 3039 2512 3109 sed
2545 3038 2794 3109 etiam
2829 3056 3079 3127 genus
3122 3041 3462 3109 naturae.
3503 3037 3603 3107 Et
3637 3035 3754 3107 sic
3792 3055 3922 3128 pa-

2380 3159 2520 3234 tet,
2578 3153 2781 3246 quod
2817 3151 3165 3224 nobilius
3210 3176 3344 3220 esse
3391 3150 3629 3224 habet
3671 3170 3921 3242 genus

2381 3269 2940 3343 subalternum
2984 3268 3066 3340 in
3138 3268 3648 3360 incorporeo,
3716 3264 3923 3357 quod

2377 3386 2917 3460 constituitur
2958 3407 3103 3479 per
3143 3387 3495 3458 formam
3553 3387 3923 3457 immate-

2382 3504 2690 3584 rialem,
2765 3523 3006 3594 quam
3070 3501 3150 3575 in
3216 3523 3642 3594 corporeo,
3715 3499 3925 3592 quod

2373 3621 2910 3694 constituitur
2943 3640 3089 3713 per
3137 3619 3488 3692 formam
3542 3619 3923 3692 materia-

2377 3736 2558 3818 lem,
2617 3741 2959 3828 propter
3002 3735 3208 3827 quod
3244 3740 3706 3824 incorporeum
3763 3754 3921 3805 me·

2379 3853 2539 3925 rito
2573 3857 2697 3926 est
2731 3873 3112 3924 mensura
3145 3852 3550 3944 corporei.

2471 3971 2817 4060 Propter
2905 3969 3107 4041 istos
3164 3969 3533 4040 diversos
3611 3967 3916 4046 modos,

2377 4085 2660 4176 quibus
2705 4105 2955 4174 genus
3001 4085 3231 4176 quasi
3272 4085 3696 4158 contrario
3754 4105 3916 4155 mo·

2371 4201 2467 4270 do
2553 4199 3048 4280 diffunditur,
3131 4200 3256 4270 vel
3340 4198 3745 4271 descendit
3822 4198 3918 4269 ad

2373 4317 3024 4388 constituendum
3125 4316 3434 4409 speeies
3516 4317 3596 4388 in
3679 4333 3916 4405 gene-

2377 4453 2460 4503 1‘0
2530 4438 2851 4521 corporei,
2915 4439 2995 4507 et
3037 4439 3436 4524 incorporei,
3484 4433 3912 4507 contrario

2375 4549 2605 4618 modo
2651 4549 3004 4622 sumitur
3066 4548 3279 4622 ratio
3344 4569 3766 4629 mensurae,
3830 4553 3914 4620 et

2374 4663 2822 4735 mensurati
2875 4663 2952 4735 in
3015 4663 3195 4735 istis
3252 4663 3561 4736 (luobus
3602 4662 3911 4755 generi·

2371 4775 2515 4846 bus
2581 4777 3099 4850 subalternis.
3167 4781 3374 4852 Nam
3417 4801 3600 4853 ou1n
3658 4799 3913 4871 genus

2371 4892 2845 4967 substantiae
2886 4895 3379 4978 diffunditur,
3416 4898 3542 4969 vel
3596 4897 3913 4968 descen-

2367 5008 2480 5079 ‹lit
2524 5010 2615 5080 ad
2659 5013 3311 5086 constituendam
3357 5012 3903 5088 substantiam

2371 5126 2939 5220 incorpoream
2987 5153 3130 5223 per
3167 5132 3728 5212 differentiam,
3762 5150 3908 5200 seu

2369 5261 2511 5331 per
2553 5241 2904 5315 formam
2972 5246 3628 5326 immaterialem,
3675 5242 3910 5336 quasi

2368 5357 2445 5426 in
2529 5358 2665 5428 illo
2729 5382 3022 5446 genere
3093 5363 3566 5436 subalterno
3636 5364 3906 5434 manet

2365 5471 2633 5543 forma
2722 5474 3294 5548 immaterialis
3352 5503 3365 5545 ε
3449 5483 3531 5550 et
3604 5477 3904 5567 quanto

2366 5589 2672 5680 species
2730 5593 3270 5666 constituitur
3333 5615 3479 5687 per
3543 5592 3901 5666 differen-
