4252 6393
126 4816 232 4869 vide
255 4822 340 4873 has

131 4882 320 4934 rationes

131 4955 173 4990 n.
198 4945 263 4996 17.
288 4954 338 4999 et

1840 419 2206 497 QUAESTIO
2256 420 2336 482 lX

415 601 569 654 non
620 586 896 655 tamen
943 584 1065 653 est
1121 581 1198 653 in
1251 599 1599 673 corpore
1650 580 1949 672 aliquo,

416 719 555 772 nec
603 704 730 773 est
784 718 929 791 per
997 719 1106 781 se,
1178 718 1322 770 nec
1386 718 1530 790 per
1589 696 1957 770 substan-

414 817 615 889 tiam
668 817 750 891 in
828 835 986 909 qua
1041 815 1484 898 radicatur,
1542 820 1629 889 ut
1688 816 1956 888 forma

417 935 869 1028 perficiens,
930 934 1057 1007 vel
1118 954 1262 1027 per
1321 933 1516 1007 illud
1575 954 1951 1027 operans,

415 1052 619 1143 quod
651 1056 922 1126 tamen
950 1056 1374 1144 oporteret
1408 1051 1503 1123 ad
1536 1050 1711 1133 hoc,
1750 1049 1959 1143 quod

414 1169 755 1260 propter
812 1167 1247 1242 materiam
1304 1172 1522 1241 esset
1588 1170 1955 1240 contrac-

413 1288 520 1365 ta,
559 1284 686 1358 vel
741 1284 1121 1366 limitata,
1176 1284 1304 1358 vel
1346 1288 1822 1375 angustata;
1877 1285 1956 1355 et

413 1397 622 1490 quod
688 1396 839 1469 hoc
882 1397 990 1471 sit
1038 1416 1350 1479 verum,
1406 1396 1771 1471 concedit
1820 1415 1959 1487 po-

412 1515 609 1589 sitio
689 1514 772 1587 in
847 1513 1126 1596 simili,
1206 1514 1396 1606 quia
1462 1513 1679 1595 dicit,
1751 1511 1959 1604 quod

413 1630 788 1723 quamvis
850 1629 1354 1703 intellectiva
1414 1630 1523 1704 sit
1620 1628 1958 1703 consub-

411 1746 828 1821 stantialis
862 1745 1308 1830 sensitivae,
1356 1749 1460 1838 >et
1529 1766 1674 1839 per
1732 1746 1958 1820 illam

411 1863 748 1958 corpori
782 1863 1141 1946 uniatur,
1194 1883 1357 1936 non
1408 1867 1682 1937 tamen
1719 1883 1958 1956 opor-

409 1983 552 2064 tet,
617 1981 825 2073 quod
882 1980 1023 2054 illo
1085 1980 1320 2052 modo
1407 1981 1745 2052 uniatur
1803 2000 1957 2072 quo

413 2096 834 2171 sensitiva.
915 2095 1320 2172 Similiter
1385 2115 1536 2188 ego
1613 2097 1791 2170 dico
1867 2097 1959 2169 de

413 2217 714 2289 unione
782 2215 1169 2310 potentiae
1238 2235 1385 2308 per
1454 2234 1684 2286 suam
1784 2212 1959 2285 sub-

407 2333 829 2407 stantiam.
898 2333 1120 2416 Quod
1160 2334 1433 2404 autem
1506 2329 1701 2405 talis
1770 2327 1959 2402 unio

410 2449 800 2542 potentiae
856 2449 955 2521 ad
1021 2468 1321 2541 corpus
1378 2443 1526 2540 'per
1595 2447 1959 2518 substan-

406 2565 640 2646 tiam,
706 2565 896 2658 quia
952 2585 1113 2636 non
1174 2563 1456 2639 unitur
1504 2562 1608 2645 ei,
1652 2566 1738 2634 ut
1783 2582 1962 2655 per-

409 2680 689 2764 fectio,
746 2701 908 2754 non
961 2681 1348 2774 impediat
1397 2680 1577 2773 ejus
1628 2678 1961 2752 liberta-

411 2801 582 2871 tem
633 2802 713 2871 et
757 2802 1215 2892 aspectum,
1270 2799 1524 2890 patet,
1589 2797 1781 2889 quia
1830 2797 1961 2869 du-

408 2915 600 3009 plex
647 2919 771 2989 est
818 2918 1195 3008 aspectus
1248 2913 1635 3007 potentiae
1679 2939 1695 2982 :
1754 2933 1961 2984 unus

409 3032 508 3105 ad
563 3032 811 3115 intra,
877 3032 1193 3105 scilicet
1253 3031 1347 3103 ad
1407 3030 1602 3103 illud
1662 3031 1744 3102 in
1804 3048 1959 3121 quo

406 3152 563 3232 est,
627 3152 707 3222 et
767 3148 983 3221 aliud
1040 3148 1137 3222 ad
1194 3149 1455 3229 extra,
1512 3145 1823 3219 scilicet
1866 3144 1962 3217 ad

410 3266 981 3360 operationem
1023 3267 1102 3338 et
1140 3264 1568 3358 objectum,
1635 3265 1715 3335 et
1802 3262 1963 3334 ista

403 3382 1061 3457 condividuntur.
1099 3379 1474 3455 Potentia
1505 3400 1705 3471 ergo
1741 3378 1968 3452 intel-

407 3500 713 3573 lectiva
765 3500 1198 3573 secundum
1252 3501 1671 3591 aspectum
1713 3497 1808 3569 ad
1853 3497 1962 3568 in-

406 3620 575 3698 tra,
656 3620 780 3689 est
859 3616 939 3689 in
1014 3615 1364 3689 materia
1439 3612 1960 3707 corruptibili

406 3732 990 3813 determinata,
1043 3735 1123 3805 et
1166 3751 1312 3823 per
1342 3730 1695 3803 sormam
1730 3729 1961 3823 cujus

404 3853 587 3930 est;
671 3848 805 3921 sed
873 3834 1310 3921 secundum
1377 3851 1798 3940 aspectum
1868 3847 1963 3919 ad

402 3967 678 4046 extra,
724 3965 821 4038 ad
867 3964 1177 4036 nullam
1230 3963 1664 4037 materiam
1726 3962 1963 4038 habet

404 4083 863 4174 aspectum,
907 4085 987 4155 et
1034 4080 1464 4153 secundum
1499 4079 1652 4151 hoc
1685 4084 1809 4154 est
1853 4080 1963 4151 in-

402 4198 984 4279 determinata,
1032 4200 1109 4269 et
1154 4194 1601 4276 illimitata,
1647 4198 1725 4267 ct
1776 4193 1963 4267 libe-

407 4336 534 4389 ra.

501 4434 654 4506 Est
728 4416 1002 4504 autem
1079 4428 1678 4510 advertendum,
1761 4428 1968 4519 quod

408 4549 495 4621 in
542 4546 729 4620 istis
793 4542 1275 4625 rationibuS,
1337 4549 1418 4618 ct
1465 4543 1543 4615 in
1593 4543 1967 4615 omnibus

409 4661 1096 4757 praecedentibus,
1162 4659 1292 4731 ubi
1354 4659 1687 4740 dicitur,
1761 4659 1968 4751 quod

404 4783 610 4850 nulla
642 4782 856 4846 virtus
895 4778 1295 4857 materiali-3,
1331 4775 1458 4847 vel
1500 4779 1719 4843 omnis
1758 4779 1970 4844 virtus

322 4924 337 4946 ·
406 4898 794 4966 materialis
860 4895 1264 4988 negativae
1331 4897 1516 4966 sunt
1583 4914 1824 4974 verae,
1899 4890 1966 4964 si

407 5009 932 5103 accipiantur
975 5031 1123 5103 pro
1178 5008 1587 5105 principio
1642 5008 1967 5100 propin·

410 5148 577 5220 quo
638 5133 721 5201 et
763 5130 1110 5210 remoto,
1150 5150 1305 5220 quo
1340 5147 1588 5217 agens
1632 5125 1843 5216 agit;
1888 5126 1967 5197 et

410 5243 810 5316 similiter
868 5242 1387 5317 affirmativae
1436 5262 1677 5323 verae,
1734 5241 1803 5313 si
1844 5260 1967 5313 ac-

408 5360 839 5452 cipiantur
907 5359 1172 5431 solum
1252 5377 1397 5450 pro
1478 5358 1960 5450 propinquo.

129 5521 359 5580 Numan,
412 5476 533 5547 Ad
611 5473 807 5547 illud
885 5473 1090 5565 quod
1165 5472 1387 5554 dicit,
1470 5474 1674 5564 quod
1750 5475 1963 5545 esset

412 5590 830 5672 mortalis,
882 5589 1069 5682 quia
1118 5589 1342 5661 nulla
1386 5589 1759 5673 matoria,
1808 5594 1960 5664 etc.

3530 419 3641 483 431

2067 581 2551 673 respondeo,
2593 579 2801 670 quod
2851 598 3031 652 cum
3075 579 3477 660 stabilire,
3523 582 3603 653 et

2069 699 2166 772 ad
2224 697 2441 771 aliud
2500 697 2904 779 inclinari,
2977 697 3142 772 sint
3204 697 3605 791 opposita,

2071 812 2573 907 impossibile
2631 818 2758 887 est
2825 814 3032 906 quod
3099 813 3401 905 aliquid
3467 832 3614 907 per

2070 930 2290 1011 illud,
2329 951 2474 1023 per
2506 931 2712 1023 quod
2745 931 2838 1002 ad
2880 930 3098 1004 aliud
3139 930 3609 1011 inclinatur,

2070 1046 2428 1140 perfecte
2497 1048 3003 1131 stabiliatur;
3070 1049 3422 1122 materia
3477 1067 3614 1120 au-

2070 1168 2236 1237 tem
2288 1164 2773 1257 spiritualis,
2829 1185 3003 1257 quae
3050 1168 3175 1238 est
3216 1184 3408 1258 pars
3449 1165 3614 1237 ani-

2073 1303 2222 1353 mae
2259 1281 2717 1365 rationalis,
2756 1303 2900 1375 per
2941 1282 3448 1357 intellectum
3500 1283 3612 1355 in-

2069 1397 2431 1471 clinatur
2471 1400 2567 1471 ad
2617 1419 2942 1492 corpus,
2990 1403 3073 1472 ut
3131 1399 3212 1470 ln
3262 1419 3357 1471 eo
3411 1398 3615 1471 reci-

2071 1513 2240 1605 piat
2287 1514 2694 1586 rationem
2745 1515 3124 1607 perfectae
3177 1514 3613 1588 subsisten-

2072 1630 2232 1713 tiae,
2294 1634 2372 1704 et
2435 1631 2776 1724 perfecti
2832 1632 3263 1725 suppositi,
3315 1635 3394 1704 et
3440 1631 3612 1704 ideo

2070 1767 2232 1819 non
2272 1750 2540 1840 potest
2585 1748 3128 1841 intelligentia
3178 1748 3320 1821 illa
3368 1749 3613 1820 mate-

2074 1862 2283 1935 riam
2335 1863 2853 1956 spiritualem
2906 1864 3262 1958 perfecte
3308 1864 3614 1939 stabili-

2073 1998 2186 2061 re,
2251 1980 2684 2053 secundum
2737 1981 2945 2073 quod
2993 1981 3183 2054 dicit
3234 1980 3613 2071 Augusti-

2070 2114 2222 2167 nus
2278 2097 2369 2169 de
2428 2097 2701 2170 anima
2761 2102 3144 2192 separata
3193 2102 3301 2172 12.
3368 2118 3614 2193 super
3669 2119 3933 2173 Num.⁴o.

2070 2212 2471 2294 Genesim,
2532 2216 2613 2286 et
2643 2212 3010 2288 habitum
3046 2219 3172 2290 est
3203 2236 3477 2308 supra.
3533 2216 3616 2290 Si

2071 2329 2345 2400 autem
2424 2329 2531 2403 sit
2604 2329 2907 2422 aliquid
2981 2331 3200 2406 aliud
3275 2337 3615 2426 propter

2073 2444 2285 2535 quod
2318 2443 2817 2520 intellectiva
2846 2466 3008 2518 non
3040 2447 3375 2523 inclinat
3409 2447 3614 2522 hanc

2075 2565 2508 2637 materiam
2549 2565 2646 2638 ad
2694 2565 2934 2647 aliud,
2999 2567 3229 2659 cujus
3287 2572 3413 2642 est
3471 2567 3615 2640 im-

2075 2681 2572 2765 mortalitas,
2618 2683 2700 2755 in
2741 2683 2882 2756 illo
2932 2687 3202 2777 potest
3244 2704 3424 2758 eam
3459 2686 3615 2759 sta-

2071 2796 2338 2878 bilire,
2371 2800 2449 2869 et
2484 2818 2630 2890 per
2660 2788 3158 2891 consequens
3191 2819 3618 2893 argumen-

2070 2916 2249 2988 tum
2290 2934 2451 2986 non
2492 2913 2927 2988 concludit.

2164 3032 2382 3114 Quod
2411 3052 2608 3104 vero
2642 3031 2986 3115 additur,
3032 3033 3238 3125 quod
3283 3053 3470 3106 cum
3510 3034 3617 3106 sit

2074 3148 2366 3230 forma,
2437 3133 2984 3222 communicet
3050 3146 3618 3223 actualitatem

2074 3285 2332 3346 suam,
2413 3269 2566 3339 etc.
2647 3265 2830 3336 Jam
2903 3285 3386 3358 responsum
3462 3270 3613 3350 est,

2076 3380 2283 3472 quod
2332 3400 2493 3453 non
2541 3381 3085 3454 communicat
3127 3381 3619 3454 immortali-

2077 3497 2355 3578 tatem,
2395 3494 2604 3570 sicut
2638 3516 2780 3569 nec
2819 3496 3282 3570 libertatem
3317 3497 3617 3569 forma-

2075 3610 2257 3691 lem,
2329 3610 2520 3702 quia
2585 3631 2744 3684 non
2817 3614 3168 3704 oportet,
3233 3612 3441 3703 quod
3512 3610 3618 3683 sit

2077 3726 2574 3801 immortalis
2627 3726 2870 3801 homo
2932 3728 3143 3803 sicut
3209 3748 3355 3802 nec
3415 3728 3621 3823 quod

2074 3845 2250 3936 ejus
2283 3844 2622 3918 libertas
2658 3843 2762 3917 sit
2806 3848 3223 3938 perpetua,
3272 3842 3462 3937 quia
3501 3843 3621 3916 de-

2076 3961 2272 4033 sinit
2338 3960 2512 4054 ejus
2577 3958 2915 4031 libertas
2974 3959 3149 4052 ipso
3208 3962 3622 4052 pereunte.

2077 4074 2298 4157 Quod
2361 4079 2634 4148 autem
2685 4094 2847 4146 non
2894 4075 2999 4147 sit
3050 4074 3240 4147 unio
3290 4075 3623 4147 consub-

2079 4190 2521 4272 stantialis,
2556 4211 2730 4283 quae
2770 4211 2934 4263 non
2967 4191 3076 4266 sit
3109 4190 3425 4274 intima,
3471 4211 3616 4264 nec

2082 4308 2482 4390 ordinata,
2521 4311 2937 4381 ostensum
2975 4313 3103 4383 est
3141 4329 3417 4402 supra.

2170 4424 2563 4517 Exempla
2613 4427 2885 4497 autem
2934 4425 3027 4497 de
3087 4426 3459 4518 partibus
3511 4426 3622 4517 ig-

2080 4543 2206 4615 nis
2248 4544 2328 4615 et
2376 4540 2793 4624 albedinis,
2842 4543 2921 4614 et
2990 4540 3408 4625 similium,
3446 4563 3626 4616 con-

2079 4659 2412 4733 cludunt
2445 4658 2941 4752 oppositum3
2992 4660 3182 4751 quia
3214 4680 3627 4752 nunquam

2079 4774 2252 4846 duae
2288 4778 2565 4868 partes
2592 4773 2803 4865 ignis
2836 4774 2919 4847 in
2951 4794 3108 4846 uno
3141 4775 3328 4867 igne
3361 4775 3628 4848 unien-

2078 4894 2244 4974 tur,
2290 4889 2450 4963 nisi
2501 4888 2595 4961 ad
2638 4888 3018 4981 aliquam.
3050 4894 3369 4983 partem
3412 4893 3626 4985 prin-

2080 5007 2426 5101 cipalem
2502 5005 2987 5094 (materiam
3075 5008 3418 5092 scilicet,
3499 5010 3627 5083 vel

2082 5122 2435 5197 formam
2501 5125 2848 5219 alicujus
2913 5129 3230 5217 eorum)
3297 5125 3628 5219 partici-

2080 5243 2337 5334 pando
2380 5261 2697 5326 nomen,
2741 5248 2823 5318 et
2865 5241 3269 5317 rationem
3314 5244 3628 5317 reduce·

2080 5359 2392 5430 rentur.
2428 5359 2648 5432 Unde
2682 5361 2763 5433 in
2805 5358 2970 5433 illis
3019 5359 3323 5432 duabus
3374 5360 3627 5453 parti-

2075 5472 2223 5545 bus
2260 5474 2467 5565 ignis
2514 5475 2862 5548 materia
2896 5474 3328 5568 cujuslibet
3362 5476 3625 5569 partis

2078 5590 2498 5665 reducitur
2546 5592 2642 5665 ad
2693 5592 3128 5666 materiam
3168 5594 3452 5680 totius,
3506 5594 3624 5675 sic

3763 4434 3852 4490 69.
