4252 6393
233 5165 300 5215 z]

160 5226 443 5275 Voluntas

150 5290 341 5337 dirim:
379 5303 423 5334 α

130 5351 272 5399 nullo
327 5365 461 5397 mo-

154 5423 308 5461 retm·
344 5411 434 5458 ad

172 5488 426 5538 operan-

209 5540 367 5586 dum.

1866 409 2226 487 QUAEsrno
2278 407 2351 471 nv
3568 401 3678 464 311

488 577 678 633 refert
718 575 1077 633 Theodorus
1143 576 1497 644 Smisingus
1545 576 1721 630 tract.
1790 574 1844 628 3.
1914 570 2044 626 dis-

487 680 617 747 put.
650 677 707 731 7.
742 680 930 746 quaet.
962 678 1016 730 2.
1052 680 1112 732 et
1146 674 1456 741 ultimam,
1514 687 1652 743 quae
1711 676 1803 728 est
1859 671 2043 736 Scoti,

485 774 906 845 amplectitur,
939 788 1127 845 quam
1188 775 1372 829 etiam
1454 770 1561 827 alii
1625 771 1916 837 Scotistae‚
1984 773 2046 826 et

482 869 736 942 quidam
770 884 845 924 ex
868 870 1201 926 Thomistis
1234 873 1603 939 sequuntur,
1637 868 1836 939 ipsam
1868 867 2046 923 scili-

483 972 601 1034 cet,
634 982 821 1039 quam
855 967 957 1024 hic
989 966 1165 1023 docet
1194 967 1429 1033 ScotuS,
1481 980 1704 1037 nempe
1759 964 2042 1021 divinam

479 1068 815 1139 potentiam
847 1068 1201 1137 proximam
1234 1071 1295 1122 et
1333 1064 1720 1138 adaequatam
1753 1078 1890 1121 esse
1947 1079 2046 1121 so-

488 1168 610 1222 lam
646 1166 752 1221 Dei
786 1166 1194 1222 voluntatem.
1228 1168 1311 1222 Ita
1342 1165 1572 1221 citatur
1613 1167 1829 1222 Doctor
1868 1165 1930 1220 in
1994 1167 2042 1222 l.

483 1263 624 1320 dist.
657 1264 749 1318 37.
784 1267 1003 1334 quaest.
1041 1276 1145 1318 un.
1184 1262 1498 1318 versiculo
1539 1280 1552 1316 ε
1614 1263 1680 1317 Et
1742 1264 2045 1317 secundum

484 1365 597 1417 Ιιοσ.
627 1365 914 1419 Attamen
949 1362 1099 1417 licet
1144 1362 1562 1418 communiter
1608 1377 1641 1417 a
1717 1361 2047 1434 Theologis

486 1463 549 1517 in
583 1460 749 1515 hunc
798 1472 1054 1516 sensum
1115 1459 1537 1532 pertrahatur,
1573 1458 1727 1515 mihi
1792 1458 2047 1516 videtur

485 1560 645 1617 nihil
679 1560 764 1616 ibi
796 1562 1149 1616 constanter
1178 1559 1543 1625 asseruisse,
1593 1556 1699 1613 sed
1739 1557 1852 1614 sub
1898 1573 2048 1614 cou-

483 1662 715 1718 ditione
747 1662 988 1715 tantum
1021 1659 1396 1713 insinuasse.
1431 1658 1653 1713 volens
1673 1658 1842 1713 enim
1902 1672 2046 1728 pro-

485 1761 652 1824 bare,
701 1755 865 1828 quod
924 1759 1127 1826 posset
1176 1756 1447 1824 intelligi
1506 1758 1699 1811 Deum
1764 1758 2042 1826 operari,

486 1859 587 1915 ubi
622 1871 742 1913 non
773 1861 934 1913 esset
955 1854 1300 1911 secundum
1332 1853 1763 1923 substantiam,
1804 1857 1855 1910 si
1887 1856 2045 1911 alio-

482 1958 636 2028 quin
668 1971 788 2012 non
820 1959 982 2011 esset
1015 1958 1381 2019 immensae,
1439 1954 1528 2009 ait
1558 1971 1572 2007 ε
1639 1955 1704 2009 Sc
1732 1957 1883 2008 onim
1920 1971 2044 2009 orn-

484 2058 788 2126 m'potenlia
830 2060 904 2108 est
946 2058 1224 2119 voluntas,
1284 2054 1359 2107 ad
1403 2056 1565 2121 cujus
1592 2054 1724 2107 vello
1786 2055 2043 2122 sequitur

484 2171 600 2208 rem
646 2170 775 2221 esse,
814 2170 941 2208 cum
988 2156 1247 2206 voluntas
1300 2155 1467 2220 possit
1530 2167 1674 2220 τρυε
1720 2153 1854 2205 velle
1925 2152 2042 2205 dis-

486 2260 613 2308 tans
640 2256 786 2308 sicut
828 2255 1233 2323 propinquum,
1276 2253 1518 2318 videtur,
1577 2252 1723 2320 quod
1750 2252 1800 2303 si
1856 2252 2042 2305 omni-

476 2358 668 2420 potens
714 2352 869 2417 esset,
898 2366 1000 2420 per
1031 2352 1381 2418 impossibile,
1415 2352 1476 2404 in
1508 2351 1697 2418 aliquo
1732 2352 1842 2404 Ioco
1871 2351 2043 2403 dotor-

486 2452 723 2516 minato,
755 2455 806 2504 et
834 2464 947 2502 non
979 2452 1199 2517 ubique,
1218 2455 1392 2519 posset
1435 2450 1569 2503 veno
1598 2450 1822 2517 aliquid
1850 2464 1957 2503 csse
1977 2452 2037 2503 in

482 2552 600 2605 alio
623 2554 753 2616 loco,
785 2550 879 2603 cui
899 2563 1011 2602 non
1033 2553 1370 2617 repuynaret
1389 2553 1578 2613 esse-,et
1592 2562 1692 2615 per
1712 2562 2040 2616 consequens

477 2668 582 2705 suo
602 2652 734 2704 velle
764 2649 913 2703 illud
943 2648 1162 2701 haberet
1192 2663 1299 2701 esso
1320 2646 1392 2701 in
1428 2648 1529 2701 illo
1550 2650 1679 2713 loco,
1704 2653 1751 2699 et
1781 2661 1876 2715 per
1906 2662 2040 2700 con-

486 2765 718 2819 sequens
749 2748 897 2802 illud
950 2749 1098 2814 fieret
1130 2747 1198 2798 ab
1234 2746 1606 2813 omnipotente
1663 2747 1863 2813 absque
1919 2745 2037 2813 hoc,

479 2849 629 2918 quod
644 2847 997 2914 Omnipotens
1027 2849 1154 2898 esset
1183 2857 1421 2911 proesens
1443 2844 1521 2897 ibi
1548 2845 1847 2897 secundum
1869 2857 2040 2897 essen.

477 2949 642 3002 tiam.
676 2945 848 3000 Nihil
873 2945 1078 3014 itaque
1098 2944 1267 2999 circa
1290 2942 1448 2998 hanc
1494 2941 1928 2998 difficultatem
1966 2958 2039 2999 eo

484 3047 622 3102 loco
652 3046 870 3100 Scotue
902 3024 1371 3107 determinavit,
1423 3054 1623 3113 neque
1656 3041 1807 3097 alibi
1861 3041 2037 3111 judi-

491 3145 777 3201 caverim
801 3143 1037 3198 clarius
1072 3142 1233 3198 hanc
1258 3142 1641 3212 expressisse
1664 3141 2034 3198 sententiam

480 3258 673 3318 quam
709 3243 772 3297 in
808 3240 924 3296 hac
957 3242 1336 3311 quaestione3
1372 3240 1522 3296 alibi
1557 3239 1890 3309 distinguit
1928 3254 2038 3311 po-

479 3344 746 3401 tentiam
783 3341 1180 3396 executivam
1241 3338 1315 3395 ab
1348 3339 1664 3396 intellectu
1704 3344 1765 3395 et
1810 3340 2036 3395 volun-

480 3447 633 3506 tate,
666 3444 728 3496 et
759 3440 1161 3494 executivam
1197 3438 1535 3508 potentiam
1572 3442 1748 3492 vocat
1799 3439 2035 3492 instru-

487 3541 796 3601 mentum,
831 3536 1225 3592 intellectum
1260 3534 1535 3605 appellat
1567 3535 1903 3604 potentiam
1938 3532 2036 3588 di-

484 3639 829 3706 rigentem,
862 3636 1019 3691 etin
1048 3633 1368 3690 voluntate
1420 3648 1635 3689 veram
1686 3637 1745 3689 et
1801 3632 2037 3687 forma-

481 3737 615 3791 lem
652 3734 976 3790 constituit
1008 3735 1318 3790 rationem
1352 3732 1758 3788 cau-alitatiS.
1796 3735 1889 3786 An
1923 3745 2036 3786 au-

480 3840 611 3891 tem
644 3831 759 3888 hoc
790 3832 871 3889 sit
904 3830 1395 3900 intelligendum
1430 3830 1505 3886 de
1554 3831 1871 3885 voluntate
1932 3845 2036 3885 ac-

480 3932 665 3997 tuali,
701 3931 808 3987 vel
835 3936 1021 4001 prout
1048 3935 1141 3987 cst
1170 3929 1283 3985 sub
1315 3935 1475 3995 actu,
1508 3944 1587 3985 an
1620 3945 1770 3984 vero
1791 3927 1867 3984 de
1899 3930 2034 3999 ipsa

490 4031 797 4090 facultate
845 4030 1121 4097 volendi,
1154 4043 1260 4084 seu
1318 4028 1394 4084 de
1455 4030 1794 4096 voluntate,
1856 4035 2040 4100 prout

481 4135 583 4187 est
614 4127 731 4185 sub
754 4133 892 4184 actu
919 4129 1143 4198 prime,
1177 4125 1496 4197 disputant
1517 4128 1711 4197 aliqui
1737 4129 1926 4198 3mihi
1952 4130 2039 4184 vi-

481 4231 673 4286 detur
704 4244 784 4284 ex
821 4228 933 4284 illo
969 4228 1099 4283 loco
1131 4227 1288 4283 Scoti
1323 4227 1528 4294 citato,
1561 4226 1731 4282 clare
1789 4226 2035 4294 deduci,

485 4343 635 4384 eum
669 4328 1071 4384 constituisse
1101 4327 1438 4398 potentiam
1472 4329 1630 4383 hanc
1656 4328 1717 4381 in
1744 4327 1875 4396 i1so
1896 4333 2033 4384 actu

487 4428 772 4494 volendi,
789 4443 897 4483 seu
912 4427 1231 4484 voluntate
1245 4427 1581 4483 actuali.Ad
1600 4429 1782 4494 cujus,
1808 4427 2034 4497 inquit,

483 4529 623 4583 velle
658 4529 916 4595 sequitur
946 4541 1063 4579 rem
1093 4540 1220 4579 esso.
1256 4525 1559 4580 Similiter
1594 4525 1856 4580 habetin
1882 4524 2038 4592 frag·

486 4632 696 4683 mento
720 4624 1353 4695 ultiinaequaesti011i8‚
1385 4621 1459 4677 ad
1488 4622 1668 4677 linem
1696 4622 1882 4692 hujus
1905 4639 2042 4693 ope·

493 4727 610 4792 rie,
645 4739 821 4780 num.
852 4723 907 4776 3.
943 4720 1095 4776 Vide
1126 4736 1269 4776 eum
1306 4723 1369 4776 in
1402 4722 1456 4776 4.
1489 4720 1630 4778 dist.
1670 4722 1754 4777 13.
1817 4729 2034 4793 quaest.

492 4829 541 4881 l.
597 4837 768 4878 num.
831 4823 922 4879 31.
984 4823 1038 4885 §-
1101 4822 1183 4874 Ad
1242 4822 1389 4874 illud
1422 4837 1434 4873 :
1501 4820 1602 4875 ubi
1665 4822 1753 4876 ait
1810 4822 2038 4877 volun-

483 4930 675 4982 tatem
706 4938 839 4978 esse
872 4921 1255 4993 principium
1287 4923 1608 4975 creaturae.

582 5133 694 5204 De
739 5129 1083 5201 seeundo
1120 5127 1234 5199 sic
1275 5152 1287 5195 :
1328 5146 1483 5197 non
1546 5129 1921 5196 movetur
1990 5146 2036 5195 a

487 5246 924 5326 meatui-ie,
1002 5244 1190 5335 quia
1258 5246 1705 5315 causantur
1774 5263 1819 5313 a
1890 5263 2034 5311 suo

488 5364 721 5443 velle,
795 5384 941 5434 nec
1013 5361 1300 5431 habent
1368 5358 1773 5429 rationem
1852 5357 2033 5428 linis

492 5483 867 5572 respectu
902 5478 1189 5550 divinae
1232 5474 1579 5549 actionis
1617 5499 1630 5541 ε
1670 5495 1812 5546 nec
1869 5495 2035 5544 mo-

486 5598 728 5667 vetur
769 5616 815 5667 a
862 5592 1221 5686 potentia
1253 5591 1559 5671 divina;
1607 5593 1776 5662 tum
1849 5587 2033 5679 quia

2158 568 2522 661 potentia
2593 568 3071 660 inquantum
3122 563 3341 645 talis,
3389 563 3704 635 abstra-

2157 684 2273 756 hit
2318 685 2415 755 ab
2459 684 2675 757 omni
2737 683 3260 762 actualitate;
3306 686 3482 755 tum
3517 680 3703 772 quia

2155 804 2245 874 de
2309 800 2628 875 ratione
2672 822 2818 872 sua
2884 802 3007 871 est
3078 797 3706 870 indeterminata

2158 921 2251 992 ad
2329 919 2502 1000 hoc,
2574 918 2699 989 vel
2802 918 2992 989 illud
3072 914 3697 1009 producendum,

2155 1035 2536 1106 voluntas
2582 1038 2853 1105 autem
2914 1031 3446 1105 determinate
3507 1029 3700 1101 facit

2161 1151 2333 1233 hoc,
2381 1156 2459 1224 et
2522 1171 2679 1222 non
2744 1150 2972 1229 illud;
3020 1170 3163 1219 nec
3216 1149 3594 1218 movetur
3652 1167 3700 1218 a

2160 1269 2500 1341 scientia
2532 1267 2826 1347 divina,
2888 1266 3074 1359 quia
3109 1265 3542 1338 secundum
3581 1283 3700 1334 ra-

2157 1383 2463 1454 tionem
2517 1380 2875 1453 scientiae
2942 1382 3265 1471 sumpta
3325 1381 3447 1450 est
3510 1397 3696 1449 con-

2157 1498 2641 1579 trariorum,
2722 1518 2864 1568 nec
2929 1496 3107 1588 plus
3167 1494 3387 1566 illius
3458 1515 3696 1584 quam

2159 1616 2460 1688 istius:
2533 1614 2915 1685 voluntas
2984 1615 3258 1684 autem
3323 1609 3698 1682 determi-

2156 1739 2343 1806 nate
2386 1739 2510 1806 est
2555 1733 2818 1811 istius,
2863 1736 2944 1804 et
2984 1750 3143 1802 non
3177 1729 3398 1802 illius
3436 1754 3450 1810 ;
3496 1748 3694 1818 ergo

2156 1871 2202 1922 a
2249 1872 2358 1932 se,
2413 1871 2571 1922 non
2613 1850 2712 1920 ah
2753 1849 2914 1920 alio
2977 1845 3249 1937 aliquo
3294 1848 3690 1917 movetur.

2244 1966 2834 2040 Advertendum
2883 1968 3008 2037 est
3049 1963 3203 2043 hic,
3243 1962 3446 2054 quod
3488 1960 3694 2032 sieut

2158 2081 2520 2174 potentia
2587 2085 2667 2154 et
2703 2078 3068 2160 scientia,
3118 2080 3303 2150 sunt
3348 2076 3693 2149 indeter-

2158 2197 2465 2270 minata
2513 2200 2883 2289 respectu
2948 2194 3374 2285 utriusque
3433 2196 3694 2265 extre-

2158 2314 2265 2385 mi
2307 2310 3004 2393 contradictioni&
3088 2331 3238 2402 pro
3320 2329 3698 2400 quocum-

2156 2452 2302 2523 que
2343 2454 2519 2498 nunc
2557 2428 2906 2510 divisim,
2980 2427 3095 2499 ita
3127 2430 3254 2499 cst
3288 2426 3692 2508 volunta&

2152 2551 2230 2619 ct
2275 2548 2479 2619 velle
2541 2545 2710 2627 Dei,
2748 2546 3024 2617 eodem
3062 2544 3292 2614 modo
3326 2545 3449 2615 est
3493 2542 3701 2613 indc-

2152 2662 2622 2746 terminata,
2676 2662 2860 2755 quia
2894 2662 3097 2734 idem
3132 2662 3254 2731 est
3289 2661 3693 2742 voluntaS,

2151 2786 2230 2854 et
2277 2781 2666 2875 potentia,
2734 2783 2811 2851 et
2884 2777 3276 2849 scientia:
3361 2778 3493 2849 sed
3564 2798 3693 2849 res

2148 2898 2442 2979 divina,
2519 2919 2691 2990 quse
2767 2896 3103 2968 realiter
3141 2916 3237 2966 ex
3276 2897 3506 2986 parte
3547 2915 3693 2965 sua

2150 3018 2273 3086 est
2353 3013 3007 3092 indeterminata,
3084 3008 3487 3102 accipitur
3547 3009 3691 3081 sub

2153 3132 2471 3204 ratione
2554 3128 3027 3210 voluntatis,
3109 3149 3243 3198 seu
3342 3126 3690 3200 volentis

2153 3269 2323 3320 rem
2358 3271 2535 3319 esse
2571 3274 2584 3315 ε
2633 3252 2713 3320 et
2759 3246 3194 3318 secundum
3231 3244 3475 3316 istam
3509 3264 3689 3316 con-

2149 3368 2724 3441 siderationem
2794 3362 3430 3457 apprehenditur
3471 3382 3516 3432 a
3560 3381 3692 3433 no-

2147 3485 2267 3556 bis
2338 3489 2423 3557 ut
2499 3481 3070 3564 determinata,
3163 3497 3346 3550 cum
3419 3482 3689 3550 tamen

2148 3601 2538 3694 potentia,
2575 3605 2655 3672 et
2720 3580 3066 3671 'scicntia
3135 3598 3278 3668 sub
3336 3594 3518 3671 istis
3565 3615 3686 3665 ra-

2150 3718 2503 3792 tionibus
2573 3739 2730 3788 non
2799 3715 3537 3808 apprehendantur,
3603 3717 3688 3785 ut

2147 3834 2731 3913 determinatae,
2816 3833 2976 3904 imo
3020 3834 3106 3903 ut
3151 3851 3261 3911 re,
3306 3834 3387 3903 et
3442 3819 3688 3902 ratio-

2147 3971 2244 4021 ne
2297 3950 2625 4022 omnino
2727 3947 3409 4028 indeterminatae;
3500 3965 3684 4016 cum

2148 4071 2421 4138 autem
2489 4065 2896 4146 voluntaS,
2968 4067 3047 4136 et
3096 4062 3304 4133 velle
3373 4061 3683 4153 quidem

2150 4183 2256 4254 sit
2301 4182 2501 4253 idem
2543 4203 2627 4251 re
2696 4180 2899 4272 quod
2936 4178 3304 4259 scientia,
3355 4177 3690 4250 realiter

2150 4320 2310 4369 non
2379 4303 2503 4370 est
2604 4297 2931 4367 omnino
3035 4294 3685 4373 indeterminata,

2153 4418 2282 4487 sed
2374 4415 2518 4485 suh
2617 4415 2936 4487 ratione
3025 4409 3504 4492 voluntati&
3552 4432 3690 4480 seu

2149 4533 2355 4606 velle
2442 4529 3080 4624 apprehenditur
3155 4549 3202 4598 a
3279 4527 3534 4607 nohis,
3609 4530 3695 4598 ut

2150 4647 2715 4728 determinata,
2844 4668 3016 4737 quae
3119 4641 3693 4716 determinatio

2151 4788 2312 4838 non
2345 4771 2467 4838 est
2506 4765 2842 4837 realiter
2884 4765 2963 4836 in
3003 4784 3121 4842 ea,
3161 4762 3291 4832 sed
3355 4760 3694 4833 realiter

2154 4885 2229 4956 in
2292 4886 2704 4962 creatura,
2776 4880 3212 4951 seeundum
3287 4876 3689 4950 rationem

2152 5003 2230 5075 in
2263 5000 2684 5073 voluntate
2716 4997 2885 5069 Dei.

2241 5119 2442 5190 Hinc
2489 5120 2638 5196 est,
2705 5114 2910 5206 quod
2954 5113 3021 5184 si
3064 5110 3387 5204 quaeriS‚
3438 5129 3686 5201 quare

2152 5237 2300 5308 hoc
2398 5234 2731 5312 sactum,
2795 5235 2874 5304 et
2946 5250 3105 5301 non
3189 5226 3681 5320 oppositum,

2153 5350 2622 5443 respondeo,
2692 5348 2878 5440 quia
2919 5348 3132 5419 Deus
3188 5343 3338 5416 hoc
3399 5341 3680 5422 voluit,

2147 5474 2227 5541 et
2268 5487 2424 5538 non
2463 5465 2951 5557 oppositum,
3016 5481 3195 5533 cum
3230 5464 3499 5532 tamen
3561 5480 3686 5530 eo-

2145 5586 2321 5656 dem
2389 5583 2593 5654 velle
2653 5581 3006 5660 omnine,
3094 5576 3428 5650 realiter
3493 5575 3689 5648 velit

3835 1954 3913 2005 22.
