4252 6393
686 322 800 410 ,ae

717 488 959 576 esset,
989 489 1475 581 sequeretur
1498 488 1705 580 quod
1729 488 1797 561 si
1820 506 2031 579 aqua
2052 491 2268 561 esset

723 599 1218 675 condensata
1264 604 1357 676 ad
1428 606 1769 695 gradum
1837 602 2266 678 densitatis

722 721 995 798 terrae,
1044 723 1235 792 tunc
1290 741 1501 812 aqua
1558 725 1638 794 et
1708 725 1938 792 terra
1994 725 2267 794 essent

582 924 598 941 Ὗ
724 833 874 906 sibi
910 835 1257 916 invicem
1289 838 1671 929 aequales.
1747 842 2267 928 Consequens

464 952 475 962 ‘
598 947 602 950 ⁴
664 1008 665 1011 ,
722 944 1045 1034 falsum,
1087 953 1276 1045 quia
1314 954 1405 1026 de
1438 955 1658 1028 facto
1693 958 1921 1028 terra
1953 959 2077 1028 est
2106 976 2267 1026 ma-

372 1072 399 1086 “
480 1068 483 1069 *
679 1066 851 1156 -jor
905 1089 1147 1160 aqua;
1210 1069 1466 1160 igitur
1535 1072 1603 1144 si
1658 1078 1873 1146 'esset
1932 1073 2268 1146 conden-

724 1180 1032 1280 sata3ad
1062 1181 1549 1257 densitatem
1585 1188 1832 1257 terrae
1865 1205 2027 1256 non
2051 1188 2266 1258 esset

720 1295 1084 1396 aequalis.
1123 1301 1718 1392 Consequentia
1758 1305 2004 1384 tenet,
2079 1301 2267 1392 quia

724 1402 793 1483 si
833 1412 1068 1486 fieret
1134 1417 1631 1502 condensata
1694 1418 1963 1489 minor
2020 1423 2261 1499 esset,

723 1548 966 1621 quam
1000 1529 1066 1601 si
1109 1552 1268 1602 non
1300 1537 1516 1606 esset
1547 1533 2063 1606 condensata.
2114 1534 2265 1605 An-

720 1647 1089 1719 tecedens
1124 1653 1490 1742 apparet,
1583 1649 1772 1741 quia
1840 1650 1996 1721 nisi
2057 1671 2268 1742 aqua

717 1768 934 1843 esset
1005 1763 1276 1836 minor
1351 1771 1603 1848 terra,
1677 1787 1864 1838 eum
1944 1786 2268 1860 semper

715 1898 928 1972 aqua
976 1881 1251 1954 tendat
1292 1882 1387 1953 ad
1420 1883 1686 1956 locum
1711 1882 2261 1966 decliviorem,

717 1994 1091 2090 sequitur
1132 1999 1341 2091 quod
1373 2019 1583 2091 aqua
1623 2000 1948 2072 deberet
1980 2021 2266 2092 coope-

722 2115 889 2188 rire
923 2120 1184 2189 totam
1228 2121 1568 2199 terram,
1604 2121 1685 2191 et
1721 2117 1980 2210 ipsam
2018 2116 2268 2209 sphae-

721 2237 893 2312 rice
950 2239 1488 2322 circumdare,
1570 2245 1651 2313 et
1733 2241 1945 2313 istud
2008 2241 2270 2331 magis

726 2362 1010 2449 postea
1048 2358 1555 2450 probabitur.

419 2482 634 2595 offla-4
740 2516 766 2558 -q
814 2478 1125 2556 Quarta
1166 2474 1588 2553 conclusio
1641 2481 1765 2551 est
1811 2478 1994 2561 ista,
2064 2479 2271 2571 quod

461 2608 593 2683 ,Νςσ
636 2580 696 2680 2²32
721 2595 1077 2683 quatuor
1106 2592 1507 2666 elementa
1530 2613 1690 2665 non
1716 2599 1901 2668 sunt
1923 2596 2274 2688 aequalia

372 2669 801 2782 Quande-in
864 2708 1411 2801 spissitudine.
1464 2711 1897 2792 Probatur,
1962 2713 2151 2804 quia
2203 2714 2270 2786 si

718 2825 833 2899 ita
874 2831 1114 2907 esset,
1172 2831 1657 2919 sequeretur
1698 2828 1905 2919 quod
1949 2828 2272 2920 spliaera

716 2942 1331 3034 generabilium,
1428 2947 1509 3016 et
1608 2945 2270 3037 corruptibilium

716 3060 1179 3134 contineret
1231 3058 1638 3151 sphaeram
1701 3064 1947 3133 terrie
2011 3062 2270 3136 multo

720 3176 985 3265 minus
1039 3194 1281 3269 quam
1342 3174 1605 3249 tribus
1658 3174 1879 3249 mille
1930 3176 2267 3250 vicibus.

716 3297 1232 3386 Consequens
1263 3296 1388 3366 est
1420 3295 1715 3365 contra
1748 3293 2267 3384 AstrologOS,

716 3414 803 3484 ut
840 3410 1066 3502 prius
1086 3409 1533 3500 allegatum
1558 3414 1706 3482 est.
1746 3412 1845 3483 Et
1870 3411 2271 3503 probatur

715 3527 1322 3618 consequentia,
1373 3525 1563 3617 quia
1623 3530 2059 3619 postquam
2119 3528 2271 3599 ele·

716 3649 908 3719 vata
948 3649 1135 3718 sunt
1166 3666 1263 3716 ex
1298 3664 1510 3736 aqua
1553 3644 1842 3736 spissa,
1880 3650 1957 3718 et
1984 3649 2269 3717 notum

716 3766 841 3836 est
872 3762 1365 3834 diametrum
1418 3765 1691 3841 terrae,
1749 3759 2106 3833 faciliter
2143 3782 2272 3853 po-

719 3878 882 3948 test
905 3873 1292 3965 cognosci
1328 3893 1471 3965 per
1491 3872 2079 3946 calculationes
2110 3873 2271 3945 dia-

722 3991 963 4064 metri
996 3989 1429 4084 cujuslibet
1457 3989 1813 4062 alioruin
1835 3990 2270 4066 elemento-

724 4129 930 4187 rum,
1004 4111 1084 4179 et
1161 4106 1622 4179 invenietur
1690 4107 1897 4198 quod
1976 4107 2266 4180 totalis

721 4223 1050 4317 sphaera
1082 4222 1699 4315 generabilium,
1736 4227 1816 4297 et
1856 4225 2267 4320 corrupti·

719 4341 1007 4414 bilium
1042 4341 1442 4415 modicum
1488 4341 1666 4433 plus
1713 4360 1953 4432 quam
2013 4342 2260 4424 mille,

718 4463 799 4533 et
822 4459 1188 4532 undecim
1212 4457 1523 4530 vicibus
1546 4457 1994 4533 continebit
2019 4457 2267 4550 sphae-

725 4596 903 4647 ram
939 4582 1210 4650 terrae.

481 4739 555 4788 ‚0-
809 4696 1117 4766 Contra
1152 4693 1352 4765 istas
1403 4690 1968 4764 conclusiones
1993 4691 2264 4782 argui.-

366 4802 689 4914 coffl’ggfjd
717 4812 880 4889 tur,
922 4807 1187 4900 primo
1256 4812 1549 4880 eontra
1609 4807 1961 4900 primam
2020 4811 2101 4881 et
2150 4829 2264 4879 se-

363 4927 414 4978 2·
454 4924 1059 4996 c0¹2<²·²1‘-³·cundam
1092 4924 1361 5005 simul,
1410 4924 1598 5016 quia
1664 4923 1820 4995 nisi
1861 4925 2266 4997 elementa

717 5047 990 5116 essent
1021 5040 1370 5134 aequalia
1404 5040 1484 5112 in
1529 5040 2106 5132 magnitudine,
2165 5062 2258 5114 ae

712 5165 1048 5242 virtute,
1106 5161 1593 5250 sequeretur
1635 5159 1841 5248 quod
1916 5158 2260 5229 elemen-

713 5288 884 5357 tum
921 5277 1185 5371 majus
1217 5274 1617 5346 elementa
1696 5273 2014 5365 reliqua
2081 5296 2257 5347 cor·

715 5396 1159 5488 rumperet.
1198 5396 1715 5480 Consequens
1756 5393 1882 5462 est
1925 5389 2250 5472 salsum,

713 5515 904 5607 quia
953 5517 1145 5586 tunc
1184 5509 1562 5581 deficeret
1594 5527 1752 5579 una
1794 5527 1985 5598 pars
2036 5507 2253 5599 prin-

1905 330 2047 391 mss.
2070 376 2075 381 .
2099 330 2142 393 1.
2192 326 2735 409 Mmssouoauu

2378 486 2668 579 cipalis
2706 486 3094 569 universi,
3130 490 3212 560 et
3248 506 3390 581 per
3420 502 3920 575 consequens

2381 604 2603 685 ordo,
2681 608 2762 677 et
2837 605 3083 678 decor
3160 602 3440 695 ipsius.
3515 600 3923 674 Probatur

2379 719 2987 811 consequentia,
3034 719 3224 812 quia
3273 719 3762 791 elementum
3793 737 3918 788 ex·

2377 836 2663 908 cedens
2695 840 2912 910 esset
2953 835 3698 929 appropinquatum
3739 832 3922 905 aliis

2380 974 2631 1045 super
2675 954 2939 1046 ipsam
2990 952 3613 1045 proportionem
3675 949 3922 1043 majo-

2382 1070 2501 1143 ris
2545 1069 3161 1161 inaequalitatis.

2467 1190 2778 1259 Contra
2875 1185 3210 1259 tertiam
3314 1185 3924 1259 conclusionem
3960 1175 4217 1287 ⁶3:21¹ss

2382 1303 2841 1396 probantur
2870 1304 3043 1376 duae
3102 1301 3699 1375 conclusiones.
3756 1302 3924 1374 Pri·

2382 1425 2693 1503 maest,
2769 1423 2977 1514 quod
3035 1420 3468 1514 cujuslibet
3544 1420 3927 1495 elementi

2384 1537 2732 1610 materia
2764 1541 2889 1611 est
2929 1537 3269 1629 aequalis
3306 1537 3672 1612 materiae
3733 1538 3926 1611 alte-

2381 1653 2582 1725 rius.
3353 1728 3356 1729 γ

2471 1772 2832 1843 Secunda
2916 1776 3066 1854 est,
3170 1773 3378 1864 quod
3456 1772 3927 1862 magnitudo

2381 1887 2620 1959 unius
2652 1888 3059 1969 elementi,
3100 1887 3308 1961 sicut
3333 1892 3606 1969 terrae,
3633 1892 3759 1961 est
3784 1909 3931 1981 per

2381 2026 2465 2076 se
2553 2004 3040 2097 subdeeupla
3125 2005 3218 2076 ad
3290 2004 3929 2093 magnitudinem

2381 2121 2762 2195 elementi
2815 2121 3198 2215 proximi,
3284 2122 3598 2195 scilieet
3665 2142 3922 2213 aquae,

2380 2241 2461 2310 et
2503 2236 2586 2309 in
2625 2237 2900 2313 eadem
2935 2239 3473 2331 proportione
3544 2260 3628 2311 se
3688 2237 3929 2311 habet

2388 2372 2599 2444 aqua
2651 2359 3027 2445 respectu
3073 2352 3319 2435 aeris,
3382 2358 3461 2426 et
3539 2375 3685 2425 aer
3764 2375 3928 2426 res·

2385 2474 2618 2563 pectu
2692 2469 2930 2561 ignis.
2997 2473 3095 2545 Et
3153 2493 3252 2542 ex
3326 2471 3483 2544 isto
3554 2470 3929 2563 sequitur

2385 2586 2591 2677 quod
2627 2587 2934 2660 raritas
2969 2587 3182 2678 ignis
3248 2592 3372 2662 est
3443 2588 3524 2659 in
3589 2588 3926 2681 decuplo

2387 2704 2654 2797 major
2700 2706 3045 2781 raritate
3105 2706 3347 2787 aeris,
3428 2711 3508 2780 et
3566 2706 3929 2780 densitas

2385 2825 2634 2894 terrae
2676 2827 2801 2897 est
2865 2823 2942 2896 in
2982 2823 3319 2916 decuplo
3365 2824 3634 2917 major
3674 2824 3931 2896 densi·

2384 2942 2552 3012 tate
2585 2960 2837 3030 aqua‘.

2473 3055 2751 3128 Prima
2837 3060 3418 3149 consequentia
3501 3059 3924 3151 probatur,

2385 3172 2574 3265 quia
2605 3173 3059 3248 verisimile
3101 3180 3227 3248 est
3277 3176 3484 3268 quod
3541 3180 3720 3251 tota
3765 3198 3928 3249 ma·

2384 3290 2594 3366 teria
2663 3293 3251 3382 generabilium
3290 3299 3372 3369 et
3437 3295 3931 3387 corruptibi-

2384 3407 2581 3479 lium
2616 3408 2722 3483 sit
2760 3409 3019 3482 divisa
3063 3410 3139 3483 in
3176 3416 3534 3503 quatuor
3587 3432 3930 3505 propor-

2384 3525 2647 3599 tiones
2715 3528 3093 3619 aequales,
3177 3549 3526 3620 quarum
3595 3528 3933 3603 cuilibet

2382 3642 2976 3717 elementorum
3020 3643 3508 3719 attribuitur
3551 3664 3733 3717 una.
3801 3649 3934 3717 Se-

2382 3758 2666 3839 cundo,
2734 3759 2921 3850 quia
2981 3760 3317 3851 aequalis
3393 3764 3518 3834 est
3575 3761 3932 3833 materia

2384 3875 2973 3967 proportionis,
3005 3876 3221 3949 aeris
3255 3876 3623 3967 generati
3647 3898 3746 3948 ex
3772 3898 3931 3949 una

2381 3993 2914 4083 proportione
2959 3995 3324 4070 materiae
3384 3993 3604 4066 illius
3657 4014 3927 4086 aquam

2382 4104 2638 4196 igitur
2699 4111 3049 4183 materia
3102 4109 3358 4184 totius
3411 4109 3751 4203 sphaerae
3803 4131 3930 4182 ae-

2382 4224 2498 4296 ris
2583 4230 2709 4300 est
2785 4226 3120 4318 aequalis
3212 4227 3581 4301 materiae
3669 4227 3928 4301 totius

2380 4341 2719 4433 sphaerae
2753 4361 3006 4434 aquae.
3053 4344 3300 4418 Tenet
3342 4344 3927 4437 consequentia

2379 4479 2524 4552 per
2566 4457 3149 4551 Philosophum
3192 4463 3268 4529 in
3311 4462 3438 4530 iseo
3480 4463 3727 4551 prime,
3789 4460 3923 4533 ubi

2375 4576 2550 4649 vult
2582 4576 2788 4668 quod
2850 4577 3284 4655 secundum
3343 4579 3706 4651 eamdem
3742 4600 3927 4671 pro-

2378 4690 2842 4783 portionem
2912 4715 2994 4765 se
3045 4692 3288 4767 habet
3346 4698 3613 4768 totum
3673 4716 3924 4766 unum

2375 4808 2866 4884 elementum
2908 4831 3092 4882 cum
3126 4809 3319 4892 alio,
3356 4816 3436 4885 et
3460 4832 3653 4904 pars
3684 4810 3923 4882 unius

2376 4949 2560 5001 cum
2603 4931 2838 5021 parte
2880 4927 3251 5011 alteriuS,
3298 4928 3366 5000 si
3416 4949 3513 5001 ex
3573 4927 3920 5002 invicem

2375 5049 2897 5138 generentur.
2927 5045 3231 5127 Terti0,
3271 5044 3455 5137 quia
3483 5046 3920 5120 secundum

2371 5163 2734 5235 eamdem
2789 5159 3412 5253 proportionem
3487 5182 3568 5232 se
3631 5160 3922 5236 debent

2370 5279 2669 5351 habere
2778 5275 3377 5368 magnitudines
3482 5276 3921 5352 elemento-

2371 5415 2578 5475 rum,
2653 5391 3088 5464 secundum
3158 5412 3399 5482 quam
3471 5413 3554 5465 se
3623 5391 3920 5468 habent

2367 5507 2762 5600 gravitas,
2809 5513 2889 5582 et
2935 5508 3264 5589 levitas3
3337 5509 3615 5582 eodem
3673 5509 3910 5581 modo
