4252 6393
385 2735 578 2799 Ορίηἰο
600 2735 649 2788 1.

720 387 832 456 144
1890 396 2033 457 Llss.
2083 383 2157 457 11.
2207 381 2761 461 METEORORUM

796 554 941 627 Sed
975 555 1384 626 sciendum
1411 557 1535 627 est
1560 553 2250 646 quoddifferontia
2365 554 2747 629 localiter
2805 557 3146 639 moveri,
3211 563 3291 633 et
3336 559 3694 655 incipere
3753 564 3900 636 cir·

705 674 830 743 ost
895 669 1111 742 inter
1164 672 1485 743 modum
1552 670 2248 763 augmentationis

703 786 928 858 fluvii
972 791 1051 860 ct
1120 789 1341 862 venti
1403 814 1417 857 ε
1476 787 1664 880 quia
1709 787 2000 858 fluvius
2057 806 2246 877 aug-

709 909 1148 987 mentatur,
1194 911 1274 980 et
1321 905 1594 979 defluit
1646 925 1790 997 per
1830 924 2077 976 unum
2122 923 2248 977 ca-

706 1023 973 1094 nalem
1006 1023 1295 1106 solum,
1345 1024 1517 1095 idco
1542 1027 2015 1116 perseverat
2058 1042 2246 1112 aug-

708 1139 1137 1212 mentando
1174 1161 1425 1233 usque
1458 1140 1553 1212 ad
1596 1139 2031 1212 introitum
2085 1158 2245 1209 ma-

708 1255 849 1328 ris.
879 1258 1026 1329 Sed
1055 1262 1347 1332 ventus
1372 1278 1531 1330 non
1560 1258 1673 1330 sic
1705 1256 2070 1330 defertur
2104 1275 2248 1347 por

707 1375 1381 1456 unum'canalem‚
1429 1375 1561 1447 sed
1597 1378 1933 1467 propter
1966 1372 2244 1446 levita·

706 1494 872 1563 tem
932 1491 1108 1583 ojus
1150 1504 1333 1563 cum
1392 1491 1643 1564 fuerit
1693 1494 2245 1581 congregatus

706 1605 787 1678 in
829 1626 1125 1698 magna
1184 1606 1447 1699 copia,
1509 1605 2016 1697 dispergitur
2057 1603 2243 1675 hinc

705 1720 906 1804 inde,
953 1725 1031 1796 ct
1082 1722 1599 1796 consumitur
1650 1743 1696 1793 a
1748 1721 1956 1802 Sole,
2002 1724 2082 1792 et
2128 1719 2244 1791 sic

706 1843 976 1912 cessat
1015 1844 1329 1912 ventus.
1378 1842 1610 1913 Patet
1659 1858 1858 1928 ergo
1921 1858 2094 1930 quee
2139 1836 2247 1909 sit

702 1956 973 2028 forma
1008 1956 1226 2029 illius
1258 1957 1506 2031 venti.

1171 2287 1601 2346 ARTICULUS
1678 2287 1776 2343 111.

903 2468 999 2532 De
1038 2489 1237 2533 causa
1277 2468 1611 2551 efficiente
1656 2477 2025 2533 ventorum.

796 2659 942 2733 Sed
974 2679 1184 2732 nunc
1210 2658 1920 2733 restatdifficultas
1948 2675 2243 2746 magna

703 2775 794 2846 de
838 2773 1243 2868 principio
1286 2775 1658 2848 effectivo
1687 2776 1956 2847 motus
1986 2771 2241 2864 ipsius

702 2893 948 2973 venti,
988 2912 1033 2963 a
1067 2912 1221 2984 quo
1255 2890 1621 2964 effective
1652 2893 1940 2963 ventus
1978 2910 2240 2961 move-

700 3014 861 3083 tur.
912 3012 1011 3082 Et
1050 3009 1141 3080 de
1176 3009 1333 3082 isto
1379 3007 1806 3098 imaginati
1854 3010 2042 3079 sunt
2100 3005 2239 3077 ali·

701 3126 835 3218 qui
906 3126 1114 3219 quod
1183 3126 1260 3199 in
1328 3145 1516 3198 aere
1585 3128 1857 3199 essent
1915 3124 2235 3217 quidam

700 3244 1069 3338 spiritus,
1126 3243 1294 3318 sive
1355 3246 1715 3336 quaedam
1780 3242 2238 3333 Intelligen-

700 3363 859 3443 tiae,
952 3383 1125 3455 quae
1220 3359 1771 3434 communiter
1856 3359 2240 3433 dicuntur

696 3481 1125 3559 daemones,
1164 3476 1298 3569 qui
1324 3476 1665 3568 spiritus
1685 3475 1778 3546 ad
1804 3475 1953 3547 hoc
1977 3475 2239 3547 deser-

696 3596 923 3668 viant
973 3598 1315 3675 naturae,
1364 3592 1571 3685 quod
1628 3590 1997 3664 deferant
2054 3612 2239 3667 ven-

696 3718 828 3788 tos
887 3712 983 3784 ad
1051 3711 1230 3783 loca
1278 3708 1601 3783 diversa
1649 3707 1833 3780 hinc
1900 3709 2074 3780 inde
2126 3729 2240 3779 sc-

698 3828 1045 3900 cundum
1112 3825 1620 3898 voluntatem
1681 3823 2034 3905 Domini,
2109 3824 2239 3896 cui

701 3950 889 4018 sunt
962 3942 1281 4015 subditi.
1358 3944 1456 4014 Et
1525 3939 1674 4013 hoc
1757 3940 2158 4033 probatur
2221 3966 2236 4010 :

703 4063 893 4156 quia
930 4061 1057 4132 vel
1113 4057 1610 4152 principium
1685 4056 1905 4129 illius
1969 4062 2241 4131 motus

700 4185 825 4254 est
895 4166 1370 4250 immediate
1416 4176 1513 4248 ab
1573 4175 1846 4266 aliquo
1907 4194 2242 4265 cognos-

701 4302 955 4378 cente,
989 4296 1116 4368 vel
1169 4315 1379 4367 non:
1429 4293 1497 4364 si
1542 4292 1683 4375 sic,
1721 4312 1882 4364 non
1922 4292 2244 4365 videtur

699 4415 915 4489 aliud
948 4433 1189 4506 quam
1218 4412 1423 4486 tales
1459 4410 1827 4503 spiritus,
1852 4410 1977 4483 vol
2009 4409 2244 4483 Intel-

699 4527 1084 4621 ligentiae.
1124 4524 1204 4600 si
1238 4546 1284 4597 a
1313 4544 1473 4596 non
1496 4526 2063 4614 cognoscente,
2092 4521 2244 4594 hoc

700 4651 826 4720 est
858 4644 1180 4725 falsum,
1228 4641 1418 4734 quia
1477 4641 1557 4714 in
1604 4640 1786 4713 istis
1838 4639 2245 4713 inferiori-

700 4764 849 4836 bus
890 4782 1054 4834 non
1092 4758 1506 4832 invenitur
1557 4756 1859 4849 aliquid
1901 4776 2062 4828 non
2121 4776 2246 4828 co-

702 4898 1128 4972 gnoscens,
1168 4876 1371 4969 quod
1406 4874 1514 4948 sit
1548 4873 2040 4967 principium
2086 4892 2246 4944 mo-

702 5004 836 5073 tus
880 4995 1192 5076 localiS,
1239 4992 1399 5065 nisi
1450 4992 1845 5083 gravitas,
1899 4990 2024 5062 vol
2061 4987 2248 5061 levi·

703 5120 856 5189 tas.
913 5114 1147 5186 Modo
1207 5109 1428 5182 venti
1490 5129 1648 5182 non
1713 5111 2145 5180 moventur
2203 5125 2250 5177 a

701 5231 1135 5324 gravitate,
1175 5226 1362 5319 quia
1392 5230 1584 5299 tunc
1616 5225 1997 5299 caderent
2028 5223 2252 5296 deor-

703 5369 908 5428 sum,
954 5366 1098 5418 nec
1135 5363 1181 5415 a
1230 5339 1589 5422 levitate,
1639 5339 1826 5432 quia
1879 5342 2068 5412 tunc
2128 5360 2250 5411 as-

704 5465 1138 5539 cenderent
1172 5477 1532 5529 sursum.

798 5578 1183 5659 Secundo,
1260 5571 1450 5666 quia
1528 5570 1892 5644 videmus
1960 5572 2250 5644 ventos

2364 674 2591 745 cuire
2651 696 2697 747 a
2757 680 2990 768 parte
3036 677 3474 771 superiori,
3537 680 3654 754 ita
3694 684 3899 774 quod

2364 811 2510 882 per
2571 791 2798 884 prius
2850 792 3099 864 nubes
3141 794 3622 870 deferuntur
3679 820 3901 892 supc-

2365 907 2537 978 rius
2584 927 2630 978 a
2668 911 2912 982 vento
2975 930 3217 1002 quam
3260 911 3737 1004 pertingunt
3795 915 3902 986 in-

2361 1022 2617 1095 ferius
2663 1050 2677 1094 2
2755 1027 2988 1099 modo
3057 1048 3218 1099 non
3296 1028 3619 1104 videtur
3697 1030 3900 1122 quod

2364 1140 2556 1215 talis
2624 1141 3061 1216 circulatio
3141 1145 3402 1236 possit
3465 1146 3899 1238 provenire

2361 1259 2459 1329 ab
2490 1257 2763 1350 aliquo
2799 1259 3272 1334 inanimato.

2451 1376 2595 1448 Sed
2650 1375 2806 1449 ista
2841 1377 3114 1470 opinio
3148 1381 3273 1451 cst
3315 1376 3548 1459 falsa,
3585 1400 3728 1452 nec
3769 1401 3898 1452 na·
3927 1395 4190 1456 Mutatur-

2359 1492 2748 1566 turaliter
2807 1495 3099 1586 posita,
3149 1495 3338 1587 quia
3390 1502 3902 1588 quaereretur

2358 1608 3898 1702 defigurahuJusmodiinanimatorum,

2360 1724 2485 1795 vel
2519 1745 2620 1795 an
2653 1731 2925 1802 essent
2966 1727 3389 1820 sphaericae
3448 1730 3758 1820 figurae,
3822 1736 3902 1805 et

2360 1843 2551 1913 tunc
2583 1862 2742 1914 non
2779 1849 3110 1935 possent
3143 1865 3416 1917 secum
3470 1846 3903 1939 quidquam

2357 1957 2699 2041 deferre,
2722 1961 2854 2032 sed
2880 1966 3407 2037 moverentur
3430 1984 3576 2056 per
3599 1982 3900 2044 aerem,

2361 2073 2626 2166 ipsum
2683 2076 3149 2160 dividendo;
3197 2080 3326 2151 vel
3376 2085 3650 2154 essent
3711 2080 3908 2155 alte·

2361 2190 2533 2263 rius
2591 2193 2899 2284 figurae,
2939 2194 3056 2267 ita
3115 2196 3324 2286 quod
3374 2195 3723 2271 habea-nt
3762 2196 3904 2269 dif-

2360 2308 2867 2385 formitatem
2930 2312 3008 2385 in
3082 2313 3251 2386 suis
3338 2314 3733 2407 partibus,
3826 2317 3906 2387 et

2359 2424 2510 2499 hoc
2571 2447 2732 2499 non
2773 2429 3095 2503 videtur
3150 2451 3465 2513 verum,
3511 2453 3696 2505 cum
3730 2451 3901 2513 aer,

2354 2542 2483 2615 vel
2518 2542 2754 2633 ignis,
2793 2545 2927 2637 qui
2960 2550 3084 2619 est
3121 2545 3472 2619 materia
3496 2547 3897 2641 ipsorum,

2355 2677 2514 2730 non
2549 2658 2655 2732 sit
2693 2661 2922 2742 dura,
2961 2682 3108 2735 nec
3154 2666 3424 2754 potest
3457 2662 3729 2734 facero
3760 2660 3902 2732 dif-

2355 2773 2864 2848 formitatem
2908 2775 2990 2847 in
3024 2776 3424 2869 partibus.

2440 2894 2524 2959 Et
2554 2896 2867 2982 arquitur
2903 2896 3079 2982 quod
3114 2897 3400 2982 spic-ilus
3438 2917 3572 2962 non
3622 2906 3902 2983 possunt
3923 2927 4045 2977 Haee
4079 2923 4199 2972 adde:

2352 3029 2485 3072 esse
2509 3011 2860 3098 principia
2891 3013 3139 3077 motiva
3172 3023 3536 3091 ventorum,
3566 3012 3726 3098 quia
3755 3032 3894 3077 non
3920 2987 4199 3124 {ffssffgffl

2351 3127 2540 3205 mali,
2576 3128 2734 3213 quia
2766 3128 2947 3193 venei
2969 3148 3093 3215 per
3128 3149 3318 3194 suum
3347 3138 3593 3194 motum
3626 3128 3894 3215 aliquo·
3918 3112 4112 3163 'mna'
4143 3130 4199 3163 ω·

3923 3177 4065 3227 dicis.
4090 3175 4198 3229 laudl

2353 3244 2497 3325 cies,
2540 3244 2673 3309 imo
2709 3264 2987 3331 semper,
3026 3256 3096 3310 ut
3138 3245 3421 3325 videtur,
3465 3244 3743 3333 aliquod
3779 3244 3897 3310 bo·
3958 3240 4199 3352 :5223ka

2350 3379 2511 3425 num
2560 3361 2826 3444 faciunt
2859 3385 2879 3425 .·
2920 3361 3037 3426 sed
3099 3362 3388 3449 maliqni
3421 3362 3704 3449 spiritus
3758 3381 3898 3426 non
3958 3369 4064 3477 οὲμτ
4094 3364 4198 3480 gffi

2351 3475 2599 3541 directe
2658 3488 3023 3563 operantur
3062 3479 3194 3544 lale
3243 3479 3506 3545 bonum.
3561 3478 3694 3543 Nec
3739 3489 3897 3542 sunt
3925 3443 4199 3540 ffiui‘iumm‘a

2350 3594 2630 3679 spi-ritus
2678 3594 2835 3661 boni
2864 3597 2980 3682 qui
3020 3596 3445 3683 principiam
3485 3605 3700 3661 molnes
3737 3615 3898 3660 ven-
3925 3552 4199 3684 iffitnsswsspuss

2355 3720 2592 3789 torum,
2630 3732 2777 3777 cum
2816 3722 3038 3777 taulus
3080 3712 3266 3777 labor
3303 3714 3398 3777 eis
3426 3732 3565 3778 non
3594 3710 3894 3792 debetur,
3927 3692 4199 3813 ςζξῖῧῗρω

2353 3847 2473 3893 nec
2534 3836 2625 3890 tot
2676 3827 2858 3892 mala
2907 3830 3155 3913 facere,
3200 3838 3353 3915 quoe
3389 3849 3514 3915 per
3550 3838 3897 3894 ventorum
3927 3803 4198 3930 nssssgasffi'ss'

2353 3945 2555 4026 [latres
2584 3945 3000 4032 continqunt.
3927 3925 4199 4040 ffdelfflffi

2446 4057 2604 4128 Pro
2668 4056 2826 4130 ista
2892 4058 3372 4132 difficultate
3441 4058 3548 4131 sit
3629 4057 3901 4151 prima
3929 4053 4000 4165 ξ·
4031 4049 4199 4164 ἔξω

2356 4172 2798 4254 conclusio,
2829 4175 3036 4265 quod
3060 4194 3309 4247 causa
3340 4174 3710 4248 effectiva
3735 4196 3900 4247 mo·
3928 4191 4115 4302 fegggg
4134 4173 4199 4299 ἑξ]

2358 4289 2489 4360 tus
2547 4291 3007 4372 ventorum,
3067 4296 3192 4364 est
3252 4291 3668 4383 frigiditas
3712 4312 3900 4384 pro·
3940 4296 4199 4413 Jecur-fotrix&

2357 4406 2662 4498 pollens
2773 4406 3380 4480 exhalationem
3482 4408 3897 4480 deorsum.
4187 4392 4199 4409 “

2359 4520 2791 4603 Probatur,
2868 4521 3055 4614 quia
3129 4522 3322 4597 talis
3399 4528 3669 4596 motus
3740 4544 3904 4597 non

2359 4638 2737 4730 provenit
2807 4639 2904 4711 ab
2991 4638 3437 4712 intrinseco
3524 4640 3905 4716 videlicet

2360 4754 2796 4845 gravitate,
2845 4754 3205 4836 levitate,
3264 4755 3389 4827 vel
3438 4756 3905 4849 Intelligen-

2360 4868 2477 4942 tia
2548 4874 2962 4951 niovente;
3031 4869 3286 4961 igitur
3350 4875 3727 4964 provenit
3805 4874 3908 4947 ab

2361 4986 2634 5078 aliquo
2668 4986 3137 5060 extrinseco
3169 4988 3712 5073 violentante;
3762 4992 3907 5082 igi-

2361 5107 2501 5176 tur
2540 5124 2699 5175 non
2743 5104 2840 5175 ab
2881 5104 3070 5187 alio,
3122 5126 3366 5197 quam
3406 5107 3902 5198 frigiditate;

2361 5223 2441 5293 et
2467 5218 2615 5292 hoc
2641 5240 2789 5313 per
2813 5219 3061 5294 istum
3089 5223 3436 5305 modum,
3459 5224 3646 5314 quia
3669 5223 3907 5298 exha-

2363 5334 2565 5406 latio
2616 5334 2878 5406 calida
2918 5338 2998 5407 et
3041 5334 3260 5408 sicca
3317 5336 3637 5412 elevata
3679 5361 3906 5433 supe-

2365 5450 2538 5522 rius
2581 5470 2628 5522 a
2669 5450 2946 5523 calore
3007 5451 3219 5524 Solis
3280 5452 3553 5529 obviat
3596 5456 3904 5549 frigidi-

2364 5566 2521 5642 tati
2579 5567 2858 5640 mediae
2913 5565 3300 5658 regionis,
3361 5570 3489 5642 vel
3555 5573 3904 5647 alterius
