<?xml version="1.0" encoding="UTF-8"?>
<!DOCTYPE html PUBLIC "-//W3C//DTD XHTML 1.0 Transitional//EN"
    "http://www.w3.org/TR/xhtml1/DTD/xhtml1-transitional.dtd">
<html xmlns="http://www.w3.org/1999/xhtml" xml:lang="en" lang="en">
 <head>
  <title>
</title>
<meta http-equiv="Content-Type" content="text/html;charset=utf-8" />
  <meta name='ocr-system' content='tesseract 3.04.00' />
  <meta name='ocr-capabilities' content='ocr_page ocr_carea ocr_par ocr_line ocrx_word'/>
</head>
<body>
  <div class='ocr_page' id='page_1' title='image "./joannisdunsscot03waddgoog_0170.png"; bbox 0 0 4252 6393; ppageno 0'>
   <div class='ocr_carea' id='block_1_1' title="bbox 381 1518 655 1571">
    <p class='ocr_par' dir='ltr' id='par_1_1' title="bbox 381 1518 655 1571">
     <span class='ocr_line' id='line_1_1' title="bbox 381 1518 655 1571; baseline -0.007 -3"><span class='ocrx_word' id='word_1_1' title='bbox 381 1518 655 1571; x_wconf 73' lang='lat' dir='ltr'>Octavum.</span> 
     </span>
    </p>
   </div>
   <div class='ocr_carea' id='block_1_2' title="bbox 369 4749 697 4988">
    <p class='ocr_par' dir='ltr' id='par_1_2' title="bbox 369 4749 697 4988">
     <span class='ocr_line' id='line_1_2' title="bbox 407 4749 631 4799; baseline 0.009 -6"><span class='ocrx_word' id='word_1_2' title='bbox 407 4749 631 4799; x_wconf 71' lang='lat' dir='ltr'>Primus</span> 
     </span>
     <span class='ocr_line' id='line_1_3' title="bbox 369 4812 694 4875; baseline 0.003 -15"><span class='ocrx_word' id='word_1_3' title='bbox 369 4812 580 4875; x_wconf 72' lang='lat' dir='ltr'>effectus</span> <span class='ocrx_word' id='word_1_4' title='bbox 608 4827 694 4860; x_wconf 73' lang='lat' dir='ltr'>se-</span> 
     </span>
     <span class='ocr_line' id='line_1_4' title="bbox 387 4881 697 4936; baseline -0.003 -15"><span class='ocrx_word' id='word_1_5' title='bbox 387 4888 555 4936; x_wconf 73' lang='lat' dir='ltr'>quens</span> <span class='ocrx_word' id='word_1_6' title='bbox 585 4881 697 4921; x_wconf 76' lang='lat' dir='ltr'>Ier-</span> 
     </span>
     <span class='ocr_line' id='line_1_5' title="bbox 374 4944 681 4988; baseline 0.007 -4"><span class='ocrx_word' id='word_1_7' title='bbox 374 4944 658 4986; x_wconf 73' lang='lat' dir='ltr'>raemoeum</span> <span class='ocrx_word' id='word_1_8' title='bbox 669 4975 681 4988; x_wconf 90' lang='lat'><strong>.</strong></span> 
     </span>
    </p>
   </div>
   <div class='ocr_carea' id='block_1_3' title="bbox 715 412 825 480">
    <p class='ocr_par' dir='ltr' id='par_1_3' title="bbox 715 412 825 480">
     <span class='ocr_line' id='line_1_6' title="bbox 715 412 825 480; baseline -0.018 0"><span class='ocrx_word' id='word_1_9' title='bbox 715 412 825 480; x_wconf 75' lang='lat'>156</span> 
     </span>
    </p>
   </div>
   <div class='ocr_carea' id='block_1_4' title="bbox 702 578 2250 672">
    <p class='ocr_par' dir='ltr' id='par_1_4' title="bbox 702 578 2250 672">
     <span class='ocr_line' id='line_1_7' title="bbox 702 578 2250 672; baseline 0.003 -24"><span class='ocrx_word' id='word_1_10' title='bbox 702 583 1125 670; x_wconf 84' lang='lat' dir='ltr'>permanet</span> <span class='ocrx_word' id='word_1_11' title='bbox 1169 578 1634 662; x_wconf 89' lang='lat' dir='ltr'>immobilis,</span> <span class='ocrx_word' id='word_1_12' title='bbox 1690 584 1770 653; x_wconf 88' lang='lat' dir='ltr'>et</span> <span class='ocrx_word' id='word_1_13' title='bbox 1813 580 2109 672; x_wconf 89' lang='lat' dir='ltr'>quieta.</span> <span class='ocrx_word' id='word_1_14' title='bbox 2151 582 2250 652; x_wconf 80' lang='lat' dir='ltr'>Et</span> 
     </span>
    </p>
   </div>
   <div class='ocr_carea' id='block_1_5' title="bbox 358 695 2247 770">
    <p class='ocr_par' dir='ltr' id='par_1_5' title="bbox 358 695 2247 770">
     <span class='ocr_line' id='line_1_8' title="bbox 358 695 2247 770; baseline 0.004 -10"><span class='ocrx_word' id='word_1_15' title='bbox 358 698 887 765; x_wconf 71' lang='lat' dir='ltr'>‘al-sure-cum</span> <span class='ocrx_word' id='word_1_16' title='bbox 956 695 1205 769; x_wconf 89' lang='lat' dir='ltr'>etiam</span> <span class='ocrx_word' id='word_1_17' title='bbox 1275 717 1433 768; x_wconf 91' lang='lat' dir='ltr'>non</span> <span class='ocrx_word' id='word_1_18' title='bbox 1514 697 1620 770; x_wconf 92' lang='lat' dir='ltr'>sit</span> <span class='ocrx_word' id='word_1_19' title='bbox 1687 701 1976 770; x_wconf 82' lang='lat' dir='ltr'>ventus</span> <span class='ocrx_word' id='word_1_20' title='bbox 2063 696 2247 767; x_wconf 81' lang='lat' dir='ltr'>hic‘</span> 
     </span>
    </p>
   </div>
   <div class='ocr_carea' id='block_1_6' title="bbox 370 761 2250 1001">
    <p class='ocr_par' dir='ltr' id='par_1_6' title="bbox 370 761 2250 1001">
     <span class='ocr_line' id='line_1_9' title="bbox 370 761 2250 947; baseline 0.002 -68"><span class='ocrx_word' id='word_1_21' title='bbox 370 761 681 947; x_wconf 48' lang='grc' dir='ltr'>ἠῖιξέξιέἶζ</span> <span class='ocrx_word' id='word_1_22' title='bbox 711 809 1077 892; x_wconf 81' lang='lat' dir='ltr'>inferius,</span> <span class='ocrx_word' id='word_1_23' title='bbox 1125 812 1444 900; x_wconf 82' lang='lat' dir='ltr'>signum</span> <span class='ocrx_word' id='word_1_24' title='bbox 1488 819 1612 887; x_wconf 89' lang='lat' dir='ltr'>est</span> <span class='ocrx_word' id='word_1_25' title='bbox 1657 813 1862 904; x_wconf 89' lang='lat' dir='ltr'>quod</span> <span class='ocrx_word' id='word_1_26' title='bbox 1904 813 2079 883; x_wconf 90' lang='lat' dir='ltr'>sola</span> <span class='ocrx_word' id='word_1_27' title='bbox 2120 833 2250 883; x_wconf 91' lang='lat' dir='ltr'>ex·</span> 
     </span>
     <span class='ocr_line' id='line_1_10' title="bbox 462 967 556 1001; baseline 0.021 -2"><span class='ocrx_word' id='word_1_28' title='bbox 462 967 556 1001; x_wconf 62' lang='lat' dir='ltr'>riu</span> 
     </span>
    </p>
   </div>
   <div class='ocr_carea' id='block_1_7' title="bbox 703 925 2251 3941">
    <p class='ocr_par' dir='ltr' id='par_1_7' title="bbox 703 925 2249 1466">
     <span class='ocr_line' id='line_1_11' title="bbox 707 925 2242 1002; baseline 0.001 -7"><span class='ocrx_word' id='word_1_29' title='bbox 707 925 1017 999; x_wconf 86' lang='lat' dir='ltr'>halatio</span> <span class='ocrx_word' id='word_1_30' title='bbox 1070 927 1176 1000; x_wconf 91' lang='lat' dir='ltr'>sit</span> <span class='ocrx_word' id='word_1_31' title='bbox 1229 927 1543 1001; x_wconf 88' lang='lat' dir='ltr'>inclusa</span> <span class='ocrx_word' id='word_1_32' title='bbox 1602 928 1813 1000; x_wconf 82' lang='lat' dir='ltr'>infra</span> <span class='ocrx_word' id='word_1_33' title='bbox 1869 933 2182 1002; x_wconf 88' lang='lat' dir='ltr'>terram</span> <span class='ocrx_word' id='word_1_34' title='bbox 2228 954 2242 997; x_wconf 89' lang='lat'>:</span> 
     </span>
     <span class='ocr_line' id='line_1_12' title="bbox 703 1042 2249 1137; baseline 0.002 -24"><span class='ocrx_word' id='word_1_35' title='bbox 703 1047 783 1116; x_wconf 89' lang='lat' dir='ltr'>et</span> <span class='ocrx_word' id='word_1_36' title='bbox 828 1042 979 1116; x_wconf 91' lang='lat' dir='ltr'>hoc</span> <span class='ocrx_word' id='word_1_37' title='bbox 1040 1043 1361 1134; x_wconf 88' lang='lat' dir='ltr'>signum</span> <span class='ocrx_word' id='word_1_38' title='bbox 1425 1046 1827 1118; x_wconf 87' lang='lat' dir='ltr'>modicum</span> <span class='ocrx_word' id='word_1_39' title='bbox 1871 1045 2249 1137; x_wconf 79' lang='lat' dir='ltr'>praecedit</span> 
     </span>
     <span class='ocr_line' id='line_1_13' title="bbox 705 1161 2247 1242; baseline 0.002 -11"><span class='ocrx_word' id='word_1_40' title='bbox 705 1161 1300 1242; x_wconf 77' lang='lat' dir='ltr'>terraemotum,</span> <span class='ocrx_word' id='word_1_41' title='bbox 1373 1167 1453 1236; x_wconf 91' lang='lat' dir='ltr'>et</span> <span class='ocrx_word' id='word_1_42' title='bbox 1542 1162 1611 1234; x_wconf 92' lang='lat' dir='ltr'>id</span> <span class='ocrx_word' id='word_1_43' title='bbox 1684 1162 1887 1234; x_wconf 88' lang='lat' dir='ltr'>idem</span> <span class='ocrx_word' id='word_1_44' title='bbox 1965 1167 2088 1234; x_wconf 86' lang='lat' dir='ltr'>est</span> <span class='ocrx_word' id='word_1_45' title='bbox 2150 1163 2247 1234; x_wconf 91' lang='lat' dir='ltr'>si·</span> 
     </span>
     <span class='ocr_line' id='line_1_14' title="bbox 707 1277 2246 1364; baseline 0.003 -19"><span class='ocrx_word' id='word_1_46' title='bbox 707 1294 985 1364; x_wconf 90' lang='lat' dir='ltr'>gnum,</span> <span class='ocrx_word' id='word_1_47' title='bbox 1055 1281 1140 1350; x_wconf 94' lang='lat' dir='ltr'>ut</span> <span class='ocrx_word' id='word_1_48' title='bbox 1205 1277 1400 1352; x_wconf 82' lang='lat' dir='ltr'>(licit</span> <span class='ocrx_word' id='word_1_49' title='bbox 1460 1279 1981 1359; x_wconf 77' lang='lat' dir='ltr'>Aristoteles,</span> <span class='ocrx_word' id='word_1_50' title='bbox 2038 1299 2246 1349; x_wconf 90' lang='lat' dir='ltr'>sere·</span> 
     </span>
     <span class='ocr_line' id='line_1_15' title="bbox 704 1392 1396 1466; baseline 0 -2"><span class='ocrx_word' id='word_1_51' title='bbox 704 1392 992 1466; x_wconf 87' lang='lat' dir='ltr'>nitatis</span> <span class='ocrx_word' id='word_1_52' title='bbox 1048 1393 1127 1465; x_wconf 91' lang='lat' dir='ltr'>in</span> <span class='ocrx_word' id='word_1_53' title='bbox 1162 1395 1396 1466; x_wconf 89' lang='lat' dir='ltr'>mari.</span> 
     </span>
    </p>

    <p class='ocr_par' dir='ltr' id='par_1_8' title="bbox 703 1512 2251 3941">
     <span class='ocr_line' id='line_1_16' title="bbox 796 1512 2245 1603; baseline 0.001 -20"><span class='ocrx_word' id='word_1_54' title='bbox 796 1513 1187 1583; x_wconf 83' lang='lat' dir='ltr'>Octavum</span> <span class='ocrx_word' id='word_1_55' title='bbox 1250 1512 1596 1602; x_wconf 86' lang='lat' dir='ltr'>signum,</span> <span class='ocrx_word' id='word_1_56' title='bbox 1658 1517 1782 1585; x_wconf 87' lang='lat' dir='ltr'>est</span> <span class='ocrx_word' id='word_1_57' title='bbox 1838 1512 2245 1603; x_wconf 70' lang='lat' dir='ltr'>frigiditas</span> 
     </span>
     <span class='ocr_line' id='line_1_17' title="bbox 704 1626 2247 1702; baseline 0.003 -4"><span class='ocrx_word' id='word_1_58' title='bbox 704 1626 921 1698; x_wconf 87' lang='lat' dir='ltr'>aeris</span> <span class='ocrx_word' id='word_1_59' title='bbox 977 1627 1452 1702; x_wconf 88' lang='lat' dir='ltr'>inconsueta</span> <span class='ocrx_word' id='word_1_60' title='bbox 1487 1634 1674 1702; x_wconf 89' lang='lat' dir='ltr'>ante</span> <span class='ocrx_word' id='word_1_61' title='bbox 1710 1633 1981 1702; x_wconf 90' lang='lat' dir='ltr'>ortum</span> <span class='ocrx_word' id='word_1_62' title='bbox 2033 1631 2247 1702; x_wconf 75' lang='lat' dir='ltr'>Solis</span> 
     </span>
     <span class='ocr_line' id='line_1_18' title="bbox 707 1742 2247 1836; baseline 0.003 -23"><span class='ocrx_word' id='word_1_63' title='bbox 707 1742 880 1815; x_wconf 91' lang='lat' dir='ltr'>sine</span> <span class='ocrx_word' id='word_1_64' title='bbox 937 1750 1202 1818; x_wconf 90' lang='lat' dir='ltr'>vento.</span> <span class='ocrx_word' id='word_1_65' title='bbox 1270 1750 1532 1820; x_wconf 87' lang='lat' dir='ltr'>Causa.</span> <span class='ocrx_word' id='word_1_66' title='bbox 1582 1751 1729 1826; x_wconf 87' lang='lat' dir='ltr'>est,</span> <span class='ocrx_word' id='word_1_67' title='bbox 1772 1745 1960 1836; x_wconf 89' lang='lat' dir='ltr'>quia</span> <span class='ocrx_word' id='word_1_68' title='bbox 2001 1745 2247 1818; x_wconf 88' lang='lat' dir='ltr'>exha-</span> 
     </span>
     <span class='ocr_line' id='line_1_19' title="bbox 703 1858 2245 1937; baseline 0.004 -8"><span class='ocrx_word' id='word_1_69' title='bbox 703 1858 907 1934; x_wconf 86' lang='lat' dir='ltr'>latio</span> <span class='ocrx_word' id='word_1_70' title='bbox 959 1883 1144 1934; x_wconf 91' lang='lat' dir='ltr'>cum</span> <span class='ocrx_word' id='word_1_71' title='bbox 1207 1864 1298 1934; x_wconf 87' lang='lat' dir='ltr'>de</span> <span class='ocrx_word' id='word_1_72' title='bbox 1348 1863 1471 1935; x_wconf 89' lang='lat' dir='ltr'>sui</span> <span class='ocrx_word' id='word_1_73' title='bbox 1526 1868 1826 1936; x_wconf 90' lang='lat' dir='ltr'>natura</span> <span class='ocrx_word' id='word_1_74' title='bbox 1889 1863 1998 1937; x_wconf 89' lang='lat' dir='ltr'>sit</span> <span class='ocrx_word' id='word_1_75' title='bbox 2058 1864 2245 1936; x_wconf 91' lang='lat' dir='ltr'>cali-</span> 
     </span>
     <span class='ocr_line' id='line_1_20' title="bbox 703 1976 2246 2060; baseline 0.003 -12"><span class='ocrx_word' id='word_1_76' title='bbox 703 1976 824 2058; x_wconf 88' lang='lat' dir='ltr'>da,</span> <span class='ocrx_word' id='word_1_77' title='bbox 881 1978 1134 2051; x_wconf 89' lang='lat' dir='ltr'>reddit</span> <span class='ocrx_word' id='word_1_78' title='bbox 1184 1999 1459 2050; x_wconf 88' lang='lat' dir='ltr'>aerem</span> <span class='ocrx_word' id='word_1_79' title='bbox 1513 1979 2013 2060; x_wconf 74' lang='lat' dir='ltr'>calidiorem,</span> <span class='ocrx_word' id='word_1_80' title='bbox 2060 2002 2246 2053; x_wconf 89' lang='lat' dir='ltr'>cum</span> 
     </span>
     <span class='ocr_line' id='line_1_21' title="bbox 703 2094 2247 2187; baseline -0.001 -19"><span class='ocrx_word' id='word_1_81' title='bbox 703 2094 952 2168; x_wconf 82' lang='lat' dir='ltr'>fuerit</span> <span class='ocrx_word' id='word_1_82' title='bbox 999 2095 1407 2187; x_wconf 86' lang='lat' dir='ltr'>permixta</span> <span class='ocrx_word' id='word_1_83' title='bbox 1468 2096 1665 2177; x_wconf 85' lang='lat' dir='ltr'>aeri,</span> <span class='ocrx_word' id='word_1_84' title='bbox 1764 2100 1844 2169; x_wconf 92' lang='lat' dir='ltr'>et</span> <span class='ocrx_word' id='word_1_85' title='bbox 1895 2096 2065 2169; x_wconf 89' lang='lat' dir='ltr'>ideo</span> <span class='ocrx_word' id='word_1_86' title='bbox 2125 2097 2247 2168; x_wconf 87' lang='lat' dir='ltr'>de-</span> 
     </span>
     <span class='ocr_line' id='line_1_22' title="bbox 704 2211 2248 2293; baseline -0.001 -8"><span class='ocrx_word' id='word_1_87' title='bbox 704 2213 1027 2285; x_wconf 86' lang='lat' dir='ltr'>ficiente</span> <span class='ocrx_word' id='word_1_88' title='bbox 1075 2211 1630 2293; x_wconf 78' lang='lat' dir='ltr'>exhalatione,</span> <span class='ocrx_word' id='word_1_89' title='bbox 1688 2213 2050 2286; x_wconf 87' lang='lat' dir='ltr'>redditur</span> <span class='ocrx_word' id='word_1_90' title='bbox 2104 2233 2248 2284; x_wconf 87' lang='lat' dir='ltr'>aer</span> 
     </span>
     <span class='ocr_line' id='line_1_23' title="bbox 708 2328 2246 2418; baseline 0.001 -17"><span class='ocrx_word' id='word_1_91' title='bbox 708 2328 1114 2416; x_wconf 71' lang='lat' dir='ltr'>frigidior,</span> <span class='ocrx_word' id='word_1_92' title='bbox 1178 2333 1259 2402; x_wconf 87' lang='lat' dir='ltr'>et</span> <span class='ocrx_word' id='word_1_93' title='bbox 1309 2328 1424 2399; x_wconf 91' lang='lat' dir='ltr'>sic</span> <span class='ocrx_word' id='word_1_94' title='bbox 1479 2328 1887 2418; x_wconf 76' lang='lat' dir='ltr'>frigiditas</span> <span class='ocrx_word' id='word_1_95' title='bbox 1934 2330 2072 2402; x_wconf 89' lang='lat' dir='ltr'>illa</span> <span class='ocrx_word' id='word_1_96' title='bbox 2120 2333 2246 2402; x_wconf 86' lang='lat' dir='ltr'>est</span> 
     </span>
     <span class='ocr_line' id='line_1_24' title="bbox 710 2445 2248 2535; baseline 0 -19"><span class='ocrx_word' id='word_1_97' title='bbox 710 2445 1032 2533; x_wconf 89' lang='lat' dir='ltr'>signum</span> <span class='ocrx_word' id='word_1_98' title='bbox 1068 2445 1274 2535; x_wconf 90' lang='lat' dir='ltr'>quod</span> <span class='ocrx_word' id='word_1_99' title='bbox 1318 2445 1735 2518; x_wconf 77' lang='lat' dir='ltr'>exhalatio</span> <span class='ocrx_word' id='word_1_100' title='bbox 1786 2447 1892 2520; x_wconf 89' lang='lat' dir='ltr'>sit</span> <span class='ocrx_word' id='word_1_101' title='bbox 1936 2446 2248 2518; x_wconf 85' lang='lat' dir='ltr'>inclusa</span> 
     </span>
     <span class='ocr_line' id='line_1_25' title="bbox 710 2562 2248 2655; baseline 0 -22"><span class='ocrx_word' id='word_1_102' title='bbox 710 2562 926 2633; x_wconf 82' lang='lat' dir='ltr'>infra</span> <span class='ocrx_word' id='word_1_103' title='bbox 1014 2565 1351 2641; x_wconf 89' lang='lat' dir='ltr'>terram,</span> <span class='ocrx_word' id='word_1_104' title='bbox 1433 2567 1512 2634; x_wconf 89' lang='lat' dir='ltr'>et</span> <span class='ocrx_word' id='word_1_105' title='bbox 1591 2582 1749 2632; x_wconf 92' lang='lat' dir='ltr'>non</span> <span class='ocrx_word' id='word_1_106' title='bbox 1838 2563 2248 2655; x_wconf 84' lang='lat' dir='ltr'>permixta</span> 
     </span>
     <span class='ocr_line' id='line_1_26' title="bbox 708 2678 2242 2770; baseline 0.001 -21"><span class='ocrx_word' id='word_1_107' title='bbox 708 2678 883 2749; x_wconf 89' lang='lat' dir='ltr'>aeri</span> <span class='ocrx_word' id='word_1_108' title='bbox 925 2680 1535 2770; x_wconf 86' lang='lat' dir='ltr'>superterram.</span> <span class='ocrx_word' id='word_1_109' title='bbox 1585 2678 1765 2750; x_wconf 85' lang='lat' dir='ltr'>Alia</span> <span class='ocrx_word' id='word_1_110' title='bbox 1806 2699 2053 2750; x_wconf 88' lang='lat' dir='ltr'>eausa</span> <span class='ocrx_word' id='word_1_111' title='bbox 2093 2684 2242 2760; x_wconf 91' lang='lat' dir='ltr'>est,</span> 
     </span>
     <span class='ocr_line' id='line_1_27' title="bbox 709 2793 2249 2886; baseline 0.001 -21"><span class='ocrx_word' id='word_1_112' title='bbox 709 2794 897 2886; x_wconf 86' lang='lat' dir='ltr'>quia</span> <span class='ocrx_word' id='word_1_113' title='bbox 979 2815 1124 2886; x_wconf 82' lang='lat' dir='ltr'>per</span> <span class='ocrx_word' id='word_1_114' title='bbox 1200 2793 1449 2867; x_wconf 84' lang='lat' dir='ltr'>talem</span> <span class='ocrx_word' id='word_1_115' title='bbox 1512 2793 2047 2885; x_wconf 79' lang='lat' dir='ltr'>frigiditatem</span> <span class='ocrx_word' id='word_1_116' title='bbox 2141 2796 2249 2867; x_wconf 92' lang='lat' dir='ltr'>in·</span> 
     </span>
     <span class='ocr_line' id='line_1_28' title="bbox 709 2911 2250 3003; baseline -0.001 -19"><span class='ocrx_word' id='word_1_117' title='bbox 709 2915 1209 2992; x_wconf 86' lang='lat' dir='ltr'>consuetam,</span> <span class='ocrx_word' id='word_1_118' title='bbox 1295 2911 1471 3003; x_wconf 85' lang='lat' dir='ltr'>pori</span> <span class='ocrx_word' id='word_1_119' title='bbox 1551 2917 1798 2984; x_wconf 86' lang='lat' dir='ltr'>terrae</span> <span class='ocrx_word' id='word_1_120' title='bbox 1875 2912 2250 2983; x_wconf 88' lang='lat' dir='ltr'>claudun-</span> 
     </span>
     <span class='ocr_line' id='line_1_29' title="bbox 712 3028 2251 3121; baseline -0.003 -19"><span class='ocrx_word' id='word_1_121' title='bbox 712 3033 872 3110; x_wconf 92' lang='lat' dir='ltr'>tur,</span> <span class='ocrx_word' id='word_1_122' title='bbox 936 3032 1017 3100; x_wconf 81' lang='lat' dir='ltr'>et</span> <span class='ocrx_word' id='word_1_123' title='bbox 1085 3028 1769 3116; x_wconf 90' lang='lat' dir='ltr'>constringuntur</span> <span class='ocrx_word' id='word_1_124' title='bbox 1841 3033 1921 3101; x_wconf 91' lang='lat' dir='ltr'>et</span> <span class='ocrx_word' id='word_1_125' title='bbox 1984 3028 2251 3121; x_wconf 86' lang='lat' dir='ltr'>prohi-</span> 
     </span>
     <span class='ocr_line' id='line_1_30' title="bbox 707 3144 2247 3220; baseline -0.001 0"><span class='ocrx_word' id='word_1_126' title='bbox 707 3148 945 3220; x_wconf 85' lang='lat' dir='ltr'>betur</span> <span class='ocrx_word' id='word_1_127' title='bbox 1011 3144 1279 3218; x_wconf 91' lang='lat' dir='ltr'>exitus</span> <span class='ocrx_word' id='word_1_128' title='bbox 1339 3144 1885 3219; x_wconf 80' lang='lat' dir='ltr'>exhalationis</span> <span class='ocrx_word' id='word_1_129' title='bbox 1942 3171 1955 3215; x_wconf 89' lang='lat'>:</span> <span class='ocrx_word' id='word_1_130' title='bbox 2017 3145 2247 3218; x_wconf 90' lang='lat' dir='ltr'>modo</span> 
     </span>
     <span class='ocr_line' id='line_1_31' title="bbox 709 3261 2251 3356; baseline -0.001 -19"><span class='ocrx_word' id='word_1_131' title='bbox 709 3262 1127 3337; x_wconf 81' lang='lat' dir='ltr'>exhalatio</span> <span class='ocrx_word' id='word_1_132' title='bbox 1182 3261 1498 3335; x_wconf 88' lang='lat' dir='ltr'>inclusa</span> <span class='ocrx_word' id='word_1_133' title='bbox 1558 3262 2061 3337; x_wconf 80' lang='lat' dir='ltr'>l&#39;ortificatur</span> <span class='ocrx_word' id='word_1_134' title='bbox 2109 3285 2251 3356; x_wconf 85' lang='lat' dir='ltr'>per</span> 
     </span>
     <span class='ocr_line' id='line_1_32' title="bbox 705 3379 2250 3472; baseline -0.001 -20"><span class='ocrx_word' id='word_1_135' title='bbox 705 3379 1349 3472; x_wconf 85' lang='lat' dir='ltr'>antiperistasin‚</span> <span class='ocrx_word' id='word_1_136' title='bbox 1406 3385 1486 3453; x_wconf 88' lang='lat' dir='ltr'>et</span> <span class='ocrx_word' id='word_1_137' title='bbox 1563 3380 1735 3472; x_wconf 82' lang='lat' dir='ltr'>ipsa</span> <span class='ocrx_word' id='word_1_138' title='bbox 1803 3380 2250 3457; x_wconf 84' lang='lat' dir='ltr'>fortificata</span> 
     </span>
     <span class='ocr_line' id='line_1_33' title="bbox 705 3503 2247 3592; baseline 0.001 -19"><span class='ocrx_word' id='word_1_139' title='bbox 705 3506 831 3574; x_wconf 82' lang='lat' dir='ltr'>est</span> <span class='ocrx_word' id='word_1_140' title='bbox 890 3521 1137 3573; x_wconf 86' lang='lat' dir='ltr'>causa</span> <span class='ocrx_word' id='word_1_141' title='bbox 1207 3504 1763 3573; x_wconf 69' lang='lat' dir='ltr'>tcrrfemotuS.</span> <span class='ocrx_word' id='word_1_142' title='bbox 1816 3503 1981 3575; x_wconf 88' lang='lat' dir='ltr'>Ista</span> <span class='ocrx_word' id='word_1_143' title='bbox 2047 3526 2247 3592; x_wconf 87' lang='lat' dir='ltr'>ergo</span> 
     </span>
     <span class='ocr_line' id='line_1_34' title="bbox 707 3616 2249 3712; baseline 0.005 -26"><span class='ocrx_word' id='word_1_144' title='bbox 707 3622 893 3689; x_wconf 91' lang='lat' dir='ltr'>sunt</span> <span class='ocrx_word' id='word_1_145' title='bbox 954 3616 1212 3707; x_wconf 88' lang='lat' dir='ltr'>signa,</span> <span class='ocrx_word' id='word_1_146' title='bbox 1285 3616 1571 3707; x_wconf 88' lang='lat' dir='ltr'>quibus</span> <span class='ocrx_word' id='word_1_147' title='bbox 1657 3617 1900 3689; x_wconf 88' lang='lat' dir='ltr'>homo</span> <span class='ocrx_word' id='word_1_148' title='bbox 1980 3625 2249 3712; x_wconf 84' lang='lat' dir='ltr'>potest</span> 
     </span>
     <span class='ocr_line' id='line_1_35' title="bbox 713 3732 2247 3825; baseline 0.004 -22"><span class='ocrx_word' id='word_1_149' title='bbox 713 3732 980 3825; x_wconf 83' lang='lat' dir='ltr'>primo</span> <span class='ocrx_word' id='word_1_150' title='bbox 1089 3732 1303 3805; x_wconf 88' lang='lat' dir='ltr'>scire</span> <span class='ocrx_word' id='word_1_151' title='bbox 1395 3738 1966 3808; x_wconf 68' lang='lat' dir='ltr'>teri-aunotum</span> <span class='ocrx_word' id='word_1_152' title='bbox 2069 3760 2247 3809; x_wconf 86' lang='lat' dir='ltr'>esse</span> 
     </span>
     <span class='ocr_line' id='line_1_36' title="bbox 709 3849 1892 3941; baseline -0.003 -19"><span class='ocrx_word' id='word_1_153' title='bbox 709 3851 1103 3923; x_wconf 79' lang='lat' dir='ltr'>futurum.</span> <span class='ocrx_word' id='word_1_154' title='bbox 1152 3853 1251 3922; x_wconf 81' lang='lat' dir='ltr'>Et</span> <span class='ocrx_word' id='word_1_155' title='bbox 1295 3849 1443 3921; x_wconf 91' lang='lat' dir='ltr'>hoc</span> <span class='ocrx_word' id='word_1_156' title='bbox 1478 3849 1568 3921; x_wconf 91' lang='lat' dir='ltr'>de</span> <span class='ocrx_word' id='word_1_157' title='bbox 1604 3850 1892 3941; x_wconf 80' lang='lat' dir='ltr'>primo.</span> 
     </span>
    </p>
   </div>
   <div class='ocr_carea' id='block_1_8' title="bbox 1208 4179 1772 4236">
    <p class='ocr_par' dir='ltr' id='par_1_9' title="bbox 1208 4179 1772 4236">
     <span class='ocr_line' id='line_1_37' title="bbox 1208 4179 1772 4236; baseline -0.002 0"><span class='ocrx_word' id='word_1_158' title='bbox 1208 4179 1629 4236; x_wconf 76' lang='lat' dir='ltr'>ARTlCULUS</span> <span class='ocrx_word' id='word_1_159' title='bbox 1705 4180 1772 4235; x_wconf 88' lang='lat'>11.</span> 
     </span>
    </p>
   </div>
   <div class='ocr_carea' id='block_1_9' title="bbox 710 4356 2250 4539">
    <p class='ocr_par' dir='ltr' id='par_1_10' title="bbox 710 4356 2250 4539">
     <span class='ocr_line' id='line_1_38' title="bbox 710 4356 2250 4444; baseline 0.006 -30"><span class='ocrx_word' id='word_1_160' title='bbox 710 4356 921 4441; x_wconf 72' lang='lat' dir='ltr'>Siqua</span> <span class='ocrx_word' id='word_1_161' title='bbox 960 4356 1328 4440; x_wconf 73' lang='lat' dir='ltr'>sequentia,</span> <span class='ocrx_word' id='word_1_162' title='bbox 1372 4365 1429 4419; x_wconf 80' lang='lat' dir='ltr'>el</span> <span class='ocrx_word' id='word_1_163' title='bbox 1478 4358 1749 4439; x_wconf 73' lang='lat' dir='ltr'>effeetus</span> <span class='ocrx_word' id='word_1_164' title='bbox 1790 4369 2250 4444; x_wconf 72' lang='lat' dir='ltr'>consequentes</span> 
     </span>
     <span class='ocr_line' id='line_1_39' title="bbox 1212 4482 1682 4539; baseline 0.013 -6"><span class='ocrx_word' id='word_1_165' title='bbox 1212 4482 1682 4539; x_wconf 73' lang='lat' dir='ltr'>eerrsemomm.</span> 
     </span>
    </p>
   </div>
   <div class='ocr_carea' id='block_1_10' title="bbox 648 4668 2255 5701">
    <p class='ocr_par' dir='ltr' id='par_1_11' title="bbox 648 4668 2255 5701">
     <span class='ocr_line' id='line_1_40' title="bbox 809 4668 2252 4749; baseline 0.006 -12"><span class='ocrx_word' id='word_1_166' title='bbox 809 4671 1212 4749; x_wconf 83' lang='lat' dir='ltr'>Quantum</span> <span class='ocrx_word' id='word_1_167' title='bbox 1309 4668 1402 4739; x_wconf 90' lang='lat' dir='ltr'>ad</span> <span class='ocrx_word' id='word_1_168' title='bbox 1503 4670 1963 4749; x_wconf 87' lang='lat' dir='ltr'>secundum,</span> <span class='ocrx_word' id='word_1_169' title='bbox 2055 4671 2252 4745; x_wconf 90' lang='lat' dir='ltr'>dicit</span> 
     </span>
     <span class='ocr_line' id='line_1_41' title="bbox 723 4784 2249 4878; baseline 0.001 -21"><span class='ocrx_word' id='word_1_170' title='bbox 723 4784 1233 4865; x_wconf 80' lang='lat' dir='ltr'>Aristoteles,</span> <span class='ocrx_word' id='word_1_171' title='bbox 1266 4787 1470 4877; x_wconf 89' lang='lat' dir='ltr'>quod</span> <span class='ocrx_word' id='word_1_172' title='bbox 1506 4786 1856 4878; x_wconf 87' lang='lat' dir='ltr'>primum</span> <span class='ocrx_word' id='word_1_173' title='bbox 1901 4786 2249 4875; x_wconf 90' lang='lat' dir='ltr'>signum,</span> 
     </span>
     <span class='ocr_line' id='line_1_42' title="bbox 721 4902 2254 4976; baseline 0.002 -4"><span class='ocrx_word' id='word_1_174' title='bbox 721 4902 888 4974; x_wconf 75' lang='lat' dir='ltr'>sive</span> <span class='ocrx_word' id='word_1_175' title='bbox 947 4903 1281 4976; x_wconf 85' lang='lat' dir='ltr'>effectus</span> <span class='ocrx_word' id='word_1_176' title='bbox 1344 4903 1908 4975; x_wconf 79' lang='lat' dir='ltr'>concomitans</span> <span class='ocrx_word' id='word_1_177' title='bbox 1976 4910 2254 4976; x_wconf 83' lang='lat' dir='ltr'>terrae-</span> 
     </span>
     <span class='ocr_line' id='line_1_43' title="bbox 648 5021 2253 5106; baseline 0.001 -15"><span class='ocrx_word' id='word_1_178' title='bbox 648 5050 651 5053; x_wconf 44' lang='lat'>*</span> <span class='ocrx_word' id='word_1_179' title='bbox 718 5022 1055 5099; x_wconf 89' lang='lat' dir='ltr'>motum,</span> <span class='ocrx_word' id='word_1_180' title='bbox 1094 5025 1216 5092; x_wconf 89' lang='lat' dir='ltr'>est</span> <span class='ocrx_word' id='word_1_181' title='bbox 1260 5039 1598 5106; x_wconf 88' lang='lat' dir='ltr'>magnus</span> <span class='ocrx_word' id='word_1_182' title='bbox 1643 5041 1888 5090; x_wconf 91' lang='lat' dir='ltr'>sonus</span> <span class='ocrx_word' id='word_1_183' title='bbox 1932 5021 2253 5093; x_wconf 88' lang='lat' dir='ltr'>auditus</span> 
     </span>
     <span class='ocr_line' id='line_1_44' title="bbox 717 5135 2255 5227; baseline 0 -20"><span class='ocrx_word' id='word_1_184' title='bbox 717 5136 794 5207; x_wconf 92' lang='lat' dir='ltr'>in</span> <span class='ocrx_word' id='word_1_185' title='bbox 834 5135 1014 5207; x_wconf 92' lang='lat' dir='ltr'>loco</span> <span class='ocrx_word' id='word_1_186' title='bbox 1056 5140 1582 5209; x_wconf 78' lang='lat' dir='ltr'>terraemotus</span> <span class='ocrx_word' id='word_1_187' title='bbox 1619 5163 1632 5205; x_wconf 79' lang='grc' dir='ltr'>ε</span> <span class='ocrx_word' id='word_1_188' title='bbox 1670 5141 1749 5208; x_wconf 91' lang='lat' dir='ltr'>et</span> <span class='ocrx_word' id='word_1_189' title='bbox 1783 5138 2255 5227; x_wconf 80' lang='lat' dir='ltr'>quandoque</span> 
     </span>
     <span class='ocr_line' id='line_1_45' title="bbox 717 5253 2255 5343; baseline -0.001 -18"><span class='ocrx_word' id='word_1_190' title='bbox 717 5274 964 5325; x_wconf 90' lang='lat' dir='ltr'>sonus</span> <span class='ocrx_word' id='word_1_191' title='bbox 1014 5253 1146 5325; x_wconf 88' lang='lat' dir='ltr'>ille</span> <span class='ocrx_word' id='word_1_192' title='bbox 1180 5257 1305 5326; x_wconf 86' lang='lat' dir='ltr'>est</span> <span class='ocrx_word' id='word_1_193' title='bbox 1349 5253 1639 5342; x_wconf 86' lang='lat' dir='ltr'>major,</span> <span class='ocrx_word' id='word_1_194' title='bbox 1671 5258 1750 5324; x_wconf 89' lang='lat' dir='ltr'>et</span> <span class='ocrx_word' id='word_1_195' title='bbox 1784 5254 2255 5343; x_wconf 79' lang='lat' dir='ltr'>quandoque</span> 
     </span>
     <span class='ocr_line' id='line_1_46' title="bbox 716 5368 2254 5451; baseline -0.001 -9"><span class='ocrx_word' id='word_1_196' title='bbox 716 5370 1009 5451; x_wconf 87' lang='lat' dir='ltr'>minor,</span> <span class='ocrx_word' id='word_1_197' title='bbox 1083 5370 1178 5440; x_wconf 92' lang='lat' dir='ltr'>ad</span> <span class='ocrx_word' id='word_1_198' title='bbox 1248 5370 1567 5441; x_wconf 90' lang='lat' dir='ltr'>modum</span> <span class='ocrx_word' id='word_1_199' title='bbox 1614 5368 1791 5440; x_wconf 90' lang='lat' dir='ltr'>soni</span> <span class='ocrx_word' id='word_1_200' title='bbox 1845 5369 2079 5449; x_wconf 69' lang='lat' dir='ltr'>tuba»,</span> <span class='ocrx_word' id='word_1_201' title='bbox 2125 5371 2254 5441; x_wconf 82' lang='lat' dir='ltr'>vel</span> 
     </span>
     <span class='ocr_line' id='line_1_47' title="bbox 718 5484 2253 5575; baseline -0.001 -17"><span class='ocrx_word' id='word_1_202' title='bbox 718 5486 1078 5575; x_wconf 77' lang='lat' dir='ltr'>mugitus</span> <span class='ocrx_word' id='word_1_203' title='bbox 1146 5484 1621 5558; x_wconf 88' lang='lat' dir='ltr'>animalium</span> <span class='ocrx_word' id='word_1_204' title='bbox 1670 5513 1682 5554; x_wconf 83' lang='lat' dir='ltr'>z</span> <span class='ocrx_word' id='word_1_205' title='bbox 1756 5491 1835 5557; x_wconf 86' lang='lat' dir='ltr'>et</span> <span class='ocrx_word' id='word_1_206' title='bbox 1911 5486 2253 5575; x_wconf 82' lang='lat' dir='ltr'>quando-</span> 
     </span>
     <span class='ocr_line' id='line_1_48' title="bbox 717 5602 2249 5701; baseline -0.003 -26"><span class='ocrx_word' id='word_1_207' title='bbox 717 5625 866 5701; x_wconf 88' lang='lat' dir='ltr'>que</span> <span class='ocrx_word' id='word_1_208' title='bbox 901 5625 1147 5678; x_wconf 90' lang='lat' dir='ltr'>sonus</span> <span class='ocrx_word' id='word_1_209' title='bbox 1201 5604 1335 5681; x_wconf 86' lang='lat' dir='ltr'>illc</span> <span class='ocrx_word' id='word_1_210' title='bbox 1378 5608 1502 5678; x_wconf 85' lang='lat' dir='ltr'>est</span> <span class='ocrx_word' id='word_1_211' title='bbox 1546 5602 1773 5673; x_wconf 83' lang='lat' dir='ltr'>valde</span> <span class='ocrx_word' id='word_1_212' title='bbox 1826 5602 2249 5686; x_wconf 80' lang='lat' dir='ltr'>terribilis,</span> 
     </span>
    </p>
   </div>
   <div class='ocr_carea' id='block_1_11' title="bbox 1884 413 2738 483">
    <p class='ocr_par' dir='ltr' id='par_1_12' title="bbox 1884 413 2738 483">
     <span class='ocr_line' id='line_1_49' title="bbox 1884 413 2738 483; baseline -0.002 -2"><span class='ocrx_word' id='word_1_213' title='bbox 1884 414 2027 482; x_wconf 82' lang='lat' dir='ltr'>LlB.</span> <span class='ocrx_word' id='word_1_214' title='bbox 2078 420 2148 482; x_wconf 87' lang='grc' dir='ltr'>ΙΙ.</span> <span class='ocrx_word' id='word_1_215' title='bbox 2201 413 2738 483; x_wconf 71' lang='grc' dir='ltr'>ΜΕἸῈΟΙὶΟΙὶυΜ</span> 
     </span>
    </p>
   </div>
   <div class='ocr_carea' id='block_1_12' title="bbox 2356 576 3909 2760">
    <p class='ocr_par' dir='ltr' id='par_1_13' title="bbox 2356 576 3909 2760">
     <span class='ocr_line' id='line_1_50' title="bbox 2361 576 3903 670; baseline -0.005 -19"><span class='ocrx_word' id='word_1_216' title='bbox 2361 599 2609 651; x_wconf 87' lang='lat' dir='ltr'>causa</span> <span class='ocrx_word' id='word_1_217' title='bbox 2658 583 2808 658; x_wconf 87' lang='lat' dir='ltr'>est,</span> <span class='ocrx_word' id='word_1_218' title='bbox 2857 576 3039 670; x_wconf 91' lang='lat' dir='ltr'>quia</span> <span class='ocrx_word' id='word_1_219' title='bbox 3080 576 3158 648; x_wconf 92' lang='lat' dir='ltr'>in</span> <span class='ocrx_word' id='word_1_220' title='bbox 3193 579 3698 654; x_wconf 74' lang='lat' dir='ltr'>terraeiliotu,</span> <span class='ocrx_word' id='word_1_221' title='bbox 3745 578 3903 648; x_wconf 84' lang='lat' dir='ltr'>ter-</span> 
     </span>
     <span class='ocr_line' id='line_1_51' title="bbox 2365 690 3901 786; baseline -0.001 -22"><span class='ocrx_word' id='word_1_222' title='bbox 2365 714 2456 765; x_wconf 89' lang='lat' dir='ltr'>ra</span> <span class='ocrx_word' id='word_1_223' title='bbox 2495 693 2996 786; x_wconf 81' lang='lat' dir='ltr'>dirumpitur</span> <span class='ocrx_word' id='word_1_224' title='bbox 3061 714 3158 765; x_wconf 86' lang='lat' dir='ltr'>ex</span> <span class='ocrx_word' id='word_1_225' title='bbox 3223 692 3531 784; x_wconf 81' lang='lat' dir='ltr'>impetu</span> <span class='ocrx_word' id='word_1_226' title='bbox 3581 690 3901 764; x_wconf 83' lang='lat' dir='ltr'>exhala-</span> 
     </span>
     <span class='ocr_line' id='line_1_52' title="bbox 2364 808 3902 903; baseline -0.005 -17"><span class='ocrx_word' id='word_1_227' title='bbox 2364 812 2610 886; x_wconf 86' lang='lat' dir='ltr'>tionis</span> <span class='ocrx_word' id='word_1_228' title='bbox 2690 808 3184 903; x_wconf 82' lang='lat' dir='ltr'>impellentis</span> <span class='ocrx_word' id='word_1_229' title='bbox 3229 828 3586 890; x_wconf 88' lang='lat' dir='ltr'>sursum,</span> <span class='ocrx_word' id='word_1_230' title='bbox 3657 813 3737 880; x_wconf 90' lang='lat' dir='ltr'>et</span> <span class='ocrx_word' id='word_1_231' title='bbox 3801 827 3902 879; x_wconf 88' lang='lat' dir='ltr'>ex</span> 
     </span>
     <span class='ocr_line' id='line_1_53' title="bbox 2362 925 3901 1018; baseline -0.004 -18"><span class='ocrx_word' id='word_1_232' title='bbox 2362 928 2509 1002; x_wconf 90' lang='lat' dir='ltr'>tali</span> <span class='ocrx_word' id='word_1_233' title='bbox 2587 927 3017 1007; x_wconf 84' lang='lat' dir='ltr'>fractione,</span> <span class='ocrx_word' id='word_1_234' title='bbox 3073 931 3153 999; x_wconf 88' lang='lat' dir='ltr'>et</span> <span class='ocrx_word' id='word_1_235' title='bbox 3220 948 3318 998; x_wconf 84' lang='lat' dir='ltr'>ex</span> <span class='ocrx_word' id='word_1_236' title='bbox 3375 925 3515 998; x_wconf 87' lang='lat' dir='ltr'>tali</span> <span class='ocrx_word' id='word_1_237' title='bbox 3581 946 3901 1018; x_wconf 81' lang='lat' dir='ltr'>pereus-</span> 
     </span>
     <span class='ocr_line' id='line_1_54' title="bbox 2362 1041 3901 1122; baseline -0.005 -6"><span class='ocrx_word' id='word_1_238' title='bbox 2362 1045 2587 1121; x_wconf 89' lang='lat' dir='ltr'>sione</span> <span class='ocrx_word' id='word_1_239' title='bbox 2638 1044 2730 1115; x_wconf 89' lang='lat' dir='ltr'>ad</span> <span class='ocrx_word' id='word_1_240' title='bbox 2784 1042 3049 1116; x_wconf 88' lang='lat' dir='ltr'>latera</span> <span class='ocrx_word' id='word_1_241' title='bbox 3100 1041 3672 1122; x_wconf 86' lang='lat' dir='ltr'>concavitatis,</span> <span class='ocrx_word' id='word_1_242' title='bbox 3719 1062 3901 1114; x_wconf 88' lang='lat' dir='ltr'>cau-</span> 
     </span>
     <span class='ocr_line' id='line_1_55' title="bbox 2362 1159 3902 1234; baseline -0.003 -1"><span class='ocrx_word' id='word_1_243' title='bbox 2362 1166 2596 1233; x_wconf 85' lang='lat' dir='ltr'>satur</span> <span class='ocrx_word' id='word_1_244' title='bbox 2647 1173 2946 1233; x_wconf 87' lang='lat' dir='ltr'>sonus:</span> <span class='ocrx_word' id='word_1_245' title='bbox 3028 1164 3108 1234; x_wconf 90' lang='lat' dir='ltr'>et</span> <span class='ocrx_word' id='word_1_246' title='bbox 3179 1159 3617 1232; x_wconf 81' lang='lat' dir='ltr'>diversitas</span> <span class='ocrx_word' id='word_1_247' title='bbox 3669 1179 3902 1230; x_wconf 90' lang='lat' dir='ltr'>sono-</span> 
     </span>
     <span class='ocr_line' id='line_1_56' title="bbox 2366 1273 3901 1370; baseline -0.002 -22"><span class='ocrx_word' id='word_1_248' title='bbox 2366 1299 2544 1350; x_wconf 88' lang='lat' dir='ltr'>rum</span> <span class='ocrx_word' id='word_1_249' title='bbox 2591 1277 2971 1370; x_wconf 79' lang='lat' dir='ltr'>provenit</span> <span class='ocrx_word' id='word_1_250' title='bbox 3012 1298 3109 1348; x_wconf 84' lang='lat' dir='ltr'>ex</span> <span class='ocrx_word' id='word_1_251' title='bbox 3141 1275 3620 1349; x_wconf 83' lang='lat' dir='ltr'>diversitate</span> <span class='ocrx_word' id='word_1_252' title='bbox 3664 1273 3901 1347; x_wconf 84' lang='lat' dir='ltr'>exha-</span> 
     </span>
     <span class='ocr_line' id='line_1_57' title="bbox 2363 1391 3903 1487; baseline -0.003 -21"><span class='ocrx_word' id='word_1_253' title='bbox 2363 1394 2692 1468; x_wconf 89' lang='lat' dir='ltr'>lationis</span> <span class='ocrx_word' id='word_1_254' title='bbox 2731 1394 3226 1487; x_wconf 79' lang='lat' dir='ltr'>impellentis</span> <span class='ocrx_word' id='word_1_255' title='bbox 3269 1394 3706 1465; x_wconf 87' lang='lat' dir='ltr'>secundum</span> <span class='ocrx_word' id='word_1_256' title='bbox 3742 1391 3903 1465; x_wconf 85' lang='lat' dir='ltr'>sor-</span> 
     </span>
     <span class='ocr_line' id='line_1_58' title="bbox 2359 1510 3896 1594; baseline -0.003 -8"><span class='ocrx_word' id='word_1_257' title='bbox 2359 1513 2808 1594; x_wconf 83' lang='lat' dir='ltr'>titudinem,</span> <span class='ocrx_word' id='word_1_258' title='bbox 2873 1517 2953 1585; x_wconf 88' lang='lat' dir='ltr'>ct</span> <span class='ocrx_word' id='word_1_259' title='bbox 3020 1512 3546 1591; x_wconf 82' lang='lat' dir='ltr'>debilitatem,</span> <span class='ocrx_word' id='word_1_260' title='bbox 3621 1510 3700 1583; x_wconf 87' lang='lat' dir='ltr'>et</span> <span class='ocrx_word' id='word_1_261' title='bbox 3790 1530 3896 1582; x_wconf 88' lang='lat' dir='ltr'>ex</span> 
     </span>
     <span class='ocr_line' id='line_1_59' title="bbox 2356 1626 3906 1703; baseline -0.002 -1"><span class='ocrx_word' id='word_1_262' title='bbox 2356 1630 2831 1703; x_wconf 86' lang='lat' dir='ltr'>diversitate</span> <span class='ocrx_word' id='word_1_263' title='bbox 2869 1631 3217 1702; x_wconf 90' lang='lat' dir='ltr'>laterum</span> <span class='ocrx_word' id='word_1_264' title='bbox 3249 1626 3790 1701; x_wconf 86' lang='lat' dir='ltr'>concavitatis</span> <span class='ocrx_word' id='word_1_265' title='bbox 3824 1627 3906 1699; x_wconf 93' lang='lat' dir='ltr'>in</span> 
     </span>
     <span class='ocr_line' id='line_1_60' title="bbox 2358 1745 3899 1838; baseline -0.004 -18"><span class='ocrx_word' id='word_1_266' title='bbox 2358 1750 2646 1838; x_wconf 85' lang='lat' dir='ltr'>figura,</span> <span class='ocrx_word' id='word_1_267' title='bbox 2694 1747 2787 1818; x_wconf 90' lang='lat' dir='ltr'>ad</span> <span class='ocrx_word' id='word_1_268' title='bbox 2832 1766 3070 1837; x_wconf 90' lang='lat' dir='ltr'>quam</span> <span class='ocrx_word' id='word_1_269' title='bbox 3115 1745 3205 1818; x_wconf 80' lang='lat' dir='ltr'>tit</span> <span class='ocrx_word' id='word_1_270' title='bbox 3259 1745 3641 1817; x_wconf 73' lang='lat' dir='ltr'>reflexio:</span> <span class='ocrx_word' id='word_1_271' title='bbox 3707 1764 3899 1814; x_wconf 87' lang='lat' dir='ltr'>nam</span> 
     </span>
     <span class='ocr_line' id='line_1_61' title="bbox 2359 1862 3900 1959; baseline -0.002 -24"><span class='ocrx_word' id='word_1_272' title='bbox 2359 1866 2670 1959; x_wconf 90' lang='lat' dir='ltr'>quando</span> <span class='ocrx_word' id='word_1_273' title='bbox 2703 1862 3124 1936; x_wconf 85' lang='lat' dir='ltr'>exhalatio</span> <span class='ocrx_word' id='word_1_274' title='bbox 3156 1866 3281 1936; x_wconf 87' lang='lat' dir='ltr'>est</span> <span class='ocrx_word' id='word_1_275' title='bbox 3317 1863 3576 1935; x_wconf 87' lang='lat' dir='ltr'>multa</span> <span class='ocrx_word' id='word_1_276' title='bbox 3623 1865 3704 1934; x_wconf 88' lang='lat' dir='ltr'>et</span> <span class='ocrx_word' id='word_1_277' title='bbox 3735 1862 3900 1934; x_wconf 82' lang='lat' dir='ltr'>for-</span> 
     </span>
     <span class='ocr_line' id='line_1_62' title="bbox 2361 1978 3906 2070; baseline -0.003 -15"><span class='ocrx_word' id='word_1_278' title='bbox 2361 1981 2492 2062; x_wconf 86' lang='lat' dir='ltr'>tis,</span> <span class='ocrx_word' id='word_1_279' title='bbox 2529 1985 2609 2054; x_wconf 91' lang='lat' dir='ltr'>et</span> <span class='ocrx_word' id='word_1_280' title='bbox 2651 1979 3022 2051; x_wconf 79' lang='lat' dir='ltr'>foramen</span> <span class='ocrx_word' id='word_1_281' title='bbox 3055 1978 3325 2052; x_wconf 85' lang='lat' dir='ltr'>exitus</span> <span class='ocrx_word' id='word_1_282' title='bbox 3359 1979 3448 2053; x_wconf 84' lang='lat' dir='ltr'>fit</span> <span class='ocrx_word' id='word_1_283' title='bbox 3515 1999 3906 2070; x_wconf 89' lang='lat' dir='ltr'>magnum</span> 
     </span>
     <span class='ocr_line' id='line_1_63' title="bbox 2357 2098 3908 2190; baseline -0.003 -19"><span class='ocrx_word' id='word_1_284' title='bbox 2357 2104 2437 2171; x_wconf 88' lang='lat' dir='ltr'>et</span> <span class='ocrx_word' id='word_1_285' title='bbox 2479 2098 2866 2190; x_wconf 85' lang='lat' dir='ltr'>amplum,</span> <span class='ocrx_word' id='word_1_286' title='bbox 2934 2101 3122 2170; x_wconf 91' lang='lat' dir='ltr'>tunc</span> <span class='ocrx_word' id='word_1_287' title='bbox 3192 2100 3587 2169; x_wconf 89' lang='lat' dir='ltr'>causatur</span> <span class='ocrx_word' id='word_1_288' title='bbox 3654 2115 3908 2167; x_wconf 91' lang='lat' dir='ltr'>sonus</span> 
     </span>
     <span class='ocr_line' id='line_1_64' title="bbox 2361 2213 3907 2306; baseline -0.002 -19"><span class='ocrx_word' id='word_1_289' title='bbox 2361 2235 2729 2306; x_wconf 79' lang='lat' dir='ltr'>magnuS,</span> <span class='ocrx_word' id='word_1_290' title='bbox 2774 2219 2855 2288; x_wconf 89' lang='lat' dir='ltr'>et</span> <span class='ocrx_word' id='word_1_291' title='bbox 2915 2213 3339 2286; x_wconf 83' lang='lat' dir='ltr'>terribilis.</span> <span class='ocrx_word' id='word_1_292' title='bbox 3397 2213 3541 2285; x_wconf 86' lang='lat' dir='ltr'>Sed</span> <span class='ocrx_word' id='word_1_293' title='bbox 3586 2213 3907 2304; x_wconf 89' lang='lat' dir='ltr'>quando</span> 
     </span>
     <span class='ocr_line' id='line_1_65' title="bbox 2361 2331 3909 2407; baseline -0.004 -1"><span class='ocrx_word' id='word_1_294' title='bbox 2361 2335 2586 2407; x_wconf 90' lang='lat' dir='ltr'>locus</span> <span class='ocrx_word' id='word_1_295' title='bbox 2620 2333 2888 2406; x_wconf 84' lang='lat' dir='ltr'>exitus</span> <span class='ocrx_word' id='word_1_296' title='bbox 2923 2331 3172 2404; x_wconf 80' lang='lat' dir='ltr'>fuerit</span> <span class='ocrx_word' id='word_1_297' title='bbox 3217 2331 3559 2404; x_wconf 90' lang='lat' dir='ltr'>strictus</span> <span class='ocrx_word' id='word_1_298' title='bbox 3603 2331 3696 2401; x_wconf 87' lang='lat' dir='ltr'>ad</span> <span class='ocrx_word' id='word_1_299' title='bbox 3733 2350 3909 2401; x_wconf 91' lang='lat' dir='ltr'>mo-</span> 
     </span>
     <span class='ocr_line' id='line_1_66' title="bbox 2356 2446 3908 2530; baseline -0.006 -6"><span class='ocrx_word' id='word_1_300' title='bbox 2356 2453 2542 2524; x_wconf 87' lang='lat' dir='ltr'>dum</span> <span class='ocrx_word' id='word_1_301' title='bbox 2597 2454 2937 2530; x_wconf 86' lang='lat' dir='ltr'>meatus,</span> <span class='ocrx_word' id='word_1_302' title='bbox 2994 2449 3123 2520; x_wconf 85' lang='lat' dir='ltr'>vel</span> <span class='ocrx_word' id='word_1_303' title='bbox 3166 2448 3402 2526; x_wconf 79' lang='lat' dir='ltr'>tubae,</span> <span class='ocrx_word' id='word_1_304' title='bbox 3448 2451 3528 2520; x_wconf 87' lang='lat' dir='ltr'>et</span> <span class='ocrx_word' id='word_1_305' title='bbox 3578 2446 3908 2518; x_wconf 87' lang='lat' dir='ltr'>exhala-</span> 
     </span>
     <span class='ocr_line' id='line_1_67' title="bbox 2361 2562 3909 2655; baseline -0.005 -14"><span class='ocrx_word' id='word_1_306' title='bbox 2361 2567 2474 2642; x_wconf 90' lang='lat' dir='ltr'>tio</span> <span class='ocrx_word' id='word_1_307' title='bbox 2527 2564 2778 2637; x_wconf 84' lang='lat' dir='ltr'>suerit</span> <span class='ocrx_word' id='word_1_308' title='bbox 2840 2563 3081 2637; x_wconf 86' lang='lat' dir='ltr'>sortis</span> <span class='ocrx_word' id='word_1_309' title='bbox 3153 2562 3662 2655; x_wconf 83' lang='lat' dir='ltr'>impellendo,</span> <span class='ocrx_word' id='word_1_310' title='bbox 3710 2565 3909 2635; x_wconf 88' lang='lat' dir='ltr'>tunc</span> 
     </span>
     <span class='ocr_line' id='line_1_68' title="bbox 2358 2679 3720 2760; baseline -0.007 -4"><span class='ocrx_word' id='word_1_311' title='bbox 2358 2683 2688 2756; x_wconf 87' lang='lat' dir='ltr'>auditur</span> <span class='ocrx_word' id='word_1_312' title='bbox 2729 2702 2974 2752; x_wconf 91' lang='lat' dir='ltr'>sonus</span> <span class='ocrx_word' id='word_1_313' title='bbox 3008 2679 3248 2760; x_wconf 89' lang='lat' dir='ltr'>altus,</span> <span class='ocrx_word' id='word_1_314' title='bbox 3285 2684 3364 2753; x_wconf 87' lang='lat' dir='ltr'>et</span> <span class='ocrx_word' id='word_1_315' title='bbox 3407 2682 3720 2751; x_wconf 90' lang='lat' dir='ltr'>acutus.</span> 
     </span>
    </p>
   </div>
   <div class='ocr_carea' id='block_1_13' title="bbox 2441 2797 4200 2886">
    <p class='ocr_par' dir='ltr' id='par_1_14' title="bbox 2441 2797 4200 2886">
     <span class='ocr_line' id='line_1_69' title="bbox 2441 2797 4200 2886; baseline -0.007 -16"><span class='ocrx_word' id='word_1_316' title='bbox 2441 2798 2872 2884; x_wconf 70' lang='lat' dir='ltr'>¹Secundus</span> <span class='ocrx_word' id='word_1_317' title='bbox 2960 2797 3292 2868; x_wconf 82' lang='lat' dir='ltr'>effectus</span> <span class='ocrx_word' id='word_1_318' title='bbox 3395 2815 3908 2886; x_wconf 89' lang='lat' dir='ltr'>consequens</span> <span class='ocrx_word' id='word_1_319' title='bbox 3941 2812 4200 2863; x_wconf 59' lang='lat' dir='ltr'>secundm</span> 
     </span>
    </p>
   </div>
   <div class='ocr_carea' id='block_1_14' title="bbox 2360 2911 3916 4159">
    <p class='ocr_par' dir='ltr' id='par_1_15' title="bbox 2360 2911 3916 4159">
     <span class='ocr_line' id='line_1_70' title="bbox 2361 2911 3907 2994; baseline -0.005 -6"><span class='ocrx_word' id='word_1_320' title='bbox 2361 2918 2953 2994; x_wconf 59' lang='lat' dir='ltr'>terraemotum,</span> <span class='ocrx_word' id='word_1_321' title='bbox 3017 2917 3143 2985; x_wconf 85' lang='lat' dir='ltr'>est</span> <span class='ocrx_word' id='word_1_322' title='bbox 3206 2911 3578 2985; x_wconf 80' lang='lat' dir='ltr'>fractura</span> <span class='ocrx_word' id='word_1_323' title='bbox 3639 2915 3907 2984; x_wconf 89' lang='lat' dir='ltr'>terra-</span> 
     </span>
     <span class='ocr_line' id='line_1_71' title="bbox 2367 3027 3911 3114; baseline -0.005 -9"><span class='ocrx_word' id='word_1_324' title='bbox 2367 3053 2570 3114; x_wconf 89' lang='lat' dir='ltr'>rum,</span> <span class='ocrx_word' id='word_1_325' title='bbox 2608 3052 2848 3105; x_wconf 91' lang='lat' dir='ltr'>casus</span> <span class='ocrx_word' id='word_1_326' title='bbox 2891 3029 3348 3109; x_wconf 88' lang='lat' dir='ltr'>civitatum,</span> <span class='ocrx_word' id='word_1_327' title='bbox 3393 3027 3518 3100; x_wconf 90' lang='lat' dir='ltr'>vel</span> <span class='ocrx_word' id='word_1_328' title='bbox 3574 3027 3911 3099; x_wconf 89' lang='lat' dir='ltr'>subver-</span> 
     </span>
     <span class='ocr_line' id='line_1_72' title="bbox 2364 3147 3907 3227; baseline -0.001 -8"><span class='ocrx_word' id='word_1_329' title='bbox 2364 3148 2485 3222; x_wconf 91' lang='lat' dir='ltr'>sio</span> <span class='ocrx_word' id='word_1_330' title='bbox 2545 3153 2624 3222; x_wconf 91' lang='lat' dir='ltr'>et</span> <span class='ocrx_word' id='word_1_331' title='bbox 2660 3147 2897 3219; x_wconf 89' lang='lat' dir='ltr'>ruina</span> <span class='ocrx_word' id='word_1_332' title='bbox 2945 3147 3399 3218; x_wconf 88' lang='lat' dir='ltr'>domorum.</span> <span class='ocrx_word' id='word_1_333' title='bbox 3437 3147 3701 3219; x_wconf 84' lang='lat' dir='ltr'>Causa</span> <span class='ocrx_word' id='word_1_334' title='bbox 3750 3148 3907 3227; x_wconf 89' lang='lat' dir='ltr'>est,</span> 
     </span>
     <span class='ocr_line' id='line_1_73' title="bbox 2364 3262 3912 3359; baseline -0.003 -22"><span class='ocrx_word' id='word_1_335' title='bbox 2364 3267 2925 3359; x_wconf 81' lang='lat' dir='ltr'>quiapropter</span> <span class='ocrx_word' id='word_1_336' title='bbox 2975 3264 3533 3337; x_wconf 84' lang='lat' dir='ltr'>fortitudinem</span> <span class='ocrx_word' id='word_1_337' title='bbox 3577 3262 3912 3334; x_wconf 89' lang='lat' dir='ltr'>exhala-</span> 
     </span>
     <span class='ocr_line' id='line_1_74' title="bbox 2364 3383 3913 3473; baseline -0.005 -15"><span class='ocrx_word' id='word_1_338' title='bbox 2364 3385 2611 3458; x_wconf 82' lang='lat' dir='ltr'>tionis</span> <span class='ocrx_word' id='word_1_339' title='bbox 2685 3383 3037 3461; x_wconf 77' lang='lat' dir='ltr'>inclusae,</span> <span class='ocrx_word' id='word_1_340' title='bbox 3123 3387 3351 3454; x_wconf 84' lang='lat' dir='ltr'>terra</span> <span class='ocrx_word' id='word_1_341' title='bbox 3421 3384 3913 3473; x_wconf 87' lang='lat' dir='ltr'>superstans</span> 
     </span>
     <span class='ocr_line' id='line_1_75' title="bbox 2362 3495 3915 3577; baseline -0.003 -4"><span class='ocrx_word' id='word_1_342' title='bbox 2362 3522 2519 3573; x_wconf 91' lang='lat' dir='ltr'>non</span> <span class='ocrx_word' id='word_1_343' title='bbox 2566 3499 2867 3571; x_wconf 75' lang='lat' dir='ltr'>suflicit</span> <span class='ocrx_word' id='word_1_344' title='bbox 2913 3499 3326 3577; x_wconf 85' lang='lat' dir='ltr'>resistere,</span> <span class='ocrx_word' id='word_1_345' title='bbox 3365 3501 3445 3570; x_wconf 89' lang='lat' dir='ltr'>et</span> <span class='ocrx_word' id='word_1_346' title='bbox 3487 3496 3660 3568; x_wconf 89' lang='lat' dir='ltr'>ideo</span> <span class='ocrx_word' id='word_1_347' title='bbox 3702 3495 3915 3568; x_wconf 83' lang='lat' dir='ltr'>‹livi-</span> 
     </span>
     <span class='ocr_line' id='line_1_76' title="bbox 2360 3613 3916 3709; baseline -0.004 -19"><span class='ocrx_word' id='word_1_348' title='bbox 2360 3619 2580 3691; x_wconf 90' lang='lat' dir='ltr'>ditur</span> <span class='ocrx_word' id='word_1_349' title='bbox 2615 3618 2913 3709; x_wconf 83' lang='lat' dir='ltr'>impetu</span> <span class='ocrx_word' id='word_1_350' title='bbox 2985 3613 3558 3694; x_wconf 87' lang='lat' dir='ltr'>exhalationis,</span> <span class='ocrx_word' id='word_1_351' title='bbox 3603 3618 3683 3686; x_wconf 93' lang='lat' dir='ltr'>et</span> <span class='ocrx_word' id='word_1_352' title='bbox 3729 3634 3916 3705; x_wconf 88' lang='lat' dir='ltr'>par-</span> 
     </span>
     <span class='ocr_line' id='line_1_77' title="bbox 2364 3730 3915 3815; baseline -0.008 -1"><span class='ocrx_word' id='word_1_353' title='bbox 2364 3745 2485 3815; x_wconf 85' lang='lat' dir='ltr'>tes</span> <span class='ocrx_word' id='word_1_354' title='bbox 2528 3738 2823 3809; x_wconf 89' lang='lat' dir='ltr'>eadunt</span> <span class='ocrx_word' id='word_1_355' title='bbox 2881 3732 3258 3803; x_wconf 87' lang='lat' dir='ltr'>deorsum</span> <span class='ocrx_word' id='word_1_356' title='bbox 3314 3730 3392 3803; x_wconf 94' lang='lat' dir='ltr'>in</span> <span class='ocrx_word' id='word_1_357' title='bbox 3447 3732 3915 3804; x_wconf 87' lang='lat' dir='ltr'>concavita-</span> 
     </span>
     <span class='ocr_line' id='line_1_78' title="bbox 2361 3848 3913 3931; baseline -0.005 -2"><span class='ocrx_word' id='word_1_358' title='bbox 2361 3862 2550 3931; x_wconf 87' lang='lat' dir='ltr'>tem,</span> <span class='ocrx_word' id='word_1_359' title='bbox 2620 3858 2700 3924; x_wconf 83' lang='lat' dir='ltr'>et</span> <span class='ocrx_word' id='word_1_360' title='bbox 2773 3848 3160 3922; x_wconf 88' lang='lat' dir='ltr'>similiter</span> <span class='ocrx_word' id='word_1_361' title='bbox 3192 3848 3500 3927; x_wconf 81' lang='lat' dir='ltr'>(lomus,</span> <span class='ocrx_word' id='word_1_362' title='bbox 3538 3849 3666 3919; x_wconf 87' lang='lat' dir='ltr'>vel</span> <span class='ocrx_word' id='word_1_363' title='bbox 3710 3848 3913 3922; x_wconf 92' lang='lat' dir='ltr'>civi-</span> 
     </span>
     <span class='ocr_line' id='line_1_79' title="bbox 2364 3964 3914 4051; baseline -0.006 -6"><span class='ocrx_word' id='word_1_364' title='bbox 2364 3977 2516 4051; x_wconf 90' lang='lat' dir='ltr'>tas,</span> <span class='ocrx_word' id='word_1_365' title='bbox 2566 3969 2630 4040; x_wconf 92' lang='lat' dir='ltr'>si</span> <span class='ocrx_word' id='word_1_366' title='bbox 2694 3966 2998 4040; x_wconf 88' lang='lat' dir='ltr'>suerint</span> <span class='ocrx_word' id='word_1_367' title='bbox 3038 3964 3326 4037; x_wconf 61' lang='lat' dir='ltr'>vicinae</span> <span class='ocrx_word' id='word_1_368' title='bbox 3389 3964 3565 4035; x_wconf 93' lang='lat' dir='ltr'>loco</span> <span class='ocrx_word' id='word_1_369' title='bbox 3634 3965 3914 4038; x_wconf 86' lang='lat' dir='ltr'>exitus</span> 
     </span>
     <span class='ocr_line' id='line_1_80' title="bbox 2362 4083 2938 4159; baseline -0.014 0"><span class='ocrx_word' id='word_1_370' title='bbox 2362 4083 2938 4159; x_wconf 78' lang='lat' dir='ltr'>exhalationis.</span> 
     </span>
    </p>
   </div>
   <div class='ocr_carea' id='block_1_15' title="bbox 2451 4200 4202 4301">
    <p class='ocr_par' dir='ltr' id='par_1_16' title="bbox 2451 4200 4202 4301">
     <span class='ocr_line' id='line_1_81' title="bbox 2451 4200 4202 4301; baseline -0.003 -26"><span class='ocrx_word' id='word_1_371' title='bbox 2451 4202 2775 4276; x_wconf 85' lang='lat' dir='ltr'>Tertius</span> <span class='ocrx_word' id='word_1_372' title='bbox 2835 4200 3194 4280; x_wconf 80' lang='lat' dir='ltr'>effectus,</span> <span class='ocrx_word' id='word_1_373' title='bbox 3285 4203 3410 4272; x_wconf 87' lang='lat' dir='ltr'>est</span> <span class='ocrx_word' id='word_1_374' title='bbox 3478 4200 3911 4288; x_wconf 84' lang='lat' dir='ltr'>generatio</span> <span class='ocrx_word' id='word_1_375' title='bbox 4003 4211 4202 4301; x_wconf 60' lang='lat' dir='ltr'>mins·</span> 
     </span>
    </p>
   </div>
   <div class='ocr_carea' id='block_1_16' title="bbox 2364 4314 3919 5225">
    <p class='ocr_par' dir='ltr' id='par_1_17' title="bbox 2364 4314 3919 5225">
     <span class='ocr_line' id='line_1_82' title="bbox 2364 4314 3916 4407; baseline -0.003 -16"><span class='ocrx_word' id='word_1_376' title='bbox 2364 4338 2759 4391; x_wconf 89' lang='lat' dir='ltr'>novorum</span> <span class='ocrx_word' id='word_1_377' title='bbox 2803 4316 3172 4396; x_wconf 84' lang='lat' dir='ltr'>fontium,</span> <span class='ocrx_word' id='word_1_378' title='bbox 3209 4314 3659 4395; x_wconf 86' lang='lat' dir='ltr'>laeuum‚et</span> <span class='ocrx_word' id='word_1_379' title='bbox 3691 4321 3916 4407; x_wconf 85' lang='lat' dir='ltr'>stag·</span> 
     </span>
     <span class='ocr_line' id='line_1_83' title="bbox 2366 4430 3915 4522; baseline -0.002 -14"><span class='ocrx_word' id='word_1_380' title='bbox 2366 4455 2687 4508; x_wconf 87' lang='lat' dir='ltr'>norum.</span> <span class='ocrx_word' id='word_1_381' title='bbox 2727 4438 2992 4508; x_wconf 82' lang='lat' dir='ltr'>Causa</span> <span class='ocrx_word' id='word_1_382' title='bbox 3051 4435 3201 4512; x_wconf 86' lang='lat' dir='ltr'>est,</span> <span class='ocrx_word' id='word_1_383' title='bbox 3278 4430 3465 4522; x_wconf 89' lang='lat' dir='ltr'>quia</span> <span class='ocrx_word' id='word_1_384' title='bbox 3534 4434 3915 4506; x_wconf 87' lang='lat' dir='ltr'>concavi·</span> 
     </span>
     <span class='ocr_line' id='line_1_84' title="bbox 2368 4547 3913 4640; baseline -0.004 -15"><span class='ocrx_word' id='word_1_385' title='bbox 2368 4558 2520 4631; x_wconf 86' lang='lat' dir='ltr'>tas,</span> <span class='ocrx_word' id='word_1_386' title='bbox 2569 4552 2645 4622; x_wconf 91' lang='lat' dir='ltr'>in</span> <span class='ocrx_word' id='word_1_387' title='bbox 2679 4570 2829 4640; x_wconf 91' lang='lat' dir='ltr'>qua</span> <span class='ocrx_word' id='word_1_388' title='bbox 2870 4547 3429 4619; x_wconf 78' lang='lat' dir='ltr'>includebatur</span> <span class='ocrx_word' id='word_1_389' title='bbox 3460 4547 3913 4632; x_wconf 83' lang='lat' dir='ltr'>exhalatiO,</span> 
     </span>
     <span class='ocr_line' id='line_1_85' title="bbox 2366 4663 3919 4757; baseline -0.001 -16"><span class='ocrx_word' id='word_1_390' title='bbox 2366 4673 2490 4741; x_wconf 89' lang='lat' dir='ltr'>est</span> <span class='ocrx_word' id='word_1_391' title='bbox 2530 4667 2756 4737; x_wconf 83' lang='lat' dir='ltr'>valde</span> <span class='ocrx_word' id='word_1_392' title='bbox 2819 4663 3240 4757; x_wconf 82' lang='lat' dir='ltr'>profunda,</span> <span class='ocrx_word' id='word_1_393' title='bbox 3288 4670 3367 4736; x_wconf 89' lang='lat' dir='ltr'>et</span> <span class='ocrx_word' id='word_1_394' title='bbox 3416 4665 3774 4746; x_wconf 85' lang='lat' dir='ltr'>declivis,</span> <span class='ocrx_word' id='word_1_395' title='bbox 3831 4671 3919 4740; x_wconf 85' lang='lat' dir='ltr'>et</span> 
     </span>
     <span class='ocr_line' id='line_1_86' title="bbox 2371 4781 3917 4875; baseline -0.001 -19"><span class='ocrx_word' id='word_1_396' title='bbox 2371 4786 2539 4857; x_wconf 87' lang='lat' dir='ltr'>ideo</span> <span class='ocrx_word' id='word_1_397' title='bbox 2584 4805 2810 4875; x_wconf 82' lang='lat' dir='ltr'>aquae</span> <span class='ocrx_word' id='word_1_398' title='bbox 2854 4787 3263 4871; x_wconf 60' lang='lat' dir='ltr'>genevam</span> <span class='ocrx_word' id='word_1_399' title='bbox 3315 4781 3393 4853; x_wconf 91' lang='lat' dir='ltr'>in</span> <span class='ocrx_word' id='word_1_400' title='bbox 3438 4782 3638 4853; x_wconf 90' lang='lat' dir='ltr'>locis</span> <span class='ocrx_word' id='word_1_401' title='bbox 3681 4803 3917 4875; x_wconf 79' lang='lat' dir='ltr'>supe-</span> 
     </span>
     <span class='ocr_line' id='line_1_87' title="bbox 2373 4897 3915 4972; baseline -0.003 0"><span class='ocrx_word' id='word_1_402' title='bbox 2373 4901 2727 4972; x_wconf 84' lang='lat' dir='ltr'>rioribus</span> <span class='ocrx_word' id='word_1_403' title='bbox 2828 4897 3556 4971; x_wconf 88' lang='lat' dir='ltr'>circumstantibus</span> <span class='ocrx_word' id='word_1_404' title='bbox 3632 4899 3915 4970; x_wconf 88' lang='lat' dir='ltr'>decur-</span> 
     </span>
     <span class='ocr_line' id='line_1_88' title="bbox 2372 5014 3915 5094; baseline -0.001 -7"><span class='ocrx_word' id='word_1_405' title='bbox 2372 5021 2560 5089; x_wconf 87' lang='lat' dir='ltr'>runt</span> <span class='ocrx_word' id='word_1_406' title='bbox 2629 5017 2722 5086; x_wconf 90' lang='lat' dir='ltr'>ad</span> <span class='ocrx_word' id='word_1_407' title='bbox 2788 5015 3011 5088; x_wconf 90' lang='lat' dir='ltr'>illam</span> <span class='ocrx_word' id='word_1_408' title='bbox 3053 5014 3678 5094; x_wconf 84' lang='lat' dir='ltr'>concavitatem,</span> <span class='ocrx_word' id='word_1_409' title='bbox 3736 5019 3915 5088; x_wconf 90' lang='lat' dir='ltr'>tan-</span> 
     </span>
     <span class='ocr_line' id='line_1_89' title="bbox 2369 5129 3635 5225; baseline -0.002 -23"><span class='ocrx_word' id='word_1_410' title='bbox 2369 5152 2604 5225; x_wconf 85' lang='lat' dir='ltr'>quam</span> <span class='ocrx_word' id='word_1_411' title='bbox 2651 5132 2744 5202; x_wconf 91' lang='lat' dir='ltr'>ad</span> <span class='ocrx_word' id='word_1_412' title='bbox 2780 5132 3044 5203; x_wconf 84' lang='lat' dir='ltr'>locum</span> <span class='ocrx_word' id='word_1_413' title='bbox 3082 5129 3635 5203; x_wconf 77' lang='lat' dir='ltr'>‹leelivioren1.</span> 
     </span>
    </p>
   </div>
   <div class='ocr_carea' id='block_1_17' title="bbox 2455 5244 4200 5328">
    <p class='ocr_par' dir='ltr' id='par_1_18' title="bbox 2455 5244 4200 5328">
     <span class='ocr_line' id='line_1_90' title="bbox 2455 5244 4200 5328; baseline -0.002 -14"><span class='ocrx_word' id='word_1_414' title='bbox 2455 5252 2812 5328; x_wconf 77' lang='lat' dir='ltr'>Quartus</span> <span class='ocrx_word' id='word_1_415' title='bbox 2846 5249 3205 5325; x_wconf 64' lang='lat' dir='ltr'>eftectus,</span> <span class='ocrx_word' id='word_1_416' title='bbox 3243 5251 3366 5317; x_wconf 89' lang='lat' dir='ltr'>est</span> <span class='ocrx_word' id='word_1_417' title='bbox 3417 5244 3703 5318; x_wconf 81' lang='lat' dir='ltr'>effusio</span> <span class='ocrx_word' id='word_1_418' title='bbox 3746 5265 3920 5316; x_wconf 88' lang='lat' dir='ltr'>ma-</span> <span class='ocrx_word' id='word_1_419' title='bbox 3982 5258 4200 5313; x_wconf 70' lang='lat' dir='ltr'>Quartus</span> 
     </span>
    </p>
   </div>
   <div class='ocr_carea' id='block_1_18' title="bbox 2366 5364 3914 5696">
    <p class='ocr_par' dir='ltr' id='par_1_19' title="bbox 2366 5364 3914 5696">
     <span class='ocr_line' id='line_1_91' title="bbox 2371 5364 3914 5458; baseline -0.003 -18"><span class='ocrx_word' id='word_1_420' title='bbox 2371 5369 2484 5440; x_wconf 83' lang='lat' dir='ltr'>ris</span> <span class='ocrx_word' id='word_1_421' title='bbox 2528 5388 2772 5458; x_wconf 75' lang='lat' dir='ltr'>super</span> <span class='ocrx_word' id='word_1_422' title='bbox 2817 5372 3126 5438; x_wconf 87' lang='lat' dir='ltr'>terram</span> <span class='ocrx_word' id='word_1_423' title='bbox 3181 5366 3273 5436; x_wconf 88' lang='lat' dir='ltr'>ad</span> <span class='ocrx_word' id='word_1_424' title='bbox 3319 5366 3634 5435; x_wconf 88' lang='lat' dir='ltr'>modum</span> <span class='ocrx_word' id='word_1_425' title='bbox 3684 5364 3914 5436; x_wconf 90' lang='lat' dir='ltr'>inun-</span> 
     </span>
     <span class='ocr_line' id='line_1_92' title="bbox 2366 5480 3914 5557; baseline -0.002 -2"><span class='ocrx_word' id='word_1_426' title='bbox 2366 5482 2741 5557; x_wconf 76' lang='lat' dir='ltr'>dationis.</span> <span class='ocrx_word' id='word_1_427' title='bbox 2781 5488 3039 5556; x_wconf 77' lang='lat' dir='ltr'>Causa</span> <span class='ocrx_word' id='word_1_428' title='bbox 3076 5487 3200 5553; x_wconf 81' lang='lat' dir='ltr'>est</span> <span class='ocrx_word' id='word_1_429' title='bbox 3234 5480 3914 5552; x_wconf 78' lang='lat' dir='ltr'>secundumAris-</span> 
     </span>
     <span class='ocr_line' id='line_1_93' title="bbox 2369 5598 3912 5696; baseline -0.003 -24"><span class='ocrx_word' id='word_1_430' title='bbox 2369 5600 2726 5678; x_wconf 85' lang='lat' dir='ltr'>totelem,</span> <span class='ocrx_word' id='word_1_431' title='bbox 2777 5600 2964 5696; x_wconf 76' lang='lat' dir='ltr'>quia¹</span> <span class='ocrx_word' id='word_1_432' title='bbox 3023 5598 3436 5676; x_wconf 84' lang='lat' dir='ltr'>exhalatio</span> <span class='ocrx_word' id='word_1_433' title='bbox 3477 5598 3752 5673; x_wconf 78' lang='lat' dir='ltr'>exiens</span> <span class='ocrx_word' id='word_1_434' title='bbox 3811 5599 3912 5675; x_wconf 85' lang='lat' dir='ltr'>(le</span> 
     </span>
    </p>
   </div>
  </div>
 </body>
</html>
