4252 6393
661 349 775 413 104

651 513 1350 602 genereturinsuo
1383 514 1568 588 loco
1600 514 2196 598 naturali,nam

648 628 1015 701 videmus
1060 630 1327 721 ignem
1387 632 1771 722 generari
1828 631 1910 704 in
1969 636 2202 705 terra

651 750 733 819 et
794 765 1010 829 aere,
1047 750 1128 821 et
1196 767 1470 822 aerem
1511 748 1590 821 in
1633 747 1817 822 aliis
1856 749 2196 822 elemen-

651 860 783 935 tis.

744 979 859 1051 Ad
883 981 1339 1065 secundam,
1376 995 1530 1051 lunc
1557 983 1900 1052 exhalatio
1929 1004 2197 1052 conver-

659 1107 908 1164 teretur
938 1099 1011 1165 in
1041 1108 1314 1179 terram,
1335 1101 1686 1187 negatur
1708 1118 2196 1189 consequen-

662 1211 804 1294 tia,
854 1210 1016 1284 imo
1082 1212 1311 1287 debet
1362 1214 1734 1288 converti
1795 1215 1874 1286 in
1926 1214 2196 1306 ignem

659 1347 806 1421 per
852 1327 1482 1412 exhalationem,
1531 1331 1764 1403 modo
1814 1352 1972 1423 quo
2032 1332 2188 1404 dic-

659 1447 833 1519 tum
875 1448 1023 1518 est.

748 1560 862 1633 Ad
894 1560 1253 1644 tertiam,
1288 1585 1425 1632 non
1492 1575 1587 1632 est
1626 1566 1826 1645 locem,
1855 1568 2010 1638 etc.
2049 1566 2197 1636 Ne-

661 1683 930 1771 gatur,
986 1679 1148 1753 imo
1192 1681 1272 1753 in
1312 1683 1589 1754 eodem
1631 1681 1809 1755 loco
1856 1689 2200 1776 possunt

666 1795 1047 1885 generari
1091 1797 1574 1870 successive.

752 1913 864 1984 Ad
910 1917 1317 2004 quartam,
1372 1915 1719 1987 concedo
1767 1915 1975 2006 quod
2034 1915 2198 2008 plu-

662 2029 798 2102 via
861 2035 1307 2121 generatur
1348 2052 1395 2103 a
1470 2032 1754 2114 calido,
1806 2037 2195 2125 tanquam

660 2167 708 2234 a
759 2167 1006 2219 causa
1041 2148 1415 2231 mediata,
1451 2171 1546 2221 eo
1583 2150 1790 2241 quod
1847 2150 2198 2223 calidum

655 2263 921 2338 elevat
952 2284 1371 2358 vaporem,
1424 2287 1523 2338 ex
1557 2286 1712 2357 quo
1757 2266 2032 2359 pluvia
2071 2285 2198 2356 ge-

657 2385 1025 2461 neratur,
1072 2381 1692 2454 sedimmediate
1753 2386 2200 2472 generatur

648 2516 697 2568 a
720 2496 1041 2587 frigido,
1066 2496 1191 2568 vel
1224 2496 1673 2588 frigiditate
1695 2519 1838 2590 per
1868 2519 2201 2571 conver-

657 2613 969 2686 sionem
1016 2614 1351 2708 vaporis
1394 2615 1693 2689 elevati
1760 2615 1840 2687 in
1875 2634 2197 2708 aquam.

655 2731 758 2804 Et
791 2731 906 2802 sic
937 2729 1120 2802 finis
1166 2731 1668 2823 quaestionis

382 995 473 1048 Aa
496 993 548 1046 2.

393 1570 484 1622 Ad
510 1567 558 1624 3.

387 1922 542 1975 AM.

1013 3059 1479 3144 QUAESTIO
1520 3061 1786 3133 XXII.

667 3263 890 3322 Utrum
921 3274 1137 3322 omnes
1166 3262 1610 3339 impressiones
1630 3280 1815 3340 aquae
1842 3266 1965 3326 sine
2010 3266 2188 3343 esus-

948 3369 1097 3430 dem
1124 3370 1363 3446 speciei
1398 3369 1918 3451 specialissimae?

436 3579 484 3632 ι.
590 3646 602 3659 ·
752 3555 1154 3645 Arguitur
1221 3556 1428 3648 quod
1502 3576 1688 3639 non,
1774 3557 1962 3650 quia
2042 3559 2203 3633 ista

306 3645 472 3756 „²313
508 3658 632 3706 Μ’
661 3676 849 3746 sunt
888 3673 1405 3746 diversarum
1467 3674 1950 3766 specierum,
2010 3696 2200 3766 quo-

662 3809 843 3861 rum
870 3792 1077 3873 loca,
1115 3795 1194 3864 et
1235 3796 1614 3885 tempora
1646 3812 1809 3864 suae
1868 3812 2200 3882 genera-

661 3908 909 3980 tionis
937 3913 1123 3982 sunt
1154 3909 1478 3980 diversa
1515 3934 1528 3978 ε
1562 3909 1696 3980 sed
1731 3909 2199 4003 impressio-

657 4045 850 4097 num
902 4046 1350 4117 aquearum
1422 4027 1603 4099 loca
1665 4031 1744 4099 et
1822 4033 2200 4123 tempora

658 4143 1215 4233 generationis
1264 4149 1451 4218 sunt
1491 4144 1863 4226 ‹liversa3
1913 4147 2192 4237 igitur,

655 4262 809 4332 etc.
859 4259 1132 4351 Major
1178 4263 1428 4352 patet,
1500 4261 1686 4352 quia
1759 4268 2194 4355 postquam

655 4397 903 4448 unum
947 4381 1393 4466 generatur
1427 4377 1505 4448 in
1542 4377 1812 4469 aliquo
1862 4380 2067 4463 loco,
2115 4387 2196 4456 et

653 4493 925 4586 aliquo
961 4499 1357 4586 tempore,
1400 4494 1803 4587 reliquum
1852 4518 2011 4569 non
2070 4503 2195 4572 est

651 4614 933 4682 natu'm
970 4612 1353 4702 generari
1401 4613 1481 4684 in
1539 4614 1850 4695 eodem;
1936 4615 2195 4705 igitur

653 4725 812 4797 ista
886 4726 1265 4801 differunt
1328 4730 1723 4821 specifice.
1778 4733 1876 4804 Et
1923 4731 2195 4803 minor

650 4846 1018 4934 apparet,
1067 4845 1254 4935 quia
1289 4865 1452 4928 ros
1495 4848 1829 4937 grando,
1883 4852 1964 4921 et
2028 4848 2193 4940 plu-

649 4959 785 5030 via
815 4960 1016 5034 fiunt
1051 4961 1131 5032 in
1155 4967 1468 5043 aestate,
1518 4965 1651 5035 sed
1683 4964 1820 5035 nix
1862 4969 1941 5037 et
1980 4965 2192 5057 prui-

649 5096 753 5147 na
808 5075 888 5147 in
932 5075 1219 5167 hyeme
1257 5101 1272 5158 ;
1312 5077 1700 5151 similiter
1739 5079 1877 5151 nix
1908 5083 1986 5152 et
2023 5080 2189 5171 plu-

647 5192 784 5264 via
822 5192 1025 5265 fiunt
1073 5194 1153 5265 in
1211 5194 1472 5266 media
1548 5196 1882 5282 regione
1943 5196 2186 5274 aeris,

651 5311 784 5383 sed
816 5311 1149 5402 grando,
1196 5319 1274 5386 et
1319 5334 1482 5394 ros,
1528 5319 1608 5386 et
1652 5315 1938 5406 pruina
1991 5315 2193 5388 fiunt

653 5428 866 5499 infra
901 5428 1243 5500 mediam
1278 5431 1721 5519 regionem.

301 5561 626 5615 Secundum.
747 5548 1133 5630 Secunde,
1191 5547 1349 5621 isba
1420 5569 1593 5643 qllae
1639 5547 1929 5622 habent
1978 5567 2190 5623 00111·

1818 353 1961 416 um.
2008 354 2053 415 1.
2097 352 2643 417 METEORORUM

2311 514 2729 607 plexiones
2761 515 3182 590 naturales
3222 514 3590 587 diversas
3637 512 3849 586 diffe-

2313 636 2504 705 runt
2603 632 2905 724 specie;
3016 632 3152 705 sed
3263 630 3850 725 impressiones

2310 768 2585 841 aqueae
2612 755 2801 825 sunt
2833 748 3299 843 hujusmodi
3337 773 3352 830 ;
3391 749 3671 840 igitur,
3693 753 3847 824 etc.

2312 866 2586 960 Major
2647 870 2898 960 patet,
2965 866 3156 959 quia
3224 866 3306 938 in
3365 866 3853 959 corporibus

2309 981 2838 1076 homogeneis
2878 982 3315 1057 diversitas
3364 982 3853 1076 complexio-

2309 1099 2437 1172 nis
2470 1099 2749 1192 arguit
2778 1099 3342 1174 diversitatem
3361 1099 3851 1193 specificam.

2313 1218 2415 1292 Et
2458 1222 2682 1310 patet
2717 1217 3011 1300 minor,
3051 1215 3531 1311 quiapluvia
3560 1221 3686 1290 est
3718 1215 3855 1288 hu-

2313 1333 2529 1407 mida
2552 1339 2634 1409 et
2675 1334 2997 1426 frigida,
3048 1355 3186 1407 ros
3234 1334 3545 1409 calidus
3586 1338 3666 1407 et
3716 1331 3856 1404 hu-

2315 1451 2602 1533 midus,
2647 1456 2728 1526 et
2759 1451 2898 1524 nix
2949 1451 3248 1543 frigida
3281 1454 3365 1525 et
3398 1450 3645 1524 sicca.

2401 1568 2704 1650 Tertio,
2755 1568 2914 1642 ista
2955 1589 3129 1660 quae
3155 1569 3357 1642 fiunt
3397 1567 3497 1639 ab
3546 1565 3852 1658 agenti-

2312 1684 2458 1756 bus
2529 1684 2900 1767 diversis,
2973 1691 3193 1760 etex
3252 1684 3626 1760 materiis
3674 1705 3855 1777 pro-

2314 1799 2634 1893 pinquis
2665 1801 3012 1874 diversis
3041 1800 3424 1875 differunt
3455 1800 3852 1892 specifice.

2315 1916 2450 1990 sed
2482 1917 3068 2010 impressiones
3135 1938 3416 2010 aqueae
3485 1921 3675 1991 sunt
3717 1915 3855 1987 hu-

2305 2032 2697 2125 jusmodi;
2763 2034 3042 2125 igitur,
3087 2038 3241 2107 etc.
3289 2034 3561 2126 Major
3605 2036 3854 2126 patet,

2315 2148 2505 2239 quia
2547 2149 2615 2221 si
2649 2169 2898 2241 agens
2951 2149 3198 2224 fuerit
3252 2170 3527 2231 unum,
3573 2153 3654 2222 et
3697 2169 3858 2221 ma·-

2313 2265 2528 2338 teria
2579 2286 2762 2348 una,
2829 2266 3201 2358 sequitur
3260 2266 3469 2358 quod
3520 2263 3861 2339 effectus

2312 2380 2475 2456 erit
2533 2402 2766 2463 unus,
2847 2387 2928 2456 et
2985 2403 3132 2475 per
3215 2402 3718 2474 consequens
3790 2384 3861 2455 si

2314 2517 2564 2590 agens
2605 2503 2686 2572 et
2756 2500 3107 2574 materia
3162 2499 3859 2582 diversificantur,

2317 2615 2698 2689 diversus
2738 2616 3176 2690 habebitur
3196 2615 3560 2691 effectus
3598 2619 3701 2690 Et
3724 2617 3865 2689 mi·

2311 2753 2470 2805 nor
2521 2738 2770 2826 patet,
2809 2733 2998 2826 quia
3035 2753 3173 2805 ros
3205 2738 3286 2808 et
3330 2733 3628 2826 pruina
3658 2733 3862 2808 fiunt

2312 2870 2360 2921 a
2429 2849 2727 2942 frigido
2783 2850 3156 2932 remisso,
3202 2854 3282 2924 et
3341 2870 3441 2922 ex
3512 2850 3863 2925 materia

2314 2966 2620 3050 subtili,
2695 2967 2828 3039 sed
2886 2966 3024 3040 nix
3082 2971 3164 3042 et
3221 2966 3500 3061 pluvia
3555 2966 3757 3042 fiunt
3815 2989 3859 3041 e

2311 3085 2764 3159 contrarie.

2404 3207 2741 3286 Quarto,
2771 3202 2912 3276 illa
2940 3201 3323 3277 differunt
3347 3202 3638 3297 specie,
3668 3225 3853 3295 quo·
3886 3225 4187 3280 Quartum.

2319 3340 2504 3392 rum
2574 3321 2911 3396 effectus
2980 3321 3404 3396 naturales
3484 3321 3857 3414 specifice

2315 3437 2967 3529 distinguuntur;
3027 3438 3160 3510 sed
3219 3437 3857 3531 impressionum

2316 3576 2766 3646 aquearum
2797 3555 3133 3629 effectus
3183 3554 3805 3647 distinguuntur
3837 3580 3852 3636 ;

2317 3672 2598 3763 igitur,
2664 3676 2817 3747 etc.
2875 3672 3145 3765 Maj0r
3199 3676 3450 3765 patet,
3508 3672 3699 3765 quia
3759 3671 3858 3744 ab

2317 3789 2417 3862 iis
2452 3810 2626 3881 quae
2656 3792 2844 3863 sunt
2875 3789 3331 3862 consimilis
3355 3789 3656 3883 speciei
3686 3788 3859 3863 nati

2315 3909 2504 3978 sunt
2537 3904 3006 3978 consimiles
3026 3904 3361 3979 effectus
3399 3906 3853 3998 provenire.

2315 4028 2418 4100 Et
2443 4024 2714 4097 minor
2738 4028 3106 4118 apparet,
3144 4045 3334 4097 nam
3355 4045 3454 4096 ex
3489 4044 3683 4097 rore
3712 4045 3856 4119 per

2314 4140 3068 4233 incorporationem
3122 4141 3377 4235 ipsius
3423 4140 3645 4215 intra
3699 4146 3852 4215 tes-

2313 4263 2439 4333 tas
2482 4258 2809 4331 conchae
2858 4264 3307 4350 generatur
3355 4259 3834 4350 margarita,
3913 4280 4220 4356 ueneratio*

2311 4396 2484 4468 quae
2516 4396 2613 4446 ex
2649 4374 2856 4456 nive,
2891 4374 3019 4447 vel
3059 4374 3449 4465 grandine
3483 4375 3838 4448 maxima
3859 4352 4220 4431 ”⁸⁰''⁹⁰''‘“²'1

2309 4513 2468 4564 non
2516 4492 2775 4585 possit
2810 4490 3217 4581 generari.
4219 4560 4220 4591 ἶ

2398 4610 2719 4693 Quinto,
2750 4609 2936 4702 quia
2962 4609 3544 4702 impressiones
3577 4628 3850 4701 aqueae
3900 4619 4185 4675 Quintum.
4219 4594 4220 4629 ³

2308 4729 2607 4802 habent
2652 4727 3018 4799 diversas
3071 4726 3579 4800 definitiones
3642 4751 3657 4795 :
3710 4724 3852 4816 igi-

2308 4850 2447 4920 tur
2507 4850 2696 4919 sunt
2747 4845 3261 4916 diversarum
3360 4843 3846 4935 specierum.

2307 4965 2554 5036 Tenet
2593 4961 3199 5055 consequentia,
3253 4980 3439 5033 nam
3486 4960 3848 5035 definitio

2306 5078 2499 5152 dicit
2563 5077 3257 5158 essentian1,ete.,
3299 5077 3471 5150 ideo
3534 5076 3698 5149 alia
3772 5079 3852 5148 et

2309 5197 2472 5268 alia
2505 5194 3081 5267 ‹letinitiodicit
3142 5192 3391 5264 aliam
3453 5196 3535 5266 et
3604 5191 3848 5264 aliam

2307 5312 2777 5384 essentiam.
2875 5314 2973 5383 Et
3057 5309 3538 5382 antecedens
3601 5327 3838 5400 appa-

2309 5434 2435 5502 ret
2498 5429 2573 5500 in
2630 5433 2881 5502 textu.

2398 5545 2880 5644 Oppositum
2924 5544 3311 5637 arguitur
3355 5563 3498 5641 per
3539 5539 3848 5619 Aristo·
3880 5563 4184 5632 opposimm

3917 1583 4199 1634 Tertium.
