4252 6393
180 4723 259 4778 Η.

1658 448 2025 526 QUAES'rlo
2074 449 2118 509 ll

335 614 501 688 talis
554 612 938 685 convenit
1005 632 1186 684 cum
1255 610 1513 689 mixto
1567 630 1844 683 seeun-

327 733 486 803 dum
519 730 723 821 quod
761 728 1111 801 mixtum
1140 728 1236 818 jin
1287 727 1839 819 generatione,

327 847 435 919 vel
506 850 692 920 ante
786 844 1405 936 generationem
1497 844 1651 916 sui.
1745 846 1843 915 Et

327 962 845 1055 exemplificat
877 959 1163 1033 diffuse
1211 961 1302 1032 de
1354 960 1660 1032 semine
1708 960 1845 1032 hu-

330 1098 566 1160 mano,
613 1081 693 1150 et
738 1076 1328 1159 consimilibus,
1357 1082 1546 1169 'quae
1582 1077 1843 1150 dimit-

327 1199 421 1268 tc.

403 1313 537 1385 Sed
578 1311 649 1384 si
690 1310 859 1384 haec
894 1311 1000 1383 sit
1057 1310 1403 1383 intentio
1445 1310 1843 1383 Aristote-

329 1427 435 1511 lis,
477 1432 561 1500 ut
598 1428 1017 1522 probabile
1050 1429 1198 1509 est,
1238 1430 1315 1499 et
1358 1426 1838 1509 verisimile,

325 1547 547 1618 etiam
607 1550 688 1619 et
751 1545 904 1618 iste
970 1545 1278 1618 diceret
1346 1565 1843 1637 consequen-

325 1666 434 1734 ter
478 1663 683 1755 quod
733 1661 820 1733 fit
895 1682 994 1733 ex
1044 1662 1320 1734 calore
1392 1660 1840 1735 intrinseco

328 1778 894 1872 principaliter,
949 1780 1028 1850 et
1077 1778 1515 1870 Juvaretur
1565 1778 1664 1850 ab
1708 1800 1845 1851 ex-

325 1896 686 1977 trinseco,
759 1898 837 1967 et
904 1897 1099 1967 tunc
1157 1895 1380 1966 nulla
1441 1896 1844 1967 existente

325 2010 716 2086 caliditate
765 2012 1230 2084 extrinseca
1271 2016 1611 2102 negaret
1665 2011 1841 2084 fieri

329 2145 538 2217 posse
568 2128 1133 2220 digestionem,
1170 2126 1296 2199 vel
1335 2130 1837 2210 antecedenS,

324 2244 549 2317 aliter
580 2245 1008 2337 responsio
1047 2245 1399 2317 rationis
1449 2246 1836 2328 secundm,

325 2364 591 2435 saltem
620 2364 712 2436 de
745 2363 1199 2454 digestione
1231 2363 1594 2436 naturali
1637 2384 1683 2435 a
1723 2383 1842 2436 ca·

325 2478 459 2551 lido
519 2480 994 2561 intrinsecO,
1058 2499 1220 2550 non
1279 2480 1618 2553 valeret.
1685 2481 1835 2555 Sed

320 2594 397 2667 de
428 2595 761 2686 digestis
814 2596 1072 2668 calido
1134 2597 1523 2678 naturali,
1583 2600 1660 2668 et
1712 2619 1840 2668 cx-

320 2712 682 2795 trinsecO,
720 2733 880 2784 non
912 2713 1215 2785 diceret
1270 2712 1507 2795 sorte,
1560 2717 1644 2785 ut
1686 2714 1840 2785 dic-

319 2830 470 2901 tum
505 2835 651 2913 est,
691 2830 860 2903 sive
904 2829 986 2901 in
1026 2830 1628 2912 artificialibus,
1670 2832 1839 2904 sive

325 2943 389 3015 in
414 2945 917 3019 naturalibus
945 2971 959 3026 ;
999 2947 1132 3018 sed
1156 2949 1379 3019 certe
1404 2946 1837 3037 indigestio

322 3063 426 3132 est
453 3062 604 3135 cibi
655 3062 737 3135 in
789 3061 1238 3144 stomacho,
1285 3083 1448 3134 non
1485 3062 1681 3136 bene
1729 3064 1839 3135 in-

323 3177 581 3270 telligo
640 3179 955 3272 quando
1025 3180 1256 3253 calor
1336 3178 1836 3254 intrinsecus

323 3293 560 3367 cibum
597 3297 940 3387 digerat,
987 3301 1064 3369 et
1110 3296 1284 3369 ideo
1319 3297 1657 3388 quilibet
1699 3298 1837 3370 eli-

323 3415 442 3500 gat
472 3411 645 3495 sibi,
689 3414 896 3506 quod
931 3413 1220 3485 melius
1260 3414 1411 3487 sibi
1455 3415 1743 3507 placet.

394 3528 502 3600 Ad
533 3531 888 3612 tertiam,
947 3534 1243 3619 Diqeslio
1280 3534 1357 3616 lit
1388 3556 1430 3600 a
1471 3534 1693 3600 calore
1722 3556 1832 3600 ar-

320 3647 589 3728 tificiali.
623 3647 1115 3720 Conceditur
1144 3647 1236 3718 de
1277 3646 1552 3738 aliqua
1581 3648 1837 3739 diges-

323 3759 549 3842 tione,
594 3766 667 3836 et
718 3784 882 3836 non
942 3764 1035 3836 de
1107 3764 1353 3846 omni,
1392 3768 1470 3837 et
1526 3764 1640 3837 sic
1682 3786 1840 3836 una

321 3876 396 3948 fit
449 3877 547 3949 ab
597 3879 1040 3961 artificiali,
1086 3882 1164 3951 et
1226 3880 1413 3962 alia,
1487 3902 1691 3963 n0n;
1759 3885 1837 3954 et

322 3992 548 4065 etiam
578 3993 761 4067 licet
798 3994 962 4067 alia
983 3994 1447 4068 artificialis
1484 3997 1588 4068 sit
1616 3997 1834 4082 talis,

319 4108 569 4180 tamen
597 4129 753 4182 non
785 4110 874 4183 fit
911 4111 1085 4183 sine
1120 4112 1484 4185 naturali
1520 4114 1835 4195 calore;

320 4228 387 4296 et
445 4225 511 4297 si
564 4227 740 4318 quis
818 4228 1108 4300 stricte
1176 4227 1398 4320 loqui
1470 4233 1837 4321 cuperet,

324 4344 557 4415 omnis
587 4345 818 4417 calor
863 4348 996 4417 est
1031 4344 1263 4417 calor
1295 4347 1728 4430 naturaliS,
1764 4351 1842 4420 et

319 4475 463 4529 non
494 4461 977 4543 artificialis,
1016 4463 1133 4535 sic
1177 4463 1384 4555 quod
1419 4484 1580 4535 non
1615 4469 1844 4538 natu-

324 4574 520 4647 ralis.

403 4694 505 4766 Ad
551 4717 647 4789 qu
674 4698 975 4776 artam,
1037 4699 1282 4784 Aliqua
1330 4698 1636 4786 diqesciO,
1690 4703 1840 4771 etc.

330 4810 618 4887 Dicitur
652 4817 861 4908 quod
903 4835 1048 4908 per
1100 4815 1324 4887 illam
1395 4820 1658 4907 potest
1723 4839 1847 4891 ac-

330 4926 664 5012 celerari,
705 4932 839 5003 sed
871 4930 1281 5004 naturalis
1329 4931 1561 5004 calor
1600 4932 1848 5008 efficit

334 5044 890 5140 principaliter,
957 5050 1036 5119 et
1114 5048 1230 5120 sic
1300 5048 1691 5121 similiter
1757 5052 1846 5123 de

333 5159 570 5234 calore
624 5165 916 5246 balnei,
985 5164 1116 5255 qui
1173 5165 1404 5257 juvat
1465 5166 1848 5257 digestio-

334 5291 513 5357 nem,
551 5299 700 5352 non
733 5299 917 5352 cum
976 5284 1328 5371 oportet,
1383 5281 1514 5352 sed
1572 5281 1841 5364 istam,

339 5407 490 5478 quae
526 5394 605 5466 fit
646 5396 724 5468 in
770 5395 1190 5477 membris,
1237 5399 1314 5467 et
1366 5417 1525 5468 non
1593 5397 1841 5480 illam,

341 5524 491 5595 quae
527 5509 603 5582 fit
654 5513 735 5585 in
777 5509 1231 5593 stomacho,
1294 5513 1418 5582 vel
1478 5514 1556 5585 in
1609 5513 1849 5606 hepa-

341 5624 433 5702 te,
476 5626 635 5720 quia
682 5628 1000 5724 hepate,
1047 5627 1175 5703 vel
1217 5628 1640 5704 stomacho
1691 5632 1849 5705 dis-

3393 441 3512 507 247

1959 607 2331 681 trahitur
2368 609 2600 682 calor
2659 609 2753 680 ad
2802 605 3225 679 exteriora
3270 623 3518 677 mem-

1956 724 2133 807 bra,
2211 725 2424 800 sicut
2506 726 2585 797 in
2679 722 2992 795 balneis
3090 720 3515 813 impediret

1954 841 2493 933 digestionem
2616 843 2956 935 propter
3065 836 3515 910 absentiam

1957 958 2438 1052 principalis
2466 956 2936 1050 digerentiS.
2970 996 2980 1001 ·

2049 1086 2164 1158 Ad
2201 1085 2601 1178 quintam,
2645 1086 2724 1152 Si
2751 1087 2871 1166 sic,
2913 1093 3292 1171 sequeretur
3332 1081 3508 1169 quod

1956 1205 2185 1270 omnia
2212 1203 2468 1290 diqesta
2489 1213 2697 1268 essent
2729 1199 3087 1267 calidiora.
3127 1193 3503 1270 Concedi-

1959 1322 2099 1391 tur
2157 1314 2759 1409 consequentia,
2823 1316 2901 1385 et
2972 1332 3495 1405 consequens,

1958 1434 2281 1508 caeteris
2323 1432 2684 1526 paribuS,
2732 1432 2801 1503 si
2836 1430 2997 1502 sint
3050 1428 3132 1501 in
3169 1430 3327 1510 via,
3372 1428 3498 1502 vel

1959 1552 2041 1624 in
2075 1552 2334 1624 medio
2366 1548 2873 1641 digestionis,
2910 1550 2988 1619 et
3022 1567 3182 1619 non
3217 1544 3498 1638 incipit

1957 1669 2122 1741 alia
2158 1668 2531 1748 mutatio,
2563 1686 2737 1757 quae
2769 1685 2931 1736 non
2964 1665 3087 1737 est
3119 1661 3493 1753 digestio.

1957 1784 2071 1858 Ad
2126 1784 2689 1878 probationem
2732 1780 3150 1862 falsitatiS,
3200 1783 3358 1869 quia
3404 1803 3497 1848 es·

1956 1905 2131 1984 cula,
2188 1905 2339 1974 etc.
2387 1899 2690 1972 dicitur
2747 1899 2951 1989 quod
2995 1897 3136 1969 illa
3186 1900 3498 1989 putres-

1956 2020 2174 2099 cunt,
2210 2020 2287 2088 et
2317 2013 2600 2107 incipit
2624 2013 2896 2104 aliqua
2921 2012 3295 2093 mutatio,
3322 2033 3496 2104 quee

1956 2155 2115 2208 non
2158 2136 2282 2206 est
2320 2131 2694 2221 digestio,
2742 2132 2821 2201 et
2870 2128 3124 2200 adhuc
3162 2148 3321 2200 non
3371 2133 3494 2202 est

1955 2250 2386 2347 probatum
2422 2248 2628 2340 quod
2671 2246 2947 2319 escula
2993 2246 3061 2318 si
3105 2246 3496 2319 sint-mol·

1953 2367 2103 2440 lita
2146 2368 2333 2437 sunt
2367 2363 2631 2435 minus
2665 2360 2948 2442 calida,
2987 2382 3227 2452 quam
3269 2364 3489 2443 ante;

1952 2499 2241 2552 verum
2301 2479 2765 2563 esttamen
2835 2475 3041 2565 quod
3101 2476 3170 2547 si
3218 2481 3493 2551 essent

1954 2595 2340 2690 perfecta,
2375 2593 2655 2664 debent
2688 2612 2866 2663 esse
2904 2591 3169 2663 minus
3203 2592 3486 2674 calida,

1955 2717 2043 2786 ut
2081 2713 2382 2784 dietum
2423 2712 2545 2781 est
2582 2710 2663 2782 in
2708 2709 3188 2802 prfecedenti
3242 2730 3492 2801 quaes-

1955 2832 2202 2904 tione.
2253 2828 2399 2902 Sed
2441 2827 2656 2899 forte
2705 2826 3054 2899 calidum
3096 2828 3492 2900 extrinse-

1951 2967 2160 3028 cum,
2188 2965 2342 3039 quo
2375 2943 2649 3016 escula
2683 2945 3188 3036 putrescunt,
3225 2944 3493 3017 etalio

1954 3064 2187 3136 modo
2221 3063 2582 3134 alterant
2625 3061 2890 3150 magis
2924 3057 3489 3141 calefaciendo,

1954 3180 2049 3252 ad
2088 3178 2541 3252 faciendum
2572 3173 2923 3247 calidum
2965 3173 3377 3256 exhalare,
3416 3178 3496 3249 et

1953 3294 2069 3366 sie
2136 3293 2495 3367 finaliter
2544 3291 2834 3363 fierent
2876 3289 3136 3379 magis
3198 3290 3496 3381 frigida

1953 3407 2553 3504 putrefactione
2635 3406 3013 3481 totaliter
3089 3407 3495 3497 completa

1952 3549 2204 3619 usque
2254 3525 2347 3596 ad
2389 3523 3050 3604 exsiccationem,
3107 3521 3494 3596 similiter

1949 3646 2271 3720 dicatur
2299 3644 2389 3714 de
2431 3641 2617 3714 aliis
2652 3640 3077 3713 fructibus.

2069 3770 2182 3843 Ad
2270 3767 2519 3840 aliam
2605 3765 3314 3838 confirmationem
3403 3766 3494 3837 de

1955 3891 2252 3968 musto,
2301 3885 2505 3977 quod
2566 3886 2691 3956 est
2750 3882 3090 3955 calidius
3153 3885 3340 3954 ante
3387 3882 3493 3954 di-

1955 4003 2435 4095 gestionem,
2466 4021 2706 4093 quam
2735 3999 3046 4093 quando
3071 4002 3192 4071 est
3215 3999 3494 4071 vinum

1953 4119 2305 4199 factum3
2343 4117 2643 4190 dicitur
2677 4117 2883 4208 quod
2915 4114 3065 4187 hoc
3089 4118 3214 4188 est
3249 4115 3496 4186 ratio-

1953 4256 2051 4308 ne
2091 4234 2534 4308 caliditatis
2587 4232 3095 4314 extrinsecae,
3139 4235 3220 4305 et
3274 4231 3493 4301 inna-

1958 4353 2282 4435 turalis,
2330 4351 2647 4425 scilieet
2695 4372 2793 4422 ex
2835 4354 3069 4442 parte
3122 4348 3359 4429 Solis,
3415 4349 3493 4419 et

1955 4492 2054 4542 ex
2116 4473 2353 4562 parte
2419 4465 2979 4558 indigerentiS,
3024 4470 3104 4539 et
3173 4464 3496 4538 ratione

1956 4586 2627 4660 commutationis
2687 4585 3005 4667 multae;
3063 4587 3337 4656 tamen
3391 4581 3498 4653 di-

1959 4704 2179 4775 citur
2231 4701 2438 4793 quod
2507 4701 2906 4774 calefacta
2972 4699 3159 4771 dum
3231 4716 3498 4788 segre-

1960 4824 2287 4910 gantur,
2333 4821 2412 4890 et
2471 4820 2925 4911 evaporant
2965 4814 3298 4889 subtilia
3359 4814 3500 4886 ali-

1961 4955 2118 5028 qua
2178 4954 2368 5006 aere
2429 4933 2711 5015 mixta,
2797 4931 3157 5006 redivivo
3226 4935 3502 5004 tamen

1958 5051 2178 5132 vino,
2252 5052 2333 5122 et
2409 5047 2878 5121 deveniente
2955 5048 3051 5119 ad
3115 5051 3503 5120 naturam

1964 5166 2385 5258 propriam
2425 5164 3078 5245 determinatam,
3123 5167 3203 5237 et
3253 5162 3503 5254 speci-

1959 5281 2197 5354 ficam
2236 5279 2430 5361 vini,
2472 5279 2663 5351 illud
2694 5281 2972 5353 vinum
3006 5283 3128 5352 est
3164 5278 3501 5351 calidius

1959 5396 2391 5486 digestum,
2432 5415 2670 5486 quam
2707 5394 3218 5484 indigestum,
3258 5394 3324 5465 si
3360 5393 3501 5466 ali-

1964 5535 2119 5606 qua
2192 5511 2537 5584 mutatio
2616 5532 3150 5603 corrumpens
3237 5510 3498 5603 possit

1964 5629 2370 5712 advenire,
2408 5628 2596 5721 quia
2644 5629 2921 5702 vinum
2971 5626 3493 5708 acceleraret,

3634 1078 3719 1133 2⁷.

3612 1145 3701 1196 Ad
3723 1146 3779 1203 5.
