<?xml version="1.0" encoding="UTF-8"?>
<!DOCTYPE html PUBLIC "-//W3C//DTD XHTML 1.0 Transitional//EN"
    "http://www.w3.org/TR/xhtml1/DTD/xhtml1-transitional.dtd">
<html xmlns="http://www.w3.org/1999/xhtml" xml:lang="en" lang="en">
 <head>
  <title>
</title>
<meta http-equiv="Content-Type" content="text/html;charset=utf-8" />
  <meta name='ocr-system' content='tesseract 3.04.00' />
  <meta name='ocr-capabilities' content='ocr_page ocr_carea ocr_par ocr_line ocrx_word'/>
</head>
<body>
  <div class='ocr_page' id='page_1' title='image "./joannisdunsscot03waddgoog_0470.png"; bbox 0 0 4252 6393; ppageno 0'>
   <div class='ocr_carea' id='block_1_1' title="bbox 477 5531 532 5583">
    <p class='ocr_par' dir='ltr' id='par_1_1' title="bbox 477 5531 532 5583">
     <span class='ocr_line' id='line_1_1' title="bbox 477 5531 532 5583; baseline 0.036 -2"><span class='ocrx_word' id='word_1_1' title='bbox 477 5531 532 5583; x_wconf 79' lang='grc' dir='ltr'>Ἰ.</span> 
     </span>
    </p>
   </div>
   <div class='ocr_carea' id='block_1_2' title="bbox 683 401 2687 477">
    <p class='ocr_par' dir='ltr' id='par_1_2' title="bbox 683 401 2687 477">
     <span class='ocr_line' id='line_1_2' title="bbox 683 401 2687 477; baseline -0.006 0"><span class='ocrx_word' id='word_1_2' title='bbox 683 413 803 477; x_wconf 80' lang='grc'>440</span> <span class='ocrx_word' id='word_1_3' title='bbox 1841 407 1943 471; x_wconf 85' lang='lat' dir='ltr'>DE</span> <span class='ocrx_word' id='word_1_4' title='bbox 1986 405 2253 472; x_wconf 76' lang='lat' dir='ltr'>RERUM</span> <span class='ocrx_word' id='word_1_5' title='bbox 2298 401 2687 468; x_wconf 84' lang='lat' dir='ltr'>PRINCIPIO</span> 
     </span>
    </p>
   </div>
   <div class='ocr_carea' id='block_1_3' title="bbox 672 572 2241 5684">
    <p class='ocr_par' dir='ltr' id='par_1_3' title="bbox 672 572 2221 1234">
     <span class='ocr_line' id='line_1_3' title="bbox 672 572 2221 668; baseline -0.007 -18"><span class='ocrx_word' id='word_1_6' title='bbox 672 575 810 658; x_wconf 88' lang='lat' dir='ltr'>cit,</span> <span class='ocrx_word' id='word_1_7' title='bbox 857 576 1065 668; x_wconf 91' lang='lat' dir='ltr'>quod</span> <span class='ocrx_word' id='word_1_8' title='bbox 1116 572 1704 649; x_wconf 87' lang='lat' dir='ltr'>intellectivum</span> <span class='ocrx_word' id='word_1_9' title='bbox 1782 573 2221 664; x_wconf 88' lang='lat' dir='ltr'>separatur</span> 
     </span>
     <span class='ocr_line' id='line_1_4' title="bbox 674 690 2221 784; baseline -0.006 -17"><span class='ocrx_word' id='word_1_10' title='bbox 674 693 772 767; x_wconf 91' lang='lat' dir='ltr'>ab</span> <span class='ocrx_word' id='word_1_11' title='bbox 871 692 1080 773; x_wconf 90' lang='lat' dir='ltr'>aliis,</span> <span class='ocrx_word' id='word_1_12' title='bbox 1163 697 1548 784; x_wconf 79' lang='lat' dir='ltr'>tanquam</span> <span class='ocrx_word' id='word_1_13' title='bbox 1615 690 2094 783; x_wconf 86' lang='lat' dir='ltr'>perpetuum</span> <span class='ocrx_word' id='word_1_14' title='bbox 2173 707 2221 758; x_wconf 89' lang='lat' dir='ltr'>a</span> 
     </span>
     <span class='ocr_line' id='line_1_5' title="bbox 675 808 2215 907; baseline -0.007 -23"><span class='ocrx_word' id='word_1_15' title='bbox 675 808 1203 904; x_wconf 79' lang='lat' dir='ltr'>corruptibili</span> <span class='ocrx_word' id='word_1_16' title='bbox 1247 835 1261 879; x_wconf 74' lang='grc' dir='ltr'>ε</span> <span class='ocrx_word' id='word_1_17' title='bbox 1336 810 1556 907; x_wconf 69' lang='lat' dir='ltr'>ct12.</span> <span class='ocrx_word' id='word_1_18' title='bbox 1600 809 1888 895; x_wconf 73' lang='lat' dir='ltr'>Mecaplz.</span> <span class='ocrx_word' id='word_1_19' title='bbox 1936 818 2074 873; x_wconf 75' lang='lat' dir='ltr'>text</span> <span class='ocrx_word' id='word_1_20' title='bbox 2104 808 2215 877; x_wconf 88' lang='lat'>17.</span> 
     </span>
     <span class='ocr_line' id='line_1_6' title="bbox 676 923 2220 1021; baseline -0.005 -22"><span class='ocrx_word' id='word_1_21' title='bbox 676 927 884 1021; x_wconf 89' lang='lat' dir='ltr'>quod</span> <span class='ocrx_word' id='word_1_22' title='bbox 916 926 984 999; x_wconf 91' lang='lat' dir='ltr'>si</span> <span class='ocrx_word' id='word_1_23' title='bbox 1024 925 1297 1018; x_wconf 85' lang='lat' dir='ltr'>aliqua</span> <span class='ocrx_word' id='word_1_24' title='bbox 1365 923 1634 996; x_wconf 87' lang='lat' dir='ltr'>forma</span> <span class='ocrx_word' id='word_1_25' title='bbox 1675 925 2047 995; x_wconf 88' lang='lat' dir='ltr'>remanet</span> <span class='ocrx_word' id='word_1_26' title='bbox 2105 941 2220 993; x_wconf 92' lang='lat' dir='ltr'>se-</span> 
     </span>
     <span class='ocr_line' id='line_1_7' title="bbox 673 1040 2216 1137; baseline -0.005 -21"><span class='ocrx_word' id='word_1_27' title='bbox 673 1047 992 1137; x_wconf 88' lang='lat' dir='ltr'>parata,</span> <span class='ocrx_word' id='word_1_28' title='bbox 1055 1042 1224 1114; x_wconf 78' lang='lat' dir='ltr'>haec</span> <span class='ocrx_word' id='word_1_29' title='bbox 1293 1045 1416 1115; x_wconf 90' lang='lat' dir='ltr'>est</span> <span class='ocrx_word' id='word_1_30' title='bbox 1468 1040 1743 1113; x_wconf 87' lang='lat' dir='ltr'>anima</span> <span class='ocrx_word' id='word_1_31' title='bbox 1793 1059 1953 1111; x_wconf 90' lang='lat' dir='ltr'>non</span> <span class='ocrx_word' id='word_1_32' title='bbox 2013 1040 2216 1120; x_wconf 88' lang='lat' dir='ltr'>tota,</span> 
     </span>
     <span class='ocr_line' id='line_1_8' title="bbox 677 1158 1371 1234; baseline -0.007 -1"><span class='ocrx_word' id='word_1_33' title='bbox 677 1161 809 1233; x_wconf 90' lang='lat' dir='ltr'>sed</span> <span class='ocrx_word' id='word_1_34' title='bbox 843 1158 1371 1234; x_wconf 80' lang='lat' dir='ltr'>intellectiva.</span> 
     </span>
    </p>

    <p class='ocr_par' dir='ltr' id='par_1_4' title="bbox 676 1274 2227 2396">
     <span class='ocr_line' id='line_1_9' title="bbox 766 1274 2223 1368; baseline -0.005 -16"><span class='ocrx_word' id='word_1_35' title='bbox 766 1277 1117 1353; x_wconf 77' lang='lat' dir='ltr'>Ratione</span> <span class='ocrx_word' id='word_1_36' title='bbox 1149 1276 1395 1349; x_wconf 88' lang='lat' dir='ltr'>etiam</span> <span class='ocrx_word' id='word_1_37' title='bbox 1432 1279 1679 1368; x_wconf 89' lang='lat' dir='ltr'>patet,</span> <span class='ocrx_word' id='word_1_38' title='bbox 1719 1274 1907 1367; x_wconf 84' lang='lat' dir='ltr'>quia</span> <span class='ocrx_word' id='word_1_39' title='bbox 1950 1292 2223 1345; x_wconf 89' lang='lat' dir='ltr'>secun-</span> 
     </span>
     <span class='ocr_line' id='line_1_10' title="bbox 676 1391 2219 1487; baseline -0.006 -19"><span class='ocrx_word' id='word_1_40' title='bbox 676 1396 862 1468; x_wconf 88' lang='lat' dir='ltr'>dum</span> <span class='ocrx_word' id='word_1_41' title='bbox 930 1394 1419 1487; x_wconf 86' lang='lat' dir='ltr'>Dionysium</span> <span class='ocrx_word' id='word_1_42' title='bbox 1499 1416 1651 1482; x_wconf 70' lang='lat' dir='ltr'>cap,</span> <span class='ocrx_word' id='word_1_43' title='bbox 1708 1396 1774 1465; x_wconf 90' lang='lat'>7.</span> <span class='ocrx_word' id='word_1_44' title='bbox 1844 1394 1926 1460; x_wconf 85' lang='lat' dir='ltr'>de</span> <span class='ocrx_word' id='word_1_45' title='bbox 2000 1391 2219 1459; x_wconf 78' lang='lat' dir='ltr'>divin.</span> 
     </span>
     <span class='ocr_line' id='line_1_11' title="bbox 679 1513 2224 1600; baseline -0.005 -18"><span class='ocrx_word' id='word_1_46' title='bbox 679 1515 949 1582; x_wconf 81' lang='lat' dir='ltr'>Nomin.</span> <span class='ocrx_word' id='word_1_47' title='bbox 999 1513 1243 1598; x_wconf 75' lang='lat' dir='ltr'>Infima</span> <span class='ocrx_word' id='word_1_48' title='bbox 1287 1532 1748 1600; x_wconf 75' lang='lat' dir='ltr'>supremorum</span> <span class='ocrx_word' id='word_1_49' title='bbox 1805 1515 2224 1598; x_wconf 61' lang='lat' dir='ltr'>conjungun-</span> 
     </span>
     <span class='ocr_line' id='line_1_12' title="bbox 680 1625 2226 1719; baseline -0.003 -20"><span class='ocrx_word' id='word_1_50' title='bbox 680 1643 791 1699; x_wconf 77' lang='lat' dir='ltr'>tur</span> <span class='ocrx_word' id='word_1_51' title='bbox 887 1631 1214 1719; x_wconf 75' lang='lat' dir='ltr'>supremis</span> <span class='ocrx_word' id='word_1_52' title='bbox 1305 1631 1721 1714; x_wconf 76' lang='lat' dir='ltr'>infimorum,</span> <span class='ocrx_word' id='word_1_53' title='bbox 1791 1625 1995 1719; x_wconf 86' lang='lat' dir='ltr'>quod</span> <span class='ocrx_word' id='word_1_54' title='bbox 2063 1644 2226 1695; x_wconf 87' lang='lat' dir='ltr'>non</span> 
     </span>
     <span class='ocr_line' id='line_1_13' title="bbox 680 1742 2225 1838; baseline -0.005 -18"><span class='ocrx_word' id='word_1_55' title='bbox 680 1750 921 1828; x_wconf 90' lang='lat' dir='ltr'>esset,</span> <span class='ocrx_word' id='word_1_56' title='bbox 992 1745 1152 1818; x_wconf 92' lang='lat' dir='ltr'>nisi</span> <span class='ocrx_word' id='word_1_57' title='bbox 1230 1765 1376 1838; x_wconf 89' lang='lat' dir='ltr'>per</span> <span class='ocrx_word' id='word_1_58' title='bbox 1442 1743 1798 1816; x_wconf 88' lang='lat' dir='ltr'>animam</span> <span class='ocrx_word' id='word_1_59' title='bbox 1869 1742 2225 1817; x_wconf 84' lang='lat' dir='ltr'>intellec-</span> 
     </span>
     <span class='ocr_line' id='line_1_14' title="bbox 682 1860 2226 1955; baseline -0.003 -18"><span class='ocrx_word' id='word_1_60' title='bbox 682 1862 960 1944; x_wconf 84' lang='lat' dir='ltr'>tivam;</span> <span class='ocrx_word' id='word_1_61' title='bbox 1006 1883 1100 1936; x_wconf 90' lang='lat' dir='ltr'>ac</span> <span class='ocrx_word' id='word_1_62' title='bbox 1144 1883 1290 1955; x_wconf 87' lang='lat' dir='ltr'>per</span> <span class='ocrx_word' id='word_1_63' title='bbox 1329 1861 1479 1935; x_wconf 89' lang='lat' dir='ltr'>hoc</span> <span class='ocrx_word' id='word_1_64' title='bbox 1514 1860 1687 1955; x_wconf 86' lang='lat' dir='ltr'>ipsa</span> <span class='ocrx_word' id='word_1_65' title='bbox 1711 1865 1835 1935; x_wconf 92' lang='lat' dir='ltr'>est</span> <span class='ocrx_word' id='word_1_66' title='bbox 1873 1861 1964 1932; x_wconf 86' lang='lat' dir='ltr'>de</span> <span class='ocrx_word' id='word_1_67' title='bbox 1989 1879 2226 1952; x_wconf 87' lang='lat' dir='ltr'>gene-</span> 
     </span>
     <span class='ocr_line' id='line_1_15' title="bbox 685 1976 2227 2071; baseline -0.003 -21"><span class='ocrx_word' id='word_1_68' title='bbox 685 1999 774 2052; x_wconf 89' lang='lat' dir='ltr'>re</span> <span class='ocrx_word' id='word_1_69' title='bbox 823 1997 1421 2071; x_wconf 90' lang='lat' dir='ltr'>supremorum,</span> <span class='ocrx_word' id='word_1_70' title='bbox 1489 1977 1801 2050; x_wconf 85' lang='lat' dir='ltr'>scilicet</span> <span class='ocrx_word' id='word_1_71' title='bbox 1861 1976 2227 2050; x_wconf 87' lang='lat' dir='ltr'>substan·</span> 
     </span>
     <span class='ocr_line' id='line_1_16' title="bbox 678 2092 2224 2186; baseline -0.002 -19"><span class='ocrx_word' id='word_1_72' title='bbox 678 2094 986 2169; x_wconf 86' lang='lat' dir='ltr'>tiarum</span> <span class='ocrx_word' id='word_1_73' title='bbox 1081 2092 1857 2186; x_wconf 86' lang='lat' dir='ltr'>incorruptibilium,</span> <span class='ocrx_word' id='word_1_74' title='bbox 1952 2112 2224 2184; x_wconf 87' lang='lat' dir='ltr'>quam-</span> 
     </span>
     <span class='ocr_line' id='line_1_17' title="bbox 678 2204 2225 2279; baseline -0.001 -1"><span class='ocrx_word' id='word_1_75' title='bbox 678 2204 803 2278; x_wconf 91' lang='lat' dir='ltr'>vis</span> <span class='ocrx_word' id='word_1_76' title='bbox 882 2206 1097 2279; x_wconf 88' lang='lat' dir='ltr'>inter</span> <span class='ocrx_word' id='word_1_77' title='bbox 1162 2225 1300 2279; x_wconf 88' lang='lat' dir='ltr'>eas</span> <span class='ocrx_word' id='word_1_78' title='bbox 1380 2206 1649 2278; x_wconf 88' lang='lat' dir='ltr'>locum</span> <span class='ocrx_word' id='word_1_79' title='bbox 1715 2208 1991 2278; x_wconf 90' lang='lat' dir='ltr'>teneat</span> <span class='ocrx_word' id='word_1_80' title='bbox 2058 2205 2225 2276; x_wconf 87' lang='lat' dir='ltr'>infi-</span> 
     </span>
     <span class='ocr_line' id='line_1_18' title="bbox 684 2342 930 2396; baseline -0.012 0"><span class='ocrx_word' id='word_1_81' title='bbox 684 2342 930 2396; x_wconf 86' lang='lat' dir='ltr'>mum.</span> 
     </span>
    </p>

    <p class='ocr_par' dir='ltr' id='par_1_5' title="bbox 683 2439 2230 3216">
     <span class='ocr_line' id='line_1_19' title="bbox 774 2439 2227 2535; baseline -0.001 -21"><span class='ocrx_word' id='word_1_82' title='bbox 774 2440 1131 2514; x_wconf 88' lang='lat' dir='ltr'>Secundo</span> <span class='ocrx_word' id='word_1_83' title='bbox 1175 2443 1425 2533; x_wconf 87' lang='lat' dir='ltr'>patet,</span> <span class='ocrx_word' id='word_1_84' title='bbox 1499 2440 1687 2532; x_wconf 90' lang='lat' dir='ltr'>quia</span> <span class='ocrx_word' id='word_1_85' title='bbox 1718 2439 2227 2535; x_wconf 84' lang='lat' dir='ltr'>experimon-</span> 
     </span>
     <span class='ocr_line' id='line_1_20' title="bbox 683 2557 2222 2648; baseline 0.001 -20"><span class='ocrx_word' id='word_1_86' title='bbox 683 2559 857 2629; x_wconf 91' lang='lat' dir='ltr'>tum</span> <span class='ocrx_word' id='word_1_87' title='bbox 954 2557 1336 2648; x_wconf 82' lang='lat' dir='ltr'>generale</span> <span class='ocrx_word' id='word_1_88' title='bbox 1423 2561 1547 2631; x_wconf 87' lang='lat' dir='ltr'>est</span> <span class='ocrx_word' id='word_1_89' title='bbox 1638 2557 2222 2639; x_wconf 89' lang='lat' dir='ltr'>certissimum,</span> 
     </span>
     <span class='ocr_line' id='line_1_21' title="bbox 689 2674 2228 2768; baseline 0.001 -22"><span class='ocrx_word' id='word_1_90' title='bbox 689 2674 823 2746; x_wconf 90' lang='lat' dir='ltr'>sed</span> <span class='ocrx_word' id='word_1_91' title='bbox 854 2694 1003 2746; x_wconf 90' lang='lat' dir='ltr'>nos</span> <span class='ocrx_word' id='word_1_92' title='bbox 1061 2675 1536 2768; x_wconf 83' lang='lat' dir='ltr'>experimur</span> <span class='ocrx_word' id='word_1_93' title='bbox 1604 2695 1752 2747; x_wconf 94' lang='lat' dir='ltr'>nos</span> <span class='ocrx_word' id='word_1_94' title='bbox 1840 2679 2228 2768; x_wconf 83' lang='lat' dir='ltr'>appetere</span> 
     </span>
     <span class='ocr_line' id='line_1_22' title="bbox 685 2789 2226 2885; baseline 0.001 -21"><span class='ocrx_word' id='word_1_95' title='bbox 685 2791 985 2864; x_wconf 88' lang='lat' dir='ltr'>bonum</span> <span class='ocrx_word' id='word_1_96' title='bbox 1020 2789 1450 2876; x_wconf 86' lang='lat' dir='ltr'>infinitum,</span> <span class='ocrx_word' id='word_1_97' title='bbox 1516 2794 1721 2885; x_wconf 88' lang='lat' dir='ltr'>quod</span> <span class='ocrx_word' id='word_1_98' title='bbox 1762 2813 1922 2866; x_wconf 92' lang='lat' dir='ltr'>non</span> <span class='ocrx_word' id='word_1_99' title='bbox 1955 2813 2226 2869; x_wconf 87' lang='lat' dir='ltr'>conse-</span> 
     </span>
     <span class='ocr_line' id='line_1_23' title="bbox 689 2907 2228 3000; baseline 0.001 -21"><span class='ocrx_word' id='word_1_100' title='bbox 689 2907 971 3000; x_wconf 90' lang='lat' dir='ltr'>quitur</span> <span class='ocrx_word' id='word_1_101' title='bbox 1039 2908 1283 2982; x_wconf 89' lang='lat' dir='ltr'>homo</span> <span class='ocrx_word' id='word_1_102' title='bbox 1345 2910 1425 2981; x_wconf 90' lang='lat' dir='ltr'>in</span> <span class='ocrx_word' id='word_1_103' title='bbox 1469 2908 1616 2982; x_wconf 88' lang='lat' dir='ltr'>hac</span> <span class='ocrx_word' id='word_1_104' title='bbox 1676 2909 1889 2992; x_wconf 88' lang='lat' dir='ltr'>vita;</span> <span class='ocrx_word' id='word_1_105' title='bbox 1957 2911 2088 2983; x_wconf 88' lang='lat' dir='ltr'>sed</span> <span class='ocrx_word' id='word_1_106' title='bbox 2160 2909 2228 2982; x_wconf 92' lang='lat' dir='ltr'>si</span> 
     </span>
     <span class='ocr_line' id='line_1_24' title="bbox 684 3023 2230 3119; baseline 0.003 -24"><span class='ocrx_word' id='word_1_107' title='bbox 684 3023 1250 3118; x_wconf 83' lang='lat' dir='ltr'>corrumpitur</span> <span class='ocrx_word' id='word_1_108' title='bbox 1291 3025 1587 3109; x_wconf 86' lang='lat' dir='ltr'>anima,</span> <span class='ocrx_word' id='word_1_109' title='bbox 1641 3026 2052 3119; x_wconf 88' lang='lat' dir='ltr'>appetitus</span> <span class='ocrx_word' id='word_1_110' title='bbox 2095 3047 2230 3100; x_wconf 87' lang='lat' dir='ltr'>na-</span> 
     </span>
     <span class='ocr_line' id='line_1_25' title="bbox 688 3139 1575 3216; baseline 0.001 -5"><span class='ocrx_word' id='word_1_111' title='bbox 688 3139 988 3213; x_wconf 89' lang='lat' dir='ltr'>turalis</span> <span class='ocrx_word' id='word_1_112' title='bbox 1030 3139 1575 3216; x_wconf 81' lang='lat' dir='ltr'>eritfrustra.</span> 
     </span>
    </p>

    <p class='ocr_par' dir='ltr' id='par_1_6' title="bbox 684 3258 2236 4263">
     <span class='ocr_line' id='line_1_26' title="bbox 781 3258 2229 3352; baseline 0.002 -23"><span class='ocrx_word' id='word_1_113' title='bbox 781 3258 1009 3339; x_wconf 91' lang='lat' dir='ltr'>Item,</span> <span class='ocrx_word' id='word_1_114' title='bbox 1050 3258 1388 3352; x_wconf 86' lang='lat' dir='ltr'>propria</span> <span class='ocrx_word' id='word_1_115' title='bbox 1456 3259 1828 3352; x_wconf 87' lang='lat' dir='ltr'>operatio</span> <span class='ocrx_word' id='word_1_116' title='bbox 1890 3260 2106 3333; x_wconf 80' lang='lat' dir='ltr'>(lucit</span> <span class='ocrx_word' id='word_1_117' title='bbox 2153 3261 2229 3332; x_wconf 91' lang='lat' dir='ltr'>in</span> 
     </span>
     <span class='ocr_line' id='line_1_27' title="bbox 687 3369 2232 3467; baseline 0.002 -24"><span class='ocrx_word' id='word_1_118' title='bbox 687 3369 1066 3444; x_wconf 87' lang='lat' dir='ltr'>notitiam</span> <span class='ocrx_word' id='word_1_119' title='bbox 1109 3392 1417 3446; x_wconf 69' lang='lat' dir='ltr'>causae:</span> <span class='ocrx_word' id='word_1_120' title='bbox 1467 3373 1599 3445; x_wconf 87' lang='lat' dir='ltr'>sed</span> <span class='ocrx_word' id='word_1_121' title='bbox 1680 3375 2050 3467; x_wconf 81' lang='lat' dir='ltr'>operatio</span> <span class='ocrx_word' id='word_1_122' title='bbox 2121 3375 2232 3446; x_wconf 89' lang='lat' dir='ltr'>in-</span> 
     </span>
     <span class='ocr_line' id='line_1_28' title="bbox 689 3487 2232 3584; baseline 0.002 -24"><span class='ocrx_word' id='word_1_123' title='bbox 689 3487 1118 3561; x_wconf 79' lang='lat' dir='ltr'>tellectivae</span> <span class='ocrx_word' id='word_1_124' title='bbox 1205 3490 1683 3581; x_wconf 84' lang='lat' dir='ltr'>inquantum</span> <span class='ocrx_word' id='word_1_125' title='bbox 1751 3490 1966 3573; x_wconf 90' lang='lat' dir='ltr'>talis,</span> <span class='ocrx_word' id='word_1_126' title='bbox 2051 3512 2232 3584; x_wconf 87' lang='lat' dir='ltr'>pro-</span> 
     </span>
     <span class='ocr_line' id='line_1_29' title="bbox 691 3603 2232 3701; baseline 0.005 -24"><span class='ocrx_word' id='word_1_127' title='bbox 691 3605 868 3699; x_wconf 87' lang='lat' dir='ltr'>prie</span> <span class='ocrx_word' id='word_1_128' title='bbox 935 3610 1058 3679; x_wconf 89' lang='lat' dir='ltr'>est</span> <span class='ocrx_word' id='word_1_129' title='bbox 1092 3603 1315 3679; x_wconf 86' lang='lat' dir='ltr'>circa</span> <span class='ocrx_word' id='word_1_130' title='bbox 1388 3608 2070 3701; x_wconf 84' lang='lat' dir='ltr'>incorruptibilia,</span> <span class='ocrx_word' id='word_1_131' title='bbox 2147 3616 2232 3686; x_wconf 92' lang='lat' dir='ltr'>ut</span> 
     </span>
     <span class='ocr_line' id='line_1_30' title="bbox 692 3723 2228 3809; baseline 0.001 -12"><span class='ocrx_word' id='word_1_132' title='bbox 692 3723 914 3797; x_wconf 91' lang='lat' dir='ltr'>circa</span> <span class='ocrx_word' id='word_1_133' title='bbox 983 3723 1505 3807; x_wconf 85' lang='lat' dir='ltr'>universalia,</span> <span class='ocrx_word' id='word_1_134' title='bbox 1596 3730 1678 3799; x_wconf 91' lang='lat' dir='ltr'>ct</span> <span class='ocrx_word' id='word_1_135' title='bbox 1762 3727 1983 3800; x_wconf 88' lang='lat' dir='ltr'>circa</span> <span class='ocrx_word' id='word_1_136' title='bbox 2063 3727 2228 3809; x_wconf 90' lang='lat' dir='ltr'>illa,</span> 
     </span>
     <span class='ocr_line' id='line_1_31' title="bbox 695 3840 2229 3934; baseline 0.003 -28"><span class='ocrx_word' id='word_1_137' title='bbox 695 3856 870 3927; x_wconf 80' lang='lat' dir='ltr'>quae</span> <span class='ocrx_word' id='word_1_138' title='bbox 967 3840 1154 3911; x_wconf 92' lang='lat' dir='ltr'>sunt</span> <span class='ocrx_word' id='word_1_139' title='bbox 1238 3857 1286 3910; x_wconf 89' lang='lat' dir='ltr'>a</span> <span class='ocrx_word' id='word_1_140' title='bbox 1356 3842 1703 3914; x_wconf 89' lang='lat' dir='ltr'>materia</span> <span class='ocrx_word' id='word_1_141' title='bbox 1790 3844 2229 3934; x_wconf 82' lang='lat' dir='ltr'>separata;</span> 
     </span>
     <span class='ocr_line' id='line_1_32' title="bbox 691 3949 2232 4048; baseline 0.003 -24"><span class='ocrx_word' id='word_1_142' title='bbox 691 3949 950 4042; x_wconf 90' lang='lat' dir='ltr'>igitur</span> <span class='ocrx_word' id='word_1_143' title='bbox 1008 3956 1088 4026; x_wconf 88' lang='lat' dir='ltr'>et</span> <span class='ocrx_word' id='word_1_144' title='bbox 1156 3954 1637 4038; x_wconf 89' lang='lat' dir='ltr'>substantia,</span> <span class='ocrx_word' id='word_1_145' title='bbox 1721 3977 1767 4027; x_wconf 88' lang='lat' dir='ltr'>a</span> <span class='ocrx_word' id='word_1_146' title='bbox 1837 3977 1993 4048; x_wconf 86' lang='lat' dir='ltr'>qua</span> <span class='ocrx_word' id='word_1_147' title='bbox 2062 3956 2232 4029; x_wconf 85' lang='lat' dir='ltr'>haec</span> 
     </span>
     <span class='ocr_line' id='line_1_33' title="bbox 689 4069 2236 4169; baseline 0.004 -29"><span class='ocrx_word' id='word_1_148' title='bbox 689 4069 1060 4162; x_wconf 90' lang='lat' dir='ltr'>operatio</span> <span class='ocrx_word' id='word_1_149' title='bbox 1130 4072 1517 4164; x_wconf 86' lang='lat' dir='ltr'>procedit,</span> <span class='ocrx_word' id='word_1_150' title='bbox 1587 4074 1747 4148; x_wconf 88' lang='lat' dir='ltr'>erit</span> <span class='ocrx_word' id='word_1_151' title='bbox 1815 4073 2236 4169; x_wconf 91' lang='lat' dir='ltr'>incorrup-</span> 
     </span>
     <span class='ocr_line' id='line_1_34' title="bbox 684 4185 965 4263; baseline -0.014 0"><span class='ocrx_word' id='word_1_152' title='bbox 684 4185 965 4263; x_wconf 87' lang='lat' dir='ltr'>tibilis.</span> 
     </span>
    </p>

    <p class='ocr_par' dir='ltr' id='par_1_7' title="bbox 685 4307 2241 5452">
     <span class='ocr_line' id='line_1_35' title="bbox 780 4307 2237 4400; baseline 0.005 -22"><span class='ocrx_word' id='word_1_153' title='bbox 780 4307 1009 4387; x_wconf 89' lang='lat' dir='ltr'>Item,</span> <span class='ocrx_word' id='word_1_154' title='bbox 1110 4307 1522 4400; x_wconf 85' lang='lat' dir='ltr'>appetitus</span> <span class='ocrx_word' id='word_1_155' title='bbox 1600 4310 2005 4383; x_wconf 88' lang='lat' dir='ltr'>naturalis</span> <span class='ocrx_word' id='word_1_156' title='bbox 2072 4333 2237 4386; x_wconf 92' lang='lat' dir='ltr'>non</span> 
     </span>
     <span class='ocr_line' id='line_1_36' title="bbox 685 4420 2234 4516; baseline 0.004 -21"><span class='ocrx_word' id='word_1_157' title='bbox 685 4425 811 4496; x_wconf 90' lang='lat' dir='ltr'>est</span> <span class='ocrx_word' id='word_1_158' title='bbox 880 4420 1261 4497; x_wconf 87' lang='lat' dir='ltr'>frustra:</span> <span class='ocrx_word' id='word_1_159' title='bbox 1326 4423 1459 4496; x_wconf 89' lang='lat' dir='ltr'>sed</span> <span class='ocrx_word' id='word_1_160' title='bbox 1526 4425 2001 4516; x_wconf 87' lang='lat' dir='ltr'>experimur</span> <span class='ocrx_word' id='word_1_161' title='bbox 2084 4450 2234 4501; x_wconf 90' lang='lat' dir='ltr'>nos</span> 
     </span>
     <span class='ocr_line' id='line_1_37' title="bbox 686 4541 2229 4633; baseline 0.005 -22"><span class='ocrx_word' id='word_1_162' title='bbox 686 4542 1096 4633; x_wconf 88' lang='lat' dir='ltr'>appetere,</span> <span class='ocrx_word' id='word_1_163' title='bbox 1156 4561 1316 4613; x_wconf 93' lang='lat' dir='ltr'>non</span> <span class='ocrx_word' id='word_1_164' title='bbox 1350 4541 1615 4613; x_wconf 89' lang='lat' dir='ltr'>solum</span> <span class='ocrx_word' id='word_1_165' title='bbox 1656 4563 1834 4614; x_wconf 89' lang='lat' dir='ltr'>esse</span> <span class='ocrx_word' id='word_1_166' title='bbox 1869 4548 1955 4618; x_wconf 91' lang='lat' dir='ltr'>ut</span> <span class='ocrx_word' id='word_1_167' title='bbox 1996 4566 2229 4630; x_wconf 88' lang='lat' dir='ltr'>nunc,</span> 
     </span>
     <span class='ocr_line' id='line_1_38' title="bbox 687 4656 2238 4742; baseline 0.005 -14"><span class='ocrx_word' id='word_1_168' title='bbox 687 4674 848 4728; x_wconf 91' lang='lat' dir='ltr'>non</span> <span class='ocrx_word' id='word_1_169' title='bbox 909 4656 1173 4729; x_wconf 90' lang='lat' dir='ltr'>solum</span> <span class='ocrx_word' id='word_1_170' title='bbox 1231 4658 1529 4729; x_wconf 90' lang='lat' dir='ltr'>bonum</span> <span class='ocrx_word' id='word_1_171' title='bbox 1578 4661 1665 4731; x_wconf 89' lang='lat' dir='ltr'>ut</span> <span class='ocrx_word' id='word_1_172' title='bbox 1724 4679 1961 4742; x_wconf 91' lang='lat' dir='ltr'>nunc,</span> <span class='ocrx_word' id='word_1_173' title='bbox 2026 4661 2238 4735; x_wconf 89' lang='lat' dir='ltr'>sicut</span> 
     </span>
     <span class='ocr_line' id='line_1_39' title="bbox 689 4772 2241 4866; baseline 0.003 -21"><span class='ocrx_word' id='word_1_174' title='bbox 689 4772 934 4845; x_wconf 85' lang='lat' dir='ltr'>bruta</span> <span class='ocrx_word' id='word_1_175' title='bbox 964 4777 1044 4847; x_wconf 91' lang='lat' dir='ltr'>et</span> <span class='ocrx_word' id='word_1_176' title='bbox 1085 4772 1454 4847; x_wconf 87' lang='lat' dir='ltr'>homines</span> <span class='ocrx_word' id='word_1_177' title='bbox 1518 4778 1943 4866; x_wconf 83' lang='lat' dir='ltr'>sequentes</span> <span class='ocrx_word' id='word_1_178' title='bbox 1991 4779 2241 4849; x_wconf 90' lang='lat' dir='ltr'>sensi-</span> 
     </span>
     <span class='ocr_line' id='line_1_40' title="bbox 692 4887 2240 4985; baseline 0.005 -24"><span class='ocrx_word' id='word_1_179' title='bbox 692 4887 1119 4972; x_wconf 87' lang='lat' dir='ltr'>bilitatem,</span> <span class='ocrx_word' id='word_1_180' title='bbox 1165 4892 1295 4963; x_wconf 83' lang='lat' dir='ltr'>sed</span> <span class='ocrx_word' id='word_1_181' title='bbox 1338 4912 1515 4962; x_wconf 90' lang='lat' dir='ltr'>esse</span> <span class='ocrx_word' id='word_1_182' title='bbox 1558 4912 1903 4985; x_wconf 87' lang='lat' dir='ltr'>semper,</span> <span class='ocrx_word' id='word_1_183' title='bbox 1941 4899 2019 4968; x_wconf 90' lang='lat' dir='ltr'>et</span> <span class='ocrx_word' id='word_1_184' title='bbox 2060 4916 2240 4968; x_wconf 87' lang='lat' dir='ltr'>esse</span> 
     </span>
     <span class='ocr_line' id='line_1_41' title="bbox 695 5005 2233 5099; baseline 0.005 -22"><span class='ocrx_word' id='word_1_185' title='bbox 695 5005 1183 5099; x_wconf 89' lang='lat' dir='ltr'>simpliciter</span> <span class='ocrx_word' id='word_1_186' title='bbox 1252 5008 1687 5080; x_wconf 88' lang='lat' dir='ltr'>secundum</span> <span class='ocrx_word' id='word_1_187' title='bbox 1786 5009 2233 5094; x_wconf 77' lang='lat' dir='ltr'>rationcm3</span> 
     </span>
     <span class='ocr_line' id='line_1_42' title="bbox 693 5124 2237 5216; baseline 0.003 -21"><span class='ocrx_word' id='word_1_188' title='bbox 693 5142 894 5213; x_wconf 89' lang='lat' dir='ltr'>ergo</span> <span class='ocrx_word' id='word_1_189' title='bbox 935 5143 1264 5197; x_wconf 88' lang='lat' dir='ltr'>necesse</span> <span class='ocrx_word' id='word_1_190' title='bbox 1288 5128 1413 5199; x_wconf 91' lang='lat' dir='ltr'>est</span> <span class='ocrx_word' id='word_1_191' title='bbox 1455 5124 1659 5216; x_wconf 85' lang='lat' dir='ltr'>quod</span> <span class='ocrx_word' id='word_1_192' title='bbox 1694 5125 1762 5196; x_wconf 90' lang='lat' dir='ltr'>si</span> <span class='ocrx_word' id='word_1_193' title='bbox 1804 5128 2237 5199; x_wconf 83' lang='lat' dir='ltr'>secundum</span> 
     </span>
     <span class='ocr_line' id='line_1_43' title="bbox 693 5239 2236 5325; baseline 0.002 -12"><span class='ocrx_word' id='word_1_194' title='bbox 693 5239 917 5313; x_wconf 92' lang='lat' dir='ltr'>illam</span> <span class='ocrx_word' id='word_1_195' title='bbox 1015 5262 1293 5313; x_wconf 93' lang='lat' dir='ltr'>sumus</span> <span class='ocrx_word' id='word_1_196' title='bbox 1411 5241 1881 5325; x_wconf 86' lang='lat' dir='ltr'>rationales,</span> <span class='ocrx_word' id='word_1_197' title='bbox 1981 5244 2236 5316; x_wconf 93' lang='lat' dir='ltr'>simus</span> 
     </span>
     <span class='ocr_line' id='line_1_44' title="bbox 689 5358 1089 5452; baseline -0.005 -22"><span class='ocrx_word' id='word_1_198' title='bbox 689 5358 1089 5452; x_wconf 88' lang='lat' dir='ltr'>perpetui.</span> 
     </span>
    </p>

    <p class='ocr_par' dir='ltr' id='par_1_8' title="bbox 695 5474 2236 5684">
     <span class='ocr_line' id='line_1_45' title="bbox 784 5474 2234 5567; baseline -0.001 -17"><span class='ocrx_word' id='word_1_199' title='bbox 784 5476 865 5549; x_wconf 86' lang='lat' dir='ltr'>Si</span> <span class='ocrx_word' id='word_1_200' title='bbox 898 5474 1114 5549; x_wconf 90' lang='lat' dir='ltr'>enim</span> <span class='ocrx_word' id='word_1_201' title='bbox 1153 5474 1496 5556; x_wconf 84' lang='lat' dir='ltr'>dicatur,</span> <span class='ocrx_word' id='word_1_202' title='bbox 1558 5476 1763 5567; x_wconf 88' lang='lat' dir='ltr'>quod</span> <span class='ocrx_word' id='word_1_203' title='bbox 1805 5476 2072 5547; x_wconf 81' lang='lat' dir='ltr'>anima</span> <span class='ocrx_word' id='word_1_204' title='bbox 2128 5477 2234 5548; x_wconf 89' lang='lat' dir='ltr'>in-</span> 
     </span>
     <span class='ocr_line' id='line_1_46' title="bbox 695 5589 2236 5684; baseline -0.002 -17"><span class='ocrx_word' id='word_1_205' title='bbox 695 5591 1104 5667; x_wconf 84' lang='lat' dir='ltr'>tellectiva</span> <span class='ocrx_word' id='word_1_206' title='bbox 1147 5592 1253 5666; x_wconf 89' lang='lat' dir='ltr'>sit</span> <span class='ocrx_word' id='word_1_207' title='bbox 1310 5589 1704 5684; x_wconf 85' lang='lat' dir='ltr'>producta</span> <span class='ocrx_word' id='word_1_208' title='bbox 1754 5591 1849 5662; x_wconf 80' lang='lat' dir='ltr'>ab</span> <span class='ocrx_word' id='word_1_209' title='bbox 1886 5591 2236 5664; x_wconf 85' lang='lat' dir='ltr'>intellec-</span> 
     </span>
    </p>
   </div>
   <div class='ocr_carea' id='block_1_4' title="bbox 2333 561 3862 647">
    <p class='ocr_par' dir='ltr' id='par_1_9' title="bbox 2333 561 3862 647">
     <span class='ocr_line' id='line_1_47' title="bbox 2333 561 3862 647; baseline -0.004 -6"><span class='ocrx_word' id='word_1_210' title='bbox 2333 570 2445 647; x_wconf 86' lang='lat' dir='ltr'>tu,</span> <span class='ocrx_word' id='word_1_211' title='bbox 2475 565 2687 640; x_wconf 90' lang='lat' dir='ltr'>sicut</span> <span class='ocrx_word' id='word_1_212' title='bbox 2724 564 3048 638; x_wconf 89' lang='lat' dir='ltr'>videtur</span> <span class='ocrx_word' id='word_1_213' title='bbox 3077 561 3345 638; x_wconf 90' lang='lat' dir='ltr'>dicere</span> <span class='ocrx_word' id='word_1_214' title='bbox 3378 561 3518 636; x_wconf 89' lang='lat' dir='ltr'>illa</span> <span class='ocrx_word' id='word_1_215' title='bbox 3562 562 3862 636; x_wconf 88' lang='lat' dir='ltr'>univer-</span> 
     </span>
    </p>
   </div>
   <div class='ocr_carea' id='block_1_5' title="bbox 2335 679 4095 775">
    <p class='ocr_par' dir='ltr' id='par_1_10' title="bbox 2335 679 4095 775">
     <span class='ocr_line' id='line_1_48' title="bbox 2335 679 4095 775; baseline 0 -20"><span class='ocrx_word' id='word_1_216' title='bbox 2335 683 2533 756; x_wconf 88' lang='lat' dir='ltr'>salis</span> <span class='ocrx_word' id='word_1_217' title='bbox 2569 681 3028 775; x_wconf 86' lang='lat' dir='ltr'>propositio</span> <span class='ocrx_word' id='word_1_218' title='bbox 3078 681 3168 753; x_wconf 92' lang='lat' dir='ltr'>de</span> <span class='ocrx_word' id='word_1_219' title='bbox 3213 679 3500 755; x_wconf 86' lang='lat' dir='ltr'>Causis</span> <span class='ocrx_word' id='word_1_220' title='bbox 3545 705 3560 750; x_wconf 73' lang='grc' dir='ltr'><strong><em>ε</em></strong></span> <span class='ocrx_word' id='word_1_221' title='bbox 3622 683 3861 764; x_wconf 80' lang='lat' dir='ltr'>Omnis,</span> <span class='ocrx_word' id='word_1_222' title='bbox 3914 702 4095 766; x_wconf 71' lang='lat' dir='ltr'>proposi</span> 
     </span>
    </p>
   </div>
   <div class='ocr_carea' id='block_1_6' title="bbox 2334 763 3937 893">
    <p class='ocr_par' dir='ltr' id='par_1_11' title="bbox 2334 763 3937 893">
     <span class='ocr_line' id='line_1_49' title="bbox 2334 763 3937 893; baseline -0.004 -20"><span class='ocrx_word' id='word_1_223' title='bbox 2334 799 2623 893; x_wconf 84' lang='lat' dir='ltr'>inquit,</span> <span class='ocrx_word' id='word_1_224' title='bbox 2681 802 3133 890; x_wconf 74' lang='lat' dir='ltr'>intelliqentia</span> <span class='ocrx_word' id='word_1_225' title='bbox 3171 802 3296 866; x_wconf 78' lang='lat' dir='ltr'>scil</span> <span class='ocrx_word' id='word_1_226' title='bbox 3335 800 3510 889; x_wconf 81' lang='lat' dir='ltr'>quod</span> <span class='ocrx_word' id='word_1_227' title='bbox 3554 812 3646 867; x_wconf 80' lang='lat' dir='ltr'>est</span> <span class='ocrx_word' id='word_1_228' title='bbox 3675 822 3866 890; x_wconf 77' lang='lat' dir='ltr'>supra</span> <span class='ocrx_word' id='word_1_229' title='bbox 3891 763 3937 817; x_wconf 73' lang='grc'>8·</span> 
     </span>
    </p>
   </div>
   <div class='ocr_carea' id='block_1_7' title="bbox 2329 917 3933 5685">
    <p class='ocr_par' dir='ltr' id='par_1_12' title="bbox 2329 917 3902 3112">
     <span class='ocr_line' id='line_1_50' title="bbox 2329 917 3873 1007; baseline 0.001 -20"><span class='ocrx_word' id='word_1_230' title='bbox 2329 941 2420 1000; x_wconf 80' lang='lat' dir='ltr'>se,</span> <span class='ocrx_word' id='word_1_231' title='bbox 2484 931 2545 986; x_wconf 79' lang='lat' dir='ltr'>el</span> <span class='ocrx_word' id='word_1_232' title='bbox 2600 919 2775 1007; x_wconf 79' lang='lat' dir='ltr'>quod</span> <span class='ocrx_word' id='word_1_233' title='bbox 2841 929 2933 985; x_wconf 80' lang='lat' dir='ltr'>est</span> <span class='ocrx_word' id='word_1_234' title='bbox 2970 917 3088 984; x_wconf 76' lang='lat' dir='ltr'>sub</span> <span class='ocrx_word' id='word_1_235' title='bbox 3134 939 3224 999; x_wconf 74' lang='lat' dir='ltr'>se,</span> <span class='ocrx_word' id='word_1_236' title='bbox 3262 929 3716 985; x_wconf 80' lang='lat' dir='ltr'>verumtamen</span> <span class='ocrx_word' id='word_1_237' title='bbox 3761 922 3873 988; x_wconf 76' lang='lat' dir='ltr'>scit</span> 
     </span>
     <span class='ocr_line' id='line_1_51' title="bbox 2334 1035 3869 1125; baseline 0.001 -22"><span class='ocrx_word' id='word_1_238' title='bbox 2334 1035 2507 1125; x_wconf 83' lang='lat' dir='ltr'>quod</span> <span class='ocrx_word' id='word_1_239' title='bbox 2545 1046 2639 1101; x_wconf 80' lang='lat' dir='ltr'>esc</span> <span class='ocrx_word' id='word_1_240' title='bbox 2695 1035 2813 1102; x_wconf 74' lang='lat' dir='ltr'>snb</span> <span class='ocrx_word' id='word_1_241' title='bbox 2866 1057 2959 1118; x_wconf 80' lang='lat' dir='ltr'>se,</span> <span class='ocrx_word' id='word_1_242' title='bbox 3022 1036 3339 1122; x_wconf 79' lang='lat' dir='ltr'>quoniam</span> <span class='ocrx_word' id='word_1_243' title='bbox 3396 1056 3595 1101; x_wconf 78' lang='lat' dir='ltr'>causa</span> <span class='ocrx_word' id='word_1_244' title='bbox 3662 1048 3756 1103; x_wconf 78' lang='lat' dir='ltr'>est</span> <span class='ocrx_word' id='word_1_245' title='bbox 3789 1039 3869 1105; x_wconf 84' lang='lat' dir='ltr'>ei.</span> 
     </span>
     <span class='ocr_line' id='line_1_52' title="bbox 2334 1149 3876 1242; baseline 0.001 -19"><span class='ocrx_word' id='word_1_246' title='bbox 2334 1151 2483 1223; x_wconf 92' lang='lat' dir='ltr'>Ubi</span> <span class='ocrx_word' id='word_1_247' title='bbox 2515 1153 2638 1223; x_wconf 89' lang='lat' dir='ltr'>est</span> <span class='ocrx_word' id='word_1_248' title='bbox 2693 1150 3125 1233; x_wconf 89' lang='lat' dir='ltr'>sciendum,</span> <span class='ocrx_word' id='word_1_249' title='bbox 3172 1149 3377 1242; x_wconf 93' lang='lat' dir='ltr'>quod</span> <span class='ocrx_word' id='word_1_250' title='bbox 3439 1150 3876 1241; x_wconf 88' lang='lat' dir='ltr'>intelligen-</span> 
     </span>
     <span class='ocr_line' id='line_1_53' title="bbox 2335 1267 3878 1358; baseline 0.001 -17"><span class='ocrx_word' id='word_1_251' title='bbox 2335 1267 2455 1341; x_wconf 87' lang='lat' dir='ltr'>tia</span> <span class='ocrx_word' id='word_1_252' title='bbox 2495 1270 2619 1340; x_wconf 88' lang='lat' dir='ltr'>est</span> <span class='ocrx_word' id='word_1_253' title='bbox 2685 1286 3033 1340; x_wconf 85' lang='lat' dir='ltr'>causans</span> <span class='ocrx_word' id='word_1_254' title='bbox 3092 1286 3212 1348; x_wconf 88' lang='lat' dir='ltr'>ea,</span> <span class='ocrx_word' id='word_1_255' title='bbox 3278 1287 3451 1358; x_wconf 81' lang='lat' dir='ltr'>quae</span> <span class='ocrx_word' id='word_1_256' title='bbox 3508 1271 3699 1342; x_wconf 92' lang='lat' dir='ltr'>sunt</span> <span class='ocrx_word' id='word_1_257' title='bbox 3742 1270 3878 1342; x_wconf 91' lang='lat' dir='ltr'>sub</span> 
     </span>
     <span class='ocr_line' id='line_1_54' title="bbox 2340 1383 3875 1474; baseline 0.003 -18"><span class='ocrx_word' id='word_1_258' title='bbox 2340 1405 2448 1456; x_wconf 90' lang='lat' dir='ltr'>se.</span> <span class='ocrx_word' id='word_1_259' title='bbox 2507 1384 2588 1458; x_wconf 87' lang='lat' dir='ltr'>Si</span> <span class='ocrx_word' id='word_1_260' title='bbox 2651 1383 3163 1474; x_wconf 87' lang='lat' dir='ltr'>intelligatur</span> <span class='ocrx_word' id='word_1_261' title='bbox 3229 1384 3321 1457; x_wconf 89' lang='lat' dir='ltr'>de</span> <span class='ocrx_word' id='word_1_262' title='bbox 3362 1383 3659 1468; x_wconf 87' lang='lat' dir='ltr'>anima,</span> <span class='ocrx_word' id='word_1_263' title='bbox 3732 1391 3875 1468; x_wconf 89' lang='lat' dir='ltr'>est,</span> 
     </span>
     <span class='ocr_line' id='line_1_55' title="bbox 2337 1499 3881 1594; baseline 0.001 -20"><span class='ocrx_word' id='word_1_264' title='bbox 2337 1500 2540 1584; x_wconf 90' lang='lat' dir='ltr'>dico,</span> <span class='ocrx_word' id='word_1_265' title='bbox 2587 1520 2836 1574; x_wconf 87' lang='lat' dir='ltr'>causa</span> <span class='ocrx_word' id='word_1_266' title='bbox 2893 1520 3037 1593; x_wconf 88' lang='lat' dir='ltr'>per</span> <span class='ocrx_word' id='word_1_267' title='bbox 3086 1499 3481 1582; x_wconf 86' lang='lat' dir='ltr'>accidens,</span> <span class='ocrx_word' id='word_1_268' title='bbox 3535 1521 3632 1574; x_wconf 91' lang='lat' dir='ltr'>co</span> <span class='ocrx_word' id='word_1_269' title='bbox 3681 1505 3881 1594; x_wconf 90' lang='lat' dir='ltr'>quod</span> 
     </span>
     <span class='ocr_line' id='line_1_56' title="bbox 2339 1616 3881 1713; baseline 0.002 -23"><span class='ocrx_word' id='word_1_270' title='bbox 2339 1637 2486 1710; x_wconf 89' lang='lat' dir='ltr'>per</span> <span class='ocrx_word' id='word_1_271' title='bbox 2520 1621 2829 1691; x_wconf 92' lang='lat' dir='ltr'>motum</span> <span class='ocrx_word' id='word_1_272' title='bbox 2868 1616 3089 1690; x_wconf 92' lang='lat' dir='ltr'>orbis</span> <span class='ocrx_word' id='word_1_273' title='bbox 3121 1621 3201 1692; x_wconf 88' lang='lat' dir='ltr'>et</span> <span class='ocrx_word' id='word_1_274' title='bbox 3244 1617 3457 1691; x_wconf 87' lang='lat' dir='ltr'>Solis</span> <span class='ocrx_word' id='word_1_275' title='bbox 3501 1617 3579 1691; x_wconf 92' lang='lat' dir='ltr'>in</span> <span class='ocrx_word' id='word_1_276' title='bbox 3608 1618 3881 1713; x_wconf 90' lang='lat' dir='ltr'>aliquo</span> 
     </span>
     <span class='ocr_line' id='line_1_57' title="bbox 2338 1734 3882 1828; baseline -0.001 -17"><span class='ocrx_word' id='word_1_277' title='bbox 2338 1735 2650 1811; x_wconf 87' lang='lat' dir='ltr'>circulo</span> <span class='ocrx_word' id='word_1_278' title='bbox 2682 1740 2808 1809; x_wconf 89' lang='lat' dir='ltr'>est</span> <span class='ocrx_word' id='word_1_279' title='bbox 2840 1755 3086 1808; x_wconf 88' lang='lat' dir='ltr'>causa</span> <span class='ocrx_word' id='word_1_280' title='bbox 3116 1734 3677 1828; x_wconf 86' lang='lat' dir='ltr'>dispositionis</span> <span class='ocrx_word' id='word_1_281' title='bbox 3712 1758 3882 1811; x_wconf 92' lang='lat' dir='ltr'>cor-</span> 
     </span>
     <span class='ocr_line' id='line_1_58' title="bbox 2340 1852 3886 1947; baseline 0.001 -20"><span class='ocrx_word' id='word_1_282' title='bbox 2340 1854 2591 1947; x_wconf 90' lang='lat' dir='ltr'>poris,</span> <span class='ocrx_word' id='word_1_283' title='bbox 2638 1874 2792 1946; x_wconf 90' lang='lat' dir='ltr'>quo</span> <span class='ocrx_word' id='word_1_284' title='bbox 2825 1852 3248 1947; x_wconf 91' lang='lat' dir='ltr'>disposito,</span> <span class='ocrx_word' id='word_1_285' title='bbox 3284 1855 3500 1926; x_wconf 90' lang='lat' dir='ltr'>Deus</span> <span class='ocrx_word' id='word_1_286' title='bbox 3542 1853 3886 1931; x_wconf 85' lang='lat' dir='ltr'>infundit</span> 
     </span>
     <span class='ocr_line' id='line_1_59' title="bbox 2338 1969 3881 2064; baseline 0.001 -22"><span class='ocrx_word' id='word_1_287' title='bbox 2338 1970 2409 2042; x_wconf 90' lang='lat' dir='ltr'>ei</span> <span class='ocrx_word' id='word_1_288' title='bbox 2481 1969 2864 2053; x_wconf 83' lang='lat' dir='ltr'>animam,</span> <span class='ocrx_word' id='word_1_289' title='bbox 2953 1969 3084 2041; x_wconf 90' lang='lat' dir='ltr'>vel</span> <span class='ocrx_word' id='word_1_290' title='bbox 3150 1973 3275 2043; x_wconf 91' lang='lat' dir='ltr'>est</span> <span class='ocrx_word' id='word_1_291' title='bbox 3345 1989 3595 2042; x_wconf 88' lang='lat' dir='ltr'>causa</span> <span class='ocrx_word' id='word_1_292' title='bbox 3679 1972 3881 2064; x_wconf 87' lang='lat' dir='ltr'>ejus,</span> 
     </span>
     <span class='ocr_line' id='line_1_60' title="bbox 2341 2085 3880 2181; baseline 0 -23"><span class='ocrx_word' id='word_1_293' title='bbox 2341 2091 2734 2181; x_wconf 90' lang='lat' dir='ltr'>quantum</span> <span class='ocrx_word' id='word_1_294' title='bbox 2776 2086 2872 2158; x_wconf 85' lang='lat' dir='ltr'>ad</span> <span class='ocrx_word' id='word_1_295' title='bbox 2935 2085 3250 2178; x_wconf 90' lang='lat' dir='ltr'>aliquas</span> <span class='ocrx_word' id='word_1_296' title='bbox 3297 2086 3880 2161; x_wconf 69' lang='lat' dir='ltr'>revolutiones</span> 
     </span>
     <span class='ocr_line' id='line_1_61' title="bbox 2341 2203 3884 2296; baseline 0 -17"><span class='ocrx_word' id='word_1_297' title='bbox 2341 2204 2742 2280; x_wconf 87' lang='lat' dir='ltr'>Similiter</span> <span class='ocrx_word' id='word_1_298' title='bbox 2779 2204 2847 2277; x_wconf 91' lang='lat' dir='ltr'>si</span> <span class='ocrx_word' id='word_1_299' title='bbox 2901 2203 3370 2276; x_wconf 89' lang='lat' dir='ltr'>inveniatur</span> <span class='ocrx_word' id='word_1_300' title='bbox 3424 2203 3884 2296; x_wconf 85' lang='lat' dir='ltr'>aliquando,</span> 
     </span>
     <span class='ocr_line' id='line_1_62' title="bbox 2342 2319 3896 2416; baseline 0 -21"><span class='ocrx_word' id='word_1_301' title='bbox 2342 2324 2550 2416; x_wconf 91' lang='lat' dir='ltr'>quod</span> <span class='ocrx_word' id='word_1_302' title='bbox 2635 2323 2850 2395; x_wconf 92' lang='lat' dir='ltr'>Deus</span> <span class='ocrx_word' id='word_1_303' title='bbox 2918 2319 3227 2393; x_wconf 88' lang='lat' dir='ltr'>creavit</span> <span class='ocrx_word' id='word_1_304' title='bbox 3297 2320 3655 2395; x_wconf 87' lang='lat' dir='ltr'>animam</span> <span class='ocrx_word' id='word_1_305' title='bbox 3739 2342 3896 2395; x_wconf 90' lang='lat' dir='ltr'>me·</span> 
     </span>
     <span class='ocr_line' id='line_1_63' title="bbox 2338 2437 3897 2531; baseline -0.004 -17"><span class='ocrx_word' id='word_1_306' title='bbox 2338 2440 2608 2514; x_wconf 89' lang='lat' dir='ltr'>diante</span> <span class='ocrx_word' id='word_1_307' title='bbox 2643 2437 3087 2521; x_wconf 89' lang='lat' dir='ltr'>intellectu,</span> <span class='ocrx_word' id='word_1_308' title='bbox 3123 2438 3326 2519; x_wconf 90' lang='lat' dir='ltr'>dico,</span> <span class='ocrx_word' id='word_1_309' title='bbox 3366 2438 3572 2530; x_wconf 90' lang='lat' dir='ltr'>quod</span> <span class='ocrx_word' id='word_1_310' title='bbox 3630 2439 3718 2531; x_wconf 82' lang='lat' dir='ltr'>ly</span> <span class='ocrx_word' id='word_1_311' title='bbox 3760 2464 3897 2508; x_wconf 87' lang='lat' dir='ltr'>me-</span> 
     </span>
     <span class='ocr_line' id='line_1_64' title="bbox 2338 2552 3900 2638; baseline 0.004 -14"><span class='ocrx_word' id='word_1_312' title='bbox 2338 2558 2568 2624; x_wconf 76' lang='lat' dir='ltr'>diante</span> <span class='ocrx_word' id='word_1_313' title='bbox 2608 2552 2802 2628; x_wconf 93' lang='lat' dir='ltr'>dicit</span> <span class='ocrx_word' id='word_1_314' title='bbox 2872 2552 3218 2626; x_wconf 89' lang='lat' dir='ltr'>medium</span> <span class='ocrx_word' id='word_1_315' title='bbox 3310 2558 3653 2638; x_wconf 80' lang='lat' dir='ltr'>naturae,</span> <span class='ocrx_word' id='word_1_316' title='bbox 3734 2577 3900 2630; x_wconf 89' lang='lat' dir='ltr'>non</span> 
     </span>
     <span class='ocr_line' id='line_1_65' title="bbox 2340 2669 3896 2755; baseline 0.001 -11"><span class='ocrx_word' id='word_1_317' title='bbox 2340 2669 2795 2751; x_wconf 83' lang='lat' dir='ltr'>efficientis,</span> <span class='ocrx_word' id='word_1_318' title='bbox 2889 2674 3030 2744; x_wconf 88' lang='lat' dir='ltr'>aut</span> <span class='ocrx_word' id='word_1_319' title='bbox 3113 2669 3668 2755; x_wconf 90' lang='lat' dir='ltr'>instrumenti,</span> <span class='ocrx_word' id='word_1_320' title='bbox 3753 2676 3896 2747; x_wconf 92' lang='lat' dir='ltr'>aut</span> 
     </span>
     <span class='ocr_line' id='line_1_66' title="bbox 2341 2787 3902 2869; baseline 0 -9"><span class='ocrx_word' id='word_1_321' title='bbox 2341 2787 2889 2869; x_wconf 80' lang='lat' dir='ltr'>causalitatis,</span> <span class='ocrx_word' id='word_1_322' title='bbox 2944 2791 3034 2861; x_wconf 89' lang='lat' dir='ltr'>ut</span> <span class='ocrx_word' id='word_1_323' title='bbox 3103 2787 3210 2862; x_wconf 89' lang='lat' dir='ltr'>sit</span> <span class='ocrx_word' id='word_1_324' title='bbox 3254 2808 3540 2860; x_wconf 86' lang='lat' dir='ltr'>sensus</span> <span class='ocrx_word' id='word_1_325' title='bbox 3585 2815 3600 2859; x_wconf 76' lang='grc' dir='ltr'>ι</span> <span class='ocrx_word' id='word_1_326' title='bbox 3676 2789 3902 2865; x_wconf 88' lang='lat' dir='ltr'>inter</span> 
     </span>
     <span class='ocr_line' id='line_1_67' title="bbox 2340 2903 3900 2986; baseline 0.002 -9"><span class='ocrx_word' id='word_1_327' title='bbox 2340 2906 2597 2977; x_wconf 86' lang='lat' dir='ltr'>Deum</span> <span class='ocrx_word' id='word_1_328' title='bbox 2639 2908 2720 2978; x_wconf 90' lang='lat' dir='ltr'>et</span> <span class='ocrx_word' id='word_1_329' title='bbox 2796 2903 3180 2986; x_wconf 85' lang='lat' dir='ltr'>animam,</span> <span class='ocrx_word' id='word_1_330' title='bbox 3244 2903 3748 2980; x_wconf 88' lang='lat' dir='ltr'>intellectiva</span> <span class='ocrx_word' id='word_1_331' title='bbox 3792 2910 3900 2980; x_wconf 88' lang='lat' dir='ltr'>te·</span> 
     </span>
     <span class='ocr_line' id='line_1_68' title="bbox 2342 3019 3284 3112; baseline -0.004 -20"><span class='ocrx_word' id='word_1_332' title='bbox 2342 3025 2477 3094; x_wconf 79' lang='lat' dir='ltr'>net</span> <span class='ocrx_word' id='word_1_333' title='bbox 2522 3019 2869 3092; x_wconf 86' lang='lat' dir='ltr'>medium</span> <span class='ocrx_word' id='word_1_334' title='bbox 2922 3020 3284 3112; x_wconf 84' lang='lat' dir='ltr'>gradum.</span> 
     </span>
    </p>

    <p class='ocr_par' dir='ltr' id='par_1_13' title="bbox 2344 3136 3920 4401">
     <span class='ocr_line' id='line_1_69' title="bbox 2435 3136 3903 3232; baseline 0 -21"><span class='ocrx_word' id='word_1_335' title='bbox 2435 3139 2665 3220; x_wconf 89' lang='lat' dir='ltr'>Item,</span> <span class='ocrx_word' id='word_1_336' title='bbox 2714 3136 3079 3231; x_wconf 87' lang='lat' dir='ltr'>potentia</span> <span class='ocrx_word' id='word_1_337' title='bbox 3121 3157 3278 3210; x_wconf 91' lang='lat' dir='ltr'>non</span> <span class='ocrx_word' id='word_1_338' title='bbox 3339 3139 3461 3210; x_wconf 87' lang='lat' dir='ltr'>est</span> <span class='ocrx_word' id='word_1_339' title='bbox 3508 3136 3903 3232; x_wconf 88' lang='lat' dir='ltr'>simplici·</span> 
     </span>
     <span class='ocr_line' id='line_1_70' title="bbox 2344 3258 3903 3351; baseline 0 -20"><span class='ocrx_word' id='word_1_340' title='bbox 2344 3263 2477 3331; x_wconf 88' lang='lat' dir='ltr'>ter</span> <span class='ocrx_word' id='word_1_341' title='bbox 2534 3260 2815 3332; x_wconf 90' lang='lat' dir='ltr'>notior</span> <span class='ocrx_word' id='word_1_342' title='bbox 2893 3282 3038 3331; x_wconf 85' lang='lat' dir='ltr'>sua</span> <span class='ocrx_word' id='word_1_343' title='bbox 3116 3258 3614 3341; x_wconf 79' lang='lat' dir='ltr'>substantia;</span> <span class='ocrx_word' id='word_1_344' title='bbox 3691 3281 3903 3351; x_wconf 87' lang='lat' dir='ltr'>ergo</span> 
     </span>
     <span class='ocr_line' id='line_1_71' title="bbox 2345 3377 3910 3469; baseline 0 -20"><span class='ocrx_word' id='word_1_345' title='bbox 2345 3399 2528 3450; x_wconf 89' lang='lat' dir='ltr'>cum</span> <span class='ocrx_word' id='word_1_346' title='bbox 2600 3377 3057 3450; x_wconf 83' lang='lat' dir='ltr'>substantia</span> <span class='ocrx_word' id='word_1_347' title='bbox 3128 3378 3245 3449; x_wconf 74' lang='lat' dir='ltr'>rei</span> <span class='ocrx_word' id='word_1_348' title='bbox 3334 3378 3568 3449; x_wconf 64' lang='lat' dir='ltr'>factae</span> <span class='ocrx_word' id='word_1_349' title='bbox 3651 3378 3910 3469; x_wconf 89' lang='lat' dir='ltr'>subji-</span> 
     </span>
     <span class='ocr_line' id='line_1_72' title="bbox 2346 3494 3907 3587; baseline 0 -21"><span class='ocrx_word' id='word_1_350' title='bbox 2346 3494 2640 3575; x_wconf 86' lang='lat' dir='ltr'>ciatur,</span> <span class='ocrx_word' id='word_1_351' title='bbox 2736 3497 3124 3587; x_wconf 89' lang='lat' dir='ltr'>quantum</span> <span class='ocrx_word' id='word_1_352' title='bbox 3196 3494 3291 3565; x_wconf 82' lang='lat' dir='ltr'>ad</span> <span class='ocrx_word' id='word_1_353' title='bbox 3371 3516 3604 3566; x_wconf 89' lang='lat' dir='ltr'>suum</span> <span class='ocrx_word' id='word_1_354' title='bbox 3688 3516 3907 3577; x_wconf 86' lang='lat' dir='ltr'>esse,</span> 
     </span>
     <span class='ocr_line' id='line_1_73' title="bbox 2347 3608 3913 3702; baseline 0.001 -23"><span class='ocrx_word' id='word_1_355' title='bbox 2347 3608 2648 3697; x_wconf 82' lang='lat' dir='ltr'>agenti,</span> <span class='ocrx_word' id='word_1_356' title='bbox 2731 3629 2878 3681; x_wconf 89' lang='lat' dir='ltr'>sua</span> <span class='ocrx_word' id='word_1_357' title='bbox 2968 3608 3332 3702; x_wconf 87' lang='lat' dir='ltr'>potentia</span> <span class='ocrx_word' id='word_1_358' title='bbox 3426 3610 3913 3682; x_wconf 82' lang='lat' dir='ltr'>necessario</span> 
     </span>
     <span class='ocr_line' id='line_1_74' title="bbox 2346 3725 3909 3820; baseline 0 -22"><span class='ocrx_word' id='word_1_359' title='bbox 2346 3728 2470 3799; x_wconf 89' lang='lat' dir='ltr'>est</span> <span class='ocrx_word' id='word_1_360' title='bbox 2569 3726 2932 3820; x_wconf 86' lang='lat' dir='ltr'>subjecta</span> <span class='ocrx_word' id='word_1_361' title='bbox 3002 3726 3385 3820; x_wconf 66' lang='lat' dir='ltr'>potentia}</span> <span class='ocrx_word' id='word_1_362' title='bbox 3484 3725 3909 3801; x_wconf 78' lang='lat' dir='ltr'>facientis,</span> 
     </span>
     <span class='ocr_line' id='line_1_75' title="bbox 2349 3842 3913 3925; baseline -0.001 -9"><span class='ocrx_word' id='word_1_363' title='bbox 2349 3842 2724 3916; x_wconf 86' lang='lat' dir='ltr'>Potentia</span> <span class='ocrx_word' id='word_1_364' title='bbox 2784 3846 3055 3915; x_wconf 88' lang='lat' dir='ltr'>autem</span> <span class='ocrx_word' id='word_1_365' title='bbox 3097 3842 3379 3925; x_wconf 81' lang='lat' dir='ltr'>libera,</span> <span class='ocrx_word' id='word_1_366' title='bbox 3442 3846 3583 3915; x_wconf 90' lang='lat' dir='ltr'>aut</span> <span class='ocrx_word' id='word_1_367' title='bbox 3635 3844 3913 3915; x_wconf 87' lang='lat' dir='ltr'>ratio-</span> 
     </span>
     <span class='ocr_line' id='line_1_76' title="bbox 2348 3958 3909 4050; baseline 0.001 -19"><span class='ocrx_word' id='word_1_368' title='bbox 2348 3958 2556 4031; x_wconf 89' lang='lat' dir='ltr'>nalis</span> <span class='ocrx_word' id='word_1_369' title='bbox 2599 3959 2801 4032; x_wconf 91' lang='lat' dir='ltr'>nulli</span> <span class='ocrx_word' id='word_1_370' title='bbox 2844 3962 3247 4032; x_wconf 65' lang='lat' dir='ltr'>creaturae</span> <span class='ocrx_word' id='word_1_371' title='bbox 3305 3958 3671 4050; x_wconf 88' lang='lat' dir='ltr'>subjecta</span> <span class='ocrx_word' id='word_1_372' title='bbox 3747 3962 3909 4041; x_wconf 79' lang='lat' dir='ltr'>est,</span> 
     </span>
     <span class='ocr_line' id='line_1_77' title="bbox 2348 4075 3913 4168; baseline 0.001 -19"><span class='ocrx_word' id='word_1_373' title='bbox 2348 4098 2491 4149; x_wconf 90' lang='lat' dir='ltr'>nec</span> <span class='ocrx_word' id='word_1_374' title='bbox 2529 4075 2938 4157; x_wconf 88' lang='lat' dir='ltr'>omnibus;</span> <span class='ocrx_word' id='word_1_375' title='bbox 2987 4076 3159 4148; x_wconf 88' lang='lat' dir='ltr'>ideo</span> <span class='ocrx_word' id='word_1_376' title='bbox 3202 4075 3713 4168; x_wconf 87' lang='lat' dir='ltr'>impossibile</span> <span class='ocrx_word' id='word_1_377' title='bbox 3748 4082 3913 4160; x_wconf 89' lang='lat' dir='ltr'>est,</span> 
     </span>
     <span class='ocr_line' id='line_1_78' title="bbox 2351 4191 3920 4286; baseline 0.004 -23"><span class='ocrx_word' id='word_1_378' title='bbox 2351 4194 2553 4286; x_wconf 88' lang='lat' dir='ltr'>quod</span> <span class='ocrx_word' id='word_1_379' title='bbox 2585 4191 3040 4268; x_wconf 77' lang='lat' dir='ltr'>substantIa</span> <span class='ocrx_word' id='word_1_380' title='bbox 3083 4212 3230 4264; x_wconf 88' lang='lat' dir='ltr'>sua</span> <span class='ocrx_word' id='word_1_381' title='bbox 3271 4213 3316 4264; x_wconf 89' lang='lat' dir='ltr'>a</span> <span class='ocrx_word' id='word_1_382' title='bbox 3359 4197 3759 4267; x_wconf 84' lang='lat' dir='ltr'>creatura</span> <span class='ocrx_word' id='word_1_383' title='bbox 3807 4194 3920 4269; x_wconf 88' lang='lat' dir='ltr'>sit</span> 
     </span>
     <span class='ocr_line' id='line_1_79' title="bbox 2352 4309 2770 4401; baseline -0.002 -22"><span class='ocrx_word' id='word_1_384' title='bbox 2352 4309 2770 4401; x_wconf 83' lang='lat' dir='ltr'>producta.</span> 
     </span>
    </p>

    <p class='ocr_par' dir='ltr' id='par_1_14' title="bbox 2349 4421 3933 5685">
     <span class='ocr_line' id='line_1_80' title="bbox 2444 4421 3920 4520; baseline 0.001 -23"><span class='ocrx_word' id='word_1_385' title='bbox 2444 4426 2671 4505; x_wconf 87' lang='lat' dir='ltr'>Item,</span> <span class='ocrx_word' id='word_1_386' title='bbox 2745 4426 2867 4496; x_wconf 84' lang='lat' dir='ltr'>est</span> <span class='ocrx_word' id='word_1_387' title='bbox 2923 4421 3287 4517; x_wconf 84' lang='lat' dir='ltr'>potentia</span> <span class='ocrx_word' id='word_1_388' title='bbox 3357 4424 3656 4509; x_wconf 86' lang='lat' dir='ltr'>activa,</span> <span class='ocrx_word' id='word_1_389' title='bbox 3734 4450 3920 4520; x_wconf 75' lang='lat' dir='ltr'>quae</span> 
     </span>
     <span class='ocr_line' id='line_1_81' title="bbox 2351 4540 3923 4632; baseline 0.003 -18"><span class='ocrx_word' id='word_1_390' title='bbox 2351 4562 2493 4614; x_wconf 90' lang='lat' dir='ltr'>nec</span> <span class='ocrx_word' id='word_1_391' title='bbox 2559 4540 2905 4614; x_wconf 82' lang='lat' dir='ltr'>materia</span> <span class='ocrx_word' id='word_1_392' title='bbox 2985 4540 3307 4632; x_wconf 83' lang='lat' dir='ltr'>indiget,</span> <span class='ocrx_word' id='word_1_393' title='bbox 3370 4562 3514 4614; x_wconf 89' lang='lat' dir='ltr'>nec</span> <span class='ocrx_word' id='word_1_394' title='bbox 3593 4542 3923 4618; x_wconf 86' lang='lat' dir='ltr'>instru-</span> 
     </span>
     <span class='ocr_line' id='line_1_82' title="bbox 2354 4658 3926 4755; baseline 0.004 -24"><span class='ocrx_word' id='word_1_395' title='bbox 2354 4662 2650 4740; x_wconf 88' lang='lat' dir='ltr'>mento,</span> <span class='ocrx_word' id='word_1_396' title='bbox 2699 4660 2787 4730; x_wconf 92' lang='lat' dir='ltr'>ut</span> <span class='ocrx_word' id='word_1_397' title='bbox 2848 4658 3211 4749; x_wconf 82' lang='lat' dir='ltr'>potentia</span> <span class='ocrx_word' id='word_1_398' title='bbox 3245 4658 3431 4741; x_wconf 84' lang='lat' dir='ltr'>Dei;</span> <span class='ocrx_word' id='word_1_399' title='bbox 3488 4660 3684 4744; x_wconf 90' lang='lat' dir='ltr'>alia,</span> <span class='ocrx_word' id='word_1_400' title='bbox 3737 4684 3926 4755; x_wconf 79' lang='lat' dir='ltr'>quae</span> 
     </span>
     <span class='ocr_line' id='line_1_83' title="bbox 2357 4772 3924 4864; baseline 0.003 -20"><span class='ocrx_word' id='word_1_401' title='bbox 2357 4772 2651 4864; x_wconf 80' lang='lat' dir='ltr'>indiget</span> <span class='ocrx_word' id='word_1_402' title='bbox 2717 4773 3087 4864; x_wconf 83' lang='lat' dir='ltr'>utroque,</span> <span class='ocrx_word' id='word_1_403' title='bbox 3133 4776 3419 4864; x_wconf 88' lang='lat' dir='ltr'>utpote</span> <span class='ocrx_word' id='word_1_404' title='bbox 3478 4772 3861 4848; x_wconf 88' lang='lat' dir='ltr'>hominis</span> <span class='ocrx_word' id='word_1_405' title='bbox 3910 4805 3924 4847; x_wconf 72' lang='grc' dir='ltr'>ε</span> 
     </span>
     <span class='ocr_line' id='line_1_84' title="bbox 2353 4885 3933 4981; baseline 0.003 -23"><span class='ocrx_word' id='word_1_406' title='bbox 2353 4908 2550 4977; x_wconf 86' lang='lat' dir='ltr'>ergo</span> <span class='ocrx_word' id='word_1_407' title='bbox 2598 4885 2958 4979; x_wconf 85' lang='lat' dir='ltr'>potentia</span> <span class='ocrx_word' id='word_1_408' title='bbox 3003 4885 3586 4979; x_wconf 82' lang='lat' dir='ltr'>Metaphysica,</span> <span class='ocrx_word' id='word_1_409' title='bbox 3637 4890 3933 4981; x_wconf 82' lang='lat' dir='ltr'>qualis</span> 
     </span>
     <span class='ocr_line' id='line_1_85' title="bbox 2351 5003 3930 5098; baseline 0.003 -22"><span class='ocrx_word' id='word_1_410' title='bbox 2351 5008 2477 5077; x_wconf 80' lang='lat' dir='ltr'>cst</span> <span class='ocrx_word' id='word_1_411' title='bbox 2519 5003 2830 5095; x_wconf 81' lang='lat' dir='ltr'>Angeli‚</span> <span class='ocrx_word' id='word_1_412' title='bbox 2879 5003 3229 5077; x_wconf 85' lang='lat' dir='ltr'>materia</span> <span class='ocrx_word' id='word_1_413' title='bbox 3272 5005 3688 5098; x_wconf 84' lang='lat' dir='ltr'>indigebit,</span> <span class='ocrx_word' id='word_1_414' title='bbox 3755 5031 3930 5081; x_wconf 90' lang='lat' dir='ltr'>non</span> 
     </span>
     <span class='ocr_line' id='line_1_86' title="bbox 2353 5119 3929 5210; baseline 0.004 -18"><span class='ocrx_word' id='word_1_415' title='bbox 2353 5122 2899 5201; x_wconf 77' lang='lat' dir='ltr'>intrument03</span> <span class='ocrx_word' id='word_1_416' title='bbox 3002 5119 3259 5210; x_wconf 81' lang='lat' dir='ltr'>igitur</span> <span class='ocrx_word' id='word_1_417' title='bbox 3317 5122 3384 5194; x_wconf 88' lang='lat' dir='ltr'>si</span> <span class='ocrx_word' id='word_1_418' title='bbox 3461 5121 3665 5196; x_wconf 86' lang='lat' dir='ltr'>facit</span> <span class='ocrx_word' id='word_1_419' title='bbox 3745 5127 3929 5199; x_wconf 79' lang='lat' dir='ltr'>ani-</span> 
     </span>
     <span class='ocr_line' id='line_1_87' title="bbox 2355 5236 3929 5330; baseline 0.001 -19"><span class='ocrx_word' id='word_1_420' title='bbox 2355 5259 2596 5320; x_wconf 87' lang='lat' dir='ltr'>mam,</span> <span class='ocrx_word' id='word_1_421' title='bbox 2644 5239 2780 5308; x_wconf 82' lang='lat' dir='ltr'>aut</span> <span class='ocrx_word' id='word_1_422' title='bbox 2821 5237 2912 5308; x_wconf 79' lang='lat' dir='ltr'>(le</span> <span class='ocrx_word' id='word_1_423' title='bbox 2974 5236 3322 5311; x_wconf 86' lang='lat' dir='ltr'>materia</span> <span class='ocrx_word' id='word_1_424' title='bbox 3371 5236 3771 5330; x_wconf 87' lang='lat' dir='ltr'>simplici,</span> <span class='ocrx_word' id='word_1_425' title='bbox 3840 5245 3929 5314; x_wconf 86' lang='lat' dir='ltr'>et</span> 
     </span>
     <span class='ocr_line' id='line_1_88' title="bbox 2354 5352 3926 5444; baseline -0.001 -15"><span class='ocrx_word' id='word_1_426' title='bbox 2354 5361 2542 5429; x_wconf 89' lang='lat' dir='ltr'>tunc</span> <span class='ocrx_word' id='word_1_427' title='bbox 2615 5352 2774 5425; x_wconf 82' lang='lat' dir='ltr'>alia</span> <span class='ocrx_word' id='word_1_428' title='bbox 2855 5354 2978 5425; x_wconf 88' lang='lat' dir='ltr'>est</span> <span class='ocrx_word' id='word_1_429' title='bbox 3059 5353 3679 5444; x_wconf 88' lang='lat' dir='ltr'>corruptibilis;</span> <span class='ocrx_word' id='word_1_430' title='bbox 3774 5361 3926 5427; x_wconf 80' lang='lat' dir='ltr'>aut</span> 
     </span>
     <span class='ocr_line' id='line_1_89' title="bbox 2349 5471 3926 5567; baseline 0 -20"><span class='ocrx_word' id='word_1_431' title='bbox 2349 5477 2439 5547; x_wconf 81' lang='lat' dir='ltr'>(le</span> <span class='ocrx_word' id='word_1_432' title='bbox 2500 5472 2919 5567; x_wconf 82' lang='lat' dir='ltr'>corporali</span> <span class='ocrx_word' id='word_1_433' title='bbox 2963 5473 3090 5544; x_wconf 87' lang='lat' dir='ltr'>vel</span> <span class='ocrx_word' id='word_1_434' title='bbox 3159 5471 3491 5553; x_wconf 80' lang='lat' dir='ltr'>coelesti,</span> <span class='ocrx_word' id='word_1_435' title='bbox 3564 5475 3651 5544; x_wconf 75' lang='lat' dir='ltr'>rt</span> <span class='ocrx_word' id='word_1_436' title='bbox 3713 5477 3926 5547; x_wconf 86' lang='lat' dir='ltr'>tunc</span> 
     </span>
     <span class='ocr_line' id='line_1_90' title="bbox 2350 5587 3930 5685; baseline -0.001 -20"><span class='ocrx_word' id='word_1_437' title='bbox 2350 5593 2558 5665; x_wconf 81' lang='lat' dir='ltr'>idem</span> <span class='ocrx_word' id='word_1_438' title='bbox 2617 5589 3229 5672; x_wconf 80' lang='lat' dir='ltr'>inconveniens3</span> <span class='ocrx_word' id='word_1_439' title='bbox 3293 5587 3420 5660; x_wconf 80' lang='lat' dir='ltr'>vel</span> <span class='ocrx_word' id='word_1_440' title='bbox 3486 5592 3930 5685; x_wconf 83' lang='lat' dir='ltr'>corrupti·</span> 
     </span>
    </p>
   </div>
   <div class='ocr_carea' id='block_1_8' title="bbox 4202 1596 4208 2116">
    <p class='ocr_par' dir='ltr' id='par_1_15' title="bbox 4202 1596 4208 2116">
     <span class='ocr_line' id='line_1_91' title="bbox 4202 1596 4208 2116; baseline 0 0"><span class='ocrx_word' id='word_1_441' title='bbox 4202 1596 4208 2116; x_wconf 95' lang='lat' dir='ltr'> </span> 
     </span>
    </p>
   </div>
  </div>
 </body>
</html>
