<?xml version="1.0" encoding="UTF-8"?>
<!DOCTYPE html PUBLIC "-//W3C//DTD XHTML 1.0 Transitional//EN"
    "http://www.w3.org/TR/xhtml1/DTD/xhtml1-transitional.dtd">
<html xmlns="http://www.w3.org/1999/xhtml" xml:lang="en" lang="en">
 <head>
  <title>
</title>
<meta http-equiv="Content-Type" content="text/html;charset=utf-8" />
  <meta name='ocr-system' content='tesseract 3.04.00' />
  <meta name='ocr-capabilities' content='ocr_page ocr_carea ocr_par ocr_line ocrx_word'/>
</head>
<body>
  <div class='ocr_page' id='page_1' title='image "./joannisdunsscot03waddgoog_0542.png"; bbox 0 0 4252 6393; ppageno 0'>
   <div class='ocr_carea' id='block_1_1' title="bbox 715 381 837 448">
    <p class='ocr_par' dir='ltr' id='par_1_1' title="bbox 715 381 837 448">
     <span class='ocr_line' id='line_1_1' title="bbox 715 381 837 448; baseline -0.066 -1"><span class='ocrx_word' id='word_1_1' title='bbox 715 381 837 448; x_wconf 65' lang='lat'>512</span> 
     </span>
    </p>
   </div>
   <div class='ocr_carea' id='block_1_2' title="bbox 704 535 2261 2957">
    <p class='ocr_par' dir='ltr' id='par_1_2' title="bbox 704 535 2261 2957">
     <span class='ocr_line' id='line_1_2' title="bbox 704 535 2251 628; baseline -0.002 -18"><span class='ocrx_word' id='word_1_2' title='bbox 704 536 978 611; x_wconf 86' lang='lat' dir='ltr'>dicunt</span> <span class='ocrx_word' id='word_1_3' title='bbox 1018 536 1257 620; x_wconf 91' lang='lat' dir='ltr'>enim,</span> <span class='ocrx_word' id='word_1_4' title='bbox 1314 536 1522 628; x_wconf 90' lang='lat' dir='ltr'>quod</span> <span class='ocrx_word' id='word_1_5' title='bbox 1591 535 1983 610; x_wconf 78' lang='lat' dir='ltr'>sensitiva</span> <span class='ocrx_word' id='word_1_6' title='bbox 2036 541 2251 610; x_wconf 81' lang='lat' dir='ltr'>exte-</span> 
     </span>
     <span class='ocr_line' id='line_1_3' title="bbox 708 656 2248 751; baseline -0.001 -22"><span class='ocrx_word' id='word_1_7' title='bbox 708 658 908 740; x_wconf 89' lang='lat' dir='ltr'>rior,</span> <span class='ocrx_word' id='word_1_8' title='bbox 958 661 1241 751; x_wconf 81' lang='lat' dir='ltr'>utpote</span> <span class='ocrx_word' id='word_1_9' title='bbox 1291 657 1548 741; x_wconf 91' lang='lat' dir='ltr'>color,</span> <span class='ocrx_word' id='word_1_10' title='bbox 1591 657 1719 730; x_wconf 89' lang='lat' dir='ltr'>vel</span> <span class='ocrx_word' id='word_1_11' title='bbox 1760 656 2248 751; x_wconf 88' lang='lat' dir='ltr'>hujusmodi,</span> 
     </span>
     <span class='ocr_line' id='line_1_4' title="bbox 707 774 2252 868; baseline -0.003 -19"><span class='ocrx_word' id='word_1_12' title='bbox 707 774 1202 868; x_wconf 89' lang='lat' dir='ltr'>multiplicat</span> <span class='ocrx_word' id='word_1_13' title='bbox 1245 774 1598 867; x_wconf 89' lang='lat' dir='ltr'>speciem</span> <span class='ocrx_word' id='word_1_14' title='bbox 1650 796 1880 847; x_wconf 90' lang='lat' dir='ltr'>suam</span> <span class='ocrx_word' id='word_1_15' title='bbox 1922 779 2252 849; x_wconf 90' lang='lat' dir='ltr'>natura-</span> 
     </span>
     <span class='ocr_line' id='line_1_5' title="bbox 705 890 2252 985; baseline -0.002 -20"><span class='ocrx_word' id='word_1_16' title='bbox 705 892 863 965; x_wconf 88' lang='lat' dir='ltr'>lem</span> <span class='ocrx_word' id='word_1_17' title='bbox 923 891 1018 964; x_wconf 89' lang='lat' dir='ltr'>ad</span> <span class='ocrx_word' id='word_1_18' title='bbox 1080 913 1433 975; x_wconf 91' lang='lat' dir='ltr'>sensum,</span> <span class='ocrx_word' id='word_1_19' title='bbox 1481 912 1581 965; x_wconf 82' lang='lat' dir='ltr'>ex</span> <span class='ocrx_word' id='word_1_20' title='bbox 1639 893 1872 985; x_wconf 76' lang='lat' dir='ltr'>quus</span> <span class='ocrx_word' id='word_1_21' title='bbox 1915 890 2252 984; x_wconf 77' lang='lat' dir='ltr'>impres-</span> 
     </span>
     <span class='ocr_line' id='line_1_6' title="bbox 705 1008 2254 1103; baseline -0.002 -20"><span class='ocrx_word' id='word_1_22' title='bbox 705 1008 933 1083; x_wconf 90' lang='lat' dir='ltr'>sione</span> <span class='ocrx_word' id='word_1_23' title='bbox 991 1009 1082 1084; x_wconf 87' lang='lat' dir='ltr'>fit</span> <span class='ocrx_word' id='word_1_24' title='bbox 1121 1009 1358 1093; x_wconf 92' lang='lat' dir='ltr'>visio,</span> <span class='ocrx_word' id='word_1_25' title='bbox 1404 1014 1485 1085; x_wconf 95' lang='lat' dir='ltr'>et</span> <span class='ocrx_word' id='word_1_26' title='bbox 1536 1009 2076 1103; x_wconf 77' lang='lat' dir='ltr'>apprehensio</span> <span class='ocrx_word' id='word_1_27' title='bbox 2134 1008 2254 1081; x_wconf 91' lang='lat' dir='ltr'>rei</span> 
     </span>
     <span class='ocr_line' id='line_1_7' title="bbox 704 1127 2255 1224; baseline -0.001 -24"><span class='ocrx_word' id='word_1_28' title='bbox 704 1132 793 1203; x_wconf 91' lang='lat' dir='ltr'>ut</span> <span class='ocrx_word' id='word_1_29' title='bbox 825 1128 1260 1221; x_wconf 79' lang='lat' dir='ltr'>praesentis</span> <span class='ocrx_word' id='word_1_30' title='bbox 1308 1154 1323 1199; x_wconf 76' lang='grc' dir='ltr'>ε</span> <span class='ocrx_word' id='word_1_31' title='bbox 1376 1128 1474 1224; x_wconf 88' lang='lat' dir='ltr'>ab</span> <span class='ocrx_word' id='word_1_32' title='bbox 1517 1127 1657 1201; x_wconf 91' lang='lat' dir='ltr'>illa</span> <span class='ocrx_word' id='word_1_33' title='bbox 1698 1132 1974 1203; x_wconf 88' lang='lat' dir='ltr'>autem</span> <span class='ocrx_word' id='word_1_34' title='bbox 2024 1147 2255 1220; x_wconf 92' lang='lat' dir='ltr'>gene-</span> 
     </span>
     <span class='ocr_line' id='line_1_8' title="bbox 705 1240 2250 1324; baseline -0.001 -10"><span class='ocrx_word' id='word_1_35' title='bbox 705 1248 946 1319; x_wconf 91' lang='lat' dir='ltr'>ratur</span> <span class='ocrx_word' id='word_1_36' title='bbox 979 1242 1426 1318; x_wconf 86' lang='lat' dir='ltr'>similitudo</span> <span class='ocrx_word' id='word_1_37' title='bbox 1464 1242 1644 1316; x_wconf 90' lang='lat' dir='ltr'>invi</span> <span class='ocrx_word' id='word_1_38' title='bbox 1680 1240 2250 1324; x_wconf 77' lang='lat' dir='ltr'>memorativa,</span> 
     </span>
     <span class='ocr_line' id='line_1_9' title="bbox 709 1356 2256 1455; baseline -0.003 -21"><span class='ocrx_word' id='word_1_39' title='bbox 709 1382 883 1454; x_wconf 83' lang='lat' dir='ltr'>quae</span> <span class='ocrx_word' id='word_1_40' title='bbox 943 1368 1069 1439; x_wconf 89' lang='lat' dir='ltr'>est</span> <span class='ocrx_word' id='word_1_41' title='bbox 1130 1360 1586 1455; x_wconf 82' lang='lat' dir='ltr'>specierum</span> <span class='ocrx_word' id='word_1_42' title='bbox 1641 1358 2075 1440; x_wconf 80' lang='lat' dir='ltr'>retentiva,</span> <span class='ocrx_word' id='word_1_43' title='bbox 2158 1356 2256 1430; x_wconf 89' lang='lat' dir='ltr'>ab</span> 
     </span>
     <span class='ocr_line' id='line_1_10' title="bbox 708 1478 2254 1572; baseline -0.004 -20"><span class='ocrx_word' id='word_1_44' title='bbox 708 1479 850 1553; x_wconf 92' lang='lat' dir='ltr'>illa</span> <span class='ocrx_word' id='word_1_45' title='bbox 881 1483 1156 1556; x_wconf 90' lang='lat' dir='ltr'>autem</span> <span class='ocrx_word' id='word_1_46' title='bbox 1201 1480 1281 1553; x_wconf 93' lang='lat' dir='ltr'>in</span> <span class='ocrx_word' id='word_1_47' title='bbox 1320 1479 1401 1553; x_wconf 91' lang='lat' dir='ltr'>vi</span> <span class='ocrx_word' id='word_1_48' title='bbox 1445 1478 2006 1572; x_wconf 87' lang='lat' dir='ltr'>imaginativa,</span> <span class='ocrx_word' id='word_1_49' title='bbox 2072 1478 2254 1569; x_wconf 87' lang='lat' dir='ltr'>post</span> 
     </span>
     <span class='ocr_line' id='line_1_11' title="bbox 710 1594 2255 1693; baseline -0.005 -22"><span class='ocrx_word' id='word_1_50' title='bbox 710 1598 955 1674; x_wconf 89' lang='lat' dir='ltr'>istam</span> <span class='ocrx_word' id='word_1_51' title='bbox 1050 1597 1784 1693; x_wconf 87' lang='lat' dir='ltr'>apprehensionem</span> <span class='ocrx_word' id='word_1_52' title='bbox 1882 1594 2255 1687; x_wconf 88' lang='lat' dir='ltr'>sequitur</span> 
     </span>
     <span class='ocr_line' id='line_1_12' title="bbox 710 1712 2255 1812; baseline -0.005 -22"><span class='ocrx_word' id='word_1_53' title='bbox 710 1718 1251 1812; x_wconf 87' lang='lat' dir='ltr'>apprehensio</span> <span class='ocrx_word' id='word_1_54' title='bbox 1315 1715 1872 1792; x_wconf 84' lang='lat' dir='ltr'>intellectiva:</span> <span class='ocrx_word' id='word_1_55' title='bbox 1930 1718 2010 1788; x_wconf 91' lang='lat' dir='ltr'>et</span> <span class='ocrx_word' id='word_1_56' title='bbox 2067 1712 2255 1804; x_wconf 90' lang='lat' dir='ltr'>quia</span> 
     </span>
     <span class='ocr_line' id='line_1_13' title="bbox 711 1831 2256 1925; baseline -0.004 -18"><span class='ocrx_word' id='word_1_57' title='bbox 711 1834 855 1907; x_wconf 93' lang='lat' dir='ltr'>illa</span> <span class='ocrx_word' id='word_1_58' title='bbox 892 1856 1056 1909; x_wconf 94' lang='lat' dir='ltr'>non</span> <span class='ocrx_word' id='word_1_59' title='bbox 1105 1839 1230 1910; x_wconf 90' lang='lat' dir='ltr'>est</span> <span class='ocrx_word' id='word_1_60' title='bbox 1275 1831 1665 1925; x_wconf 87' lang='lat' dir='ltr'>organica</span> <span class='ocrx_word' id='word_1_61' title='bbox 1709 1832 1921 1906; x_wconf 83' lang='lat' dir='ltr'>sicut</span> <span class='ocrx_word' id='word_1_62' title='bbox 1961 1851 2256 1924; x_wconf 70' lang='lat' dir='ltr'>prce-ce-</span> 
     </span>
     <span class='ocr_line' id='line_1_14' title="bbox 710 1947 2254 2045; baseline -0.005 -20"><span class='ocrx_word' id='word_1_63' title='bbox 710 1952 1013 2035; x_wconf 90' lang='lat' dir='ltr'>dentes,</span> <span class='ocrx_word' id='word_1_64' title='bbox 1068 1971 1229 2026; x_wconf 92' lang='lat' dir='ltr'>non</span> <span class='ocrx_word' id='word_1_65' title='bbox 1292 1955 1562 2045; x_wconf 89' lang='lat' dir='ltr'>potest</span> <span class='ocrx_word' id='word_1_66' title='bbox 1616 1949 1912 2024; x_wconf 89' lang='lat' dir='ltr'>similis</span> <span class='ocrx_word' id='word_1_67' title='bbox 1974 1947 2254 2019; x_wconf 88' lang='lat' dir='ltr'>modus</span> 
     </span>
     <span class='ocr_line' id='line_1_15' title="bbox 711 2060 2255 2156; baseline -0.005 -17"><span class='ocrx_word' id='word_1_68' title='bbox 711 2067 1290 2142; x_wconf 88' lang='lat' dir='ltr'>intellectionis</span> <span class='ocrx_word' id='word_1_69' title='bbox 1348 2087 1552 2150; x_wconf 90' lang='lat' dir='ltr'>esse,</span> <span class='ocrx_word' id='word_1_70' title='bbox 1608 2068 1697 2141; x_wconf 91' lang='lat' dir='ltr'>ut</span> <span class='ocrx_word' id='word_1_71' title='bbox 1749 2062 2087 2156; x_wconf 82' lang='lat' dir='ltr'>species,</span> <span class='ocrx_word' id='word_1_72' title='bbox 2147 2060 2255 2132; x_wconf 90' lang='lat' dir='ltr'>in-</span> 
     </span>
     <span class='ocr_line' id='line_1_16' title="bbox 707 2179 2251 2278; baseline -0.006 -21"><span class='ocrx_word' id='word_1_73' title='bbox 707 2189 1103 2278; x_wconf 84' lang='lat' dir='ltr'>quantum</span> <span class='ocrx_word' id='word_1_74' title='bbox 1161 2188 1343 2258; x_wconf 90' lang='lat' dir='ltr'>erat</span> <span class='ocrx_word' id='word_1_75' title='bbox 1413 2183 1561 2256; x_wconf 91' lang='lat' dir='ltr'>sub</span> <span class='ocrx_word' id='word_1_76' title='bbox 1630 2179 2251 2260; x_wconf 79' lang='lat' dir='ltr'>conditionibuS,</span> 
     </span>
     <span class='ocr_line' id='line_1_17' title="bbox 708 2298 2256 2392; baseline -0.005 -19"><span class='ocrx_word' id='word_1_77' title='bbox 708 2305 787 2376; x_wconf 91' lang='lat' dir='ltr'>et</span> <span class='ocrx_word' id='word_1_78' title='bbox 824 2301 1413 2384; x_wconf 79' lang='lat' dir='ltr'>materialibuS,</span> <span class='ocrx_word' id='word_1_79' title='bbox 1453 2300 1597 2373; x_wconf 91' lang='lat' dir='ltr'>sub</span> <span class='ocrx_word' id='word_1_80' title='bbox 1631 2298 1917 2392; x_wconf 92' lang='lat' dir='ltr'>quibus</span> <span class='ocrx_word' id='word_1_81' title='bbox 1964 2316 2256 2388; x_wconf 61' lang='lat' dir='ltr'>reprae-</span> 
     </span>
     <span class='ocr_line' id='line_1_18' title="bbox 709 2411 2257 2508; baseline -0.006 -19"><span class='ocrx_word' id='word_1_82' title='bbox 709 2415 1087 2491; x_wconf 84' lang='lat' dir='ltr'>sentabat</span> <span class='ocrx_word' id='word_1_83' title='bbox 1158 2414 1604 2508; x_wconf 88' lang='lat' dir='ltr'>singulare,</span> <span class='ocrx_word' id='word_1_84' title='bbox 1655 2417 1743 2488; x_wconf 92' lang='lat' dir='ltr'>ut</span> <span class='ocrx_word' id='word_1_85' title='bbox 1776 2411 2257 2487; x_wconf 86' lang='lat' dir='ltr'>determina-</span> 
     </span>
     <span class='ocr_line' id='line_1_19' title="bbox 707 2528 2257 2626; baseline -0.006 -20"><span class='ocrx_word' id='word_1_86' title='bbox 707 2536 881 2606; x_wconf 89' lang='lat' dir='ltr'>tum</span> <span class='ocrx_word' id='word_1_87' title='bbox 913 2537 1063 2617; x_wconf 89' lang='lat' dir='ltr'>est,</span> <span class='ocrx_word' id='word_1_88' title='bbox 1104 2532 1600 2626; x_wconf 92' lang='lat' dir='ltr'>multiplicat</span> <span class='ocrx_word' id='word_1_89' title='bbox 1643 2528 2257 2603; x_wconf 87' lang='lat' dir='ltr'>similitudinem</span> 
     </span>
     <span class='ocr_line' id='line_1_20' title="bbox 712 2647 2260 2743; baseline -0.007 -19"><span class='ocrx_word' id='word_1_90' title='bbox 712 2671 945 2724; x_wconf 88' lang='lat' dir='ltr'>suam</span> <span class='ocrx_word' id='word_1_91' title='bbox 987 2671 1240 2743; x_wconf 88' lang='lat' dir='ltr'>usque</span> <span class='ocrx_word' id='word_1_92' title='bbox 1292 2650 1388 2724; x_wconf 92' lang='lat' dir='ltr'>ad</span> <span class='ocrx_word' id='word_1_93' title='bbox 1430 2647 1969 2727; x_wconf 91' lang='lat' dir='ltr'>intellectum,</span> <span class='ocrx_word' id='word_1_94' title='bbox 2023 2664 2260 2737; x_wconf 88' lang='lat' dir='ltr'>prop-</span> 
     </span>
     <span class='ocr_line' id='line_1_21' title="bbox 713 2762 2261 2841; baseline -0.006 0"><span class='ocrx_word' id='word_1_95' title='bbox 713 2771 842 2841; x_wconf 93' lang='lat' dir='ltr'>ter</span> <span class='ocrx_word' id='word_1_96' title='bbox 881 2768 1082 2841; x_wconf 88' lang='lat' dir='ltr'>duas</span> <span class='ocrx_word' id='word_1_97' title='bbox 1140 2765 1505 2841; x_wconf 87' lang='lat' dir='ltr'>rationes</span> <span class='ocrx_word' id='word_1_98' title='bbox 1576 2762 2037 2838; x_wconf 89' lang='lat' dir='ltr'>immediate</span> <span class='ocrx_word' id='word_1_99' title='bbox 2099 2765 2261 2833; x_wconf 90' lang='lat' dir='ltr'>tac-</span> 
     </span>
     <span class='ocr_line' id='line_1_22' title="bbox 713 2887 867 2957; baseline -0.032 0"><span class='ocrx_word' id='word_1_100' title='bbox 713 2887 867 2957; x_wconf 90' lang='lat' dir='ltr'>tas.</span> 
     </span>
    </p>
   </div>
   <div class='ocr_carea' id='block_1_3' title="bbox 806 2991 2264 3092">
    <p class='ocr_par' dir='ltr' id='par_1_3' title="bbox 806 2991 2264 3092">
     <span class='ocr_line' id='line_1_23' title="bbox 806 2991 2264 3092; baseline -0.009 -17"><span class='ocrx_word' id='word_1_101' title='bbox 806 3003 953 3075; x_wconf 91' lang='lat' dir='ltr'>Est</span> <span class='ocrx_word' id='word_1_102' title='bbox 974 2998 1231 3092; x_wconf 90' lang='lat' dir='ltr'>igitur</span> <span class='ocrx_word' id='word_1_103' title='bbox 1253 2998 1333 3070; x_wconf 92' lang='lat' dir='ltr'>in</span> <span class='ocrx_word' id='word_1_104' title='bbox 1357 3001 1593 3091; x_wconf 90' lang='lat' dir='ltr'>parte</span> <span class='ocrx_word' id='word_1_105' title='bbox 1620 2994 2113 3092; x_wconf 79' lang='lat' dir='ltr'>intellectiva</span> <span class='ocrx_word' id='word_1_106' title='bbox 2135 2991 2264 3063; x_wconf 89' lang='lat' dir='ltr'>du-</span> 
     </span>
    </p>
   </div>
   <div class='ocr_carea' id='block_1_4' title="bbox 709 3113 2260 3448">
    <p class='ocr_par' dir='ltr' id='par_1_4' title="bbox 709 3113 2260 3448">
     <span class='ocr_line' id='line_1_24' title="bbox 716 3113 2260 3213; baseline -0.008 -21"><span class='ocrx_word' id='word_1_107' title='bbox 716 3119 901 3213; x_wconf 85' lang='lat' dir='ltr'>plex</span> <span class='ocrx_word' id='word_1_108' title='bbox 939 3115 1396 3191; x_wconf 87' lang='lat' dir='ltr'>differentia</span> <span class='ocrx_word' id='word_1_109' title='bbox 1455 3113 1940 3193; x_wconf 87' lang='lat' dir='ltr'>intellectus,</span> <span class='ocrx_word' id='word_1_110' title='bbox 2011 3130 2260 3203; x_wconf 87' lang='lat' dir='ltr'>agens</span> 
     </span>
     <span class='ocr_line' id='line_1_25' title="bbox 713 3229 2259 3330; baseline -0.006 -20"><span class='ocrx_word' id='word_1_111' title='bbox 713 3240 794 3312; x_wconf 88' lang='lat' dir='ltr'>et</span> <span class='ocrx_word' id='word_1_112' title='bbox 874 3233 1315 3330; x_wconf 89' lang='lat' dir='ltr'>possibilis.</span> <span class='ocrx_word' id='word_1_113' title='bbox 1416 3234 1685 3323; x_wconf 87' lang='lat' dir='ltr'>Agens</span> <span class='ocrx_word' id='word_1_114' title='bbox 1796 3229 2259 3304; x_wconf 87' lang='lat' dir='ltr'>intellectus</span> 
     </span>
     <span class='ocr_line' id='line_1_26' title="bbox 709 3346 2260 3448; baseline -0.007 -20"><span class='ocrx_word' id='word_1_115' title='bbox 709 3353 1088 3448; x_wconf 90' lang='lat' dir='ltr'>speciem,</span> <span class='ocrx_word' id='word_1_116' title='bbox 1136 3372 1310 3444; x_wconf 82' lang='lat' dir='ltr'>quae</span> <span class='ocrx_word' id='word_1_117' title='bbox 1352 3347 1896 3424; x_wconf 88' lang='lat' dir='ltr'>determinata</span> <span class='ocrx_word' id='word_1_118' title='bbox 1954 3350 2136 3420; x_wconf 91' lang='lat' dir='ltr'>erat</span> <span class='ocrx_word' id='word_1_119' title='bbox 2182 3346 2260 3418; x_wconf 93' lang='lat' dir='ltr'>in</span> 
     </span>
    </p>
   </div>
   <div class='ocr_carea' id='block_1_5' title="bbox 707 3460 2294 3567">
    <p class='ocr_par' dir='ltr' id='par_1_5' title="bbox 707 3460 2294 3567">
     <span class='ocr_line' id='line_1_27' title="bbox 707 3460 2294 3567; baseline -0.008 -24"><span class='ocrx_word' id='word_1_120' title='bbox 707 3468 1168 3564; x_wconf 84' lang='lat' dir='ltr'>phantasia,</span> <span class='ocrx_word' id='word_1_121' title='bbox 1239 3465 1367 3538; x_wconf 89' lang='lat' dir='ltr'>vel</span> <span class='ocrx_word' id='word_1_122' title='bbox 1463 3464 1541 3537; x_wconf 94' lang='lat' dir='ltr'>in</span> <span class='ocrx_word' id='word_1_123' title='bbox 1635 3460 2294 3567; x_wconf 45' lang='lat' dir='ltr'>imaginatione„</span> 
     </span>
    </p>
   </div>
   <div class='ocr_carea' id='block_1_6' title="bbox 694 3580 2260 5535">
    <p class='ocr_par' dir='ltr' id='par_1_6' title="bbox 694 3580 2260 5535">
     <span class='ocr_line' id='line_1_28' title="bbox 716 3580 2260 3663; baseline -0.004 -4"><span class='ocrx_word' id='word_1_124' title='bbox 716 3588 956 3663; x_wconf 88' lang='lat' dir='ltr'>habet</span> <span class='ocrx_word' id='word_1_125' title='bbox 1022 3586 1426 3659; x_wconf 87' lang='lat' dir='ltr'>denudare</span> <span class='ocrx_word' id='word_1_126' title='bbox 1502 3584 1582 3655; x_wconf 92' lang='lat' dir='ltr'>et</span> <span class='ocrx_word' id='word_1_127' title='bbox 1659 3580 2141 3656; x_wconf 85' lang='lat' dir='ltr'>abstrahere</span> <span class='ocrx_word' id='word_1_128' title='bbox 2212 3600 2260 3653; x_wconf 90' lang='lat' dir='ltr'>a</span> 
     </span>
     <span class='ocr_line' id='line_1_29' title="bbox 708 3696 2260 3779; baseline -0.008 0"><span class='ocrx_word' id='word_1_129' title='bbox 708 3701 1311 3779; x_wconf 89' lang='lat' dir='ltr'>conditionibus</span> <span class='ocrx_word' id='word_1_130' title='bbox 1356 3696 1948 3779; x_wconf 87' lang='lat' dir='ltr'>materialibus,</span> <span class='ocrx_word' id='word_1_131' title='bbox 2007 3702 2087 3772; x_wconf 91' lang='lat' dir='ltr'>et</span> <span class='ocrx_word' id='word_1_132' title='bbox 2148 3697 2260 3770; x_wconf 92' lang='lat' dir='ltr'>in-</span> 
     </span>
     <span class='ocr_line' id='line_1_30' title="bbox 708 3813 2256 3908; baseline -0.008 -12"><span class='ocrx_word' id='word_1_133' title='bbox 708 3820 1331 3900; x_wconf 87' lang='lat' dir='ltr'>dividuantibus,</span> <span class='ocrx_word' id='word_1_134' title='bbox 1416 3835 1595 3908; x_wconf 84' lang='lat' dir='ltr'>quae</span> <span class='ocrx_word' id='word_1_135' title='bbox 1674 3813 1985 3907; x_wconf 90' lang='lat' dir='ltr'>species</span> <span class='ocrx_word' id='word_1_136' title='bbox 2069 3815 2256 3886; x_wconf 91' lang='lat' dir='ltr'>dum</span> 
     </span>
     <span class='ocr_line' id='line_1_31' title="bbox 705 3928 2260 4029; baseline -0.005 -18"><span class='ocrx_word' id='word_1_137' title='bbox 705 3938 822 4013; x_wconf 92' lang='lat' dir='ltr'>sic</span> <span class='ocrx_word' id='word_1_138' title='bbox 854 3940 980 4013; x_wconf 90' lang='lat' dir='ltr'>est</span> <span class='ocrx_word' id='word_1_139' title='bbox 1047 3940 1385 4029; x_wconf 88' lang='lat' dir='ltr'>accepta</span> <span class='ocrx_word' id='word_1_140' title='bbox 1432 3936 1512 4007; x_wconf 92' lang='lat' dir='ltr'>et</span> <span class='ocrx_word' id='word_1_141' title='bbox 1553 3931 1972 4013; x_wconf 90' lang='lat' dir='ltr'>denudata,</span> <span class='ocrx_word' id='word_1_142' title='bbox 2018 3928 2260 4003; x_wconf 90' lang='lat' dir='ltr'>habet</span> 
     </span>
     <span class='ocr_line' id='line_1_32' title="bbox 707 4049 2256 4141; baseline -0.007 -12"><span class='ocrx_word' id='word_1_143' title='bbox 707 4056 1116 4133; x_wconf 91' lang='lat' dir='ltr'>rationem</span> <span class='ocrx_word' id='word_1_144' title='bbox 1159 4049 1659 4125; x_wconf 89' lang='lat' dir='ltr'>universalis</span> <span class='ocrx_word' id='word_1_145' title='bbox 1697 4049 1777 4121; x_wconf 93' lang='lat' dir='ltr'>in</span> <span class='ocrx_word' id='word_1_146' title='bbox 1812 4067 2256 4141; x_wconf 85' lang='lat' dir='ltr'>repracsen-</span> 
     </span>
     <span class='ocr_line' id='line_1_33' title="bbox 707 4163 2256 4259; baseline -0.01 -9"><span class='ocrx_word' id='word_1_147' title='bbox 707 4174 975 4250; x_wconf 89' lang='lat' dir='ltr'>tando.</span> <span class='ocrx_word' id='word_1_148' title='bbox 1020 4170 1195 4244; x_wconf 89' lang='lat' dir='ltr'>Tali</span> <span class='ocrx_word' id='word_1_149' title='bbox 1254 4170 1529 4242; x_wconf 90' lang='lat' dir='ltr'>autem</span> <span class='ocrx_word' id='word_1_150' title='bbox 1593 4165 1857 4259; x_wconf 91' lang='lat' dir='ltr'>specie</span> <span class='ocrx_word' id='word_1_151' title='bbox 1918 4164 2032 4236; x_wconf 90' lang='lat' dir='ltr'>sic</span> <span class='ocrx_word' id='word_1_152' title='bbox 2083 4163 2256 4235; x_wconf 85' lang='lat' dir='ltr'>abs-</span> 
     </span>
     <span class='ocr_line' id='line_1_34' title="bbox 705 4278 2256 4381; baseline -0.01 -16"><span class='ocrx_word' id='word_1_153' title='bbox 705 4295 1021 4373; x_wconf 87' lang='lat' dir='ltr'>tracta,</span> <span class='ocrx_word' id='word_1_154' title='bbox 1114 4288 1710 4381; x_wconf 83' lang='lat' dir='ltr'>repraesentata</span> <span class='ocrx_word' id='word_1_155' title='bbox 1808 4278 2256 4354; x_wconf 89' lang='lat' dir='ltr'>intellectui</span> 
     </span>
     <span class='ocr_line' id='line_1_35' title="bbox 708 4396 2256 4501; baseline -0.008 -21"><span class='ocrx_word' id='word_1_156' title='bbox 708 4404 1078 4501; x_wconf 89' lang='lat' dir='ltr'>possibili</span> <span class='ocrx_word' id='word_1_157' title='bbox 1174 4399 1705 4495; x_wconf 84' lang='lat' dir='ltr'>apprehendit</span> <span class='ocrx_word' id='word_1_158' title='bbox 1793 4396 2086 4490; x_wconf 90' lang='lat' dir='ltr'>primo,</span> <span class='ocrx_word' id='word_1_159' title='bbox 2174 4398 2256 4468; x_wconf 91' lang='lat' dir='ltr'>et</span> 
     </span>
     <span class='ocr_line' id='line_1_36' title="bbox 704 4513 2255 4618; baseline -0.007 -20"><span class='ocrx_word' id='word_1_160' title='bbox 704 4544 851 4618; x_wconf 90' lang='lat' dir='ltr'>per</span> <span class='ocrx_word' id='word_1_161' title='bbox 919 4543 1027 4606; x_wconf 88' lang='lat' dir='ltr'>se,</span> <span class='ocrx_word' id='word_1_162' title='bbox 1092 4524 1172 4594; x_wconf 92' lang='lat' dir='ltr'>et</span> <span class='ocrx_word' id='word_1_163' title='bbox 1238 4519 1544 4594; x_wconf 91' lang='lat' dir='ltr'>directe</span> <span class='ocrx_word' id='word_1_164' title='bbox 1612 4513 2099 4594; x_wconf 90' lang='lat' dir='ltr'>universale,</span> <span class='ocrx_word' id='word_1_165' title='bbox 2175 4516 2255 4587; x_wconf 91' lang='lat' dir='ltr'>ct</span> 
     </span>
     <span class='ocr_line' id='line_1_37' title="bbox 702 4632 2254 4733; baseline -0.008 -18"><span class='ocrx_word' id='word_1_166' title='bbox 702 4642 819 4715; x_wconf 90' lang='lat' dir='ltr'>sic</span> <span class='ocrx_word' id='word_1_167' title='bbox 870 4638 1231 4733; x_wconf 85' lang='lat' dir='ltr'>cognitio</span> <span class='ocrx_word' id='word_1_168' title='bbox 1300 4634 1789 4711; x_wconf 90' lang='lat' dir='ltr'>universalis</span> <span class='ocrx_word' id='word_1_169' title='bbox 1832 4632 1922 4706; x_wconf 84' lang='lat' dir='ltr'>fit</span> <span class='ocrx_word' id='word_1_170' title='bbox 1979 4652 2254 4704; x_wconf 89' lang='lat' dir='ltr'>secun-</span> 
     </span>
     <span class='ocr_line' id='line_1_38' title="bbox 700 4745 2254 4844; baseline -0.006 -17"><span class='ocrx_word' id='word_1_171' title='bbox 700 4754 889 4827; x_wconf 92' lang='lat' dir='ltr'>dum</span> <span class='ocrx_word' id='word_1_172' title='bbox 932 4753 1257 4826; x_wconf 91' lang='lat' dir='ltr'>modum</span> <span class='ocrx_word' id='word_1_173' title='bbox 1307 4749 1744 4844; x_wconf 89' lang='lat' dir='ltr'>cujuslibet</span> <span class='ocrx_word' id='word_1_174' title='bbox 1789 4745 2021 4819; x_wconf 83' lang='lat' dir='ltr'>lineae</span> <span class='ocrx_word' id='word_1_175' title='bbox 2080 4764 2254 4818; x_wconf 89' lang='lat' dir='ltr'>rec-</span> 
     </span>
     <span class='ocr_line' id='line_1_39' title="bbox 700 4865 2254 4963; baseline -0.006 -18"><span class='ocrx_word' id='word_1_176' title='bbox 700 4876 829 4955; x_wconf 80' lang='lat' dir='ltr'>tae,</span> <span class='ocrx_word' id='word_1_177' title='bbox 901 4869 1131 4963; x_wconf 89' lang='lat' dir='ltr'>cujus</span> <span class='ocrx_word' id='word_1_178' title='bbox 1215 4866 1709 4962; x_wconf 90' lang='lat' dir='ltr'>principium</span> <span class='ocrx_word' id='word_1_179' title='bbox 1779 4884 1825 4935; x_wconf 91' lang='lat' dir='ltr'>a</span> <span class='ocrx_word' id='word_1_180' title='bbox 1880 4882 2061 4953; x_wconf 90' lang='lat' dir='ltr'>quo,</span> <span class='ocrx_word' id='word_1_181' title='bbox 2128 4865 2254 4935; x_wconf 93' lang='lat' dir='ltr'>est</span> 
     </span>
     <span class='ocr_line' id='line_1_40' title="bbox 700 4977 2250 5085; baseline -0.01 -22"><span class='ocrx_word' id='word_1_182' title='bbox 700 4990 968 5085; x_wconf 88' lang='lat' dir='ltr'>ipsum</span> <span class='ocrx_word' id='word_1_183' title='bbox 1038 4984 1457 5079; x_wconf 88' lang='lat' dir='ltr'>singulare</span> <span class='ocrx_word' id='word_1_184' title='bbox 1520 4985 1609 5056; x_wconf 91' lang='lat' dir='ltr'>ut</span> <span class='ocrx_word' id='word_1_185' title='bbox 1689 4977 2109 5070; x_wconf 90' lang='lat' dir='ltr'>cognitum</span> <span class='ocrx_word' id='word_1_186' title='bbox 2170 4977 2250 5048; x_wconf 92' lang='lat' dir='ltr'>in</span> 
     </span>
     <span class='ocr_line' id='line_1_41' title="bbox 698 5094 2247 5203; baseline -0.009 -22"><span class='ocrx_word' id='word_1_187' title='bbox 698 5107 1270 5203; x_wconf 88' lang='lat' dir='ltr'>phantasmate</span> <span class='ocrx_word' id='word_1_188' title='bbox 1334 5128 1348 5171; x_wconf 91' lang='lat'>:</span> <span class='ocrx_word' id='word_1_189' title='bbox 1395 5103 1744 5194; x_wconf 88' lang='lat' dir='ltr'>punctus</span> <span class='ocrx_word' id='word_1_190' title='bbox 1795 5094 2062 5168; x_wconf 89' lang='lat' dir='ltr'>finalis</span> <span class='ocrx_word' id='word_1_191' title='bbox 2122 5099 2247 5167; x_wconf 87' lang='lat' dir='ltr'>est</span> 
     </span>
     <span class='ocr_line' id='line_1_42' title="bbox 702 5212 2246 5309; baseline -0.01 -12"><span class='ocrx_word' id='word_1_192' title='bbox 702 5221 1191 5303; x_wconf 86' lang='lat' dir='ltr'>universale,</span> <span class='ocrx_word' id='word_1_193' title='bbox 1230 5222 1318 5293; x_wconf 94' lang='lat' dir='ltr'>ut</span> <span class='ocrx_word' id='word_1_194' title='bbox 1357 5215 1779 5309; x_wconf 92' lang='lat' dir='ltr'>cognitum</span> <span class='ocrx_word' id='word_1_195' title='bbox 1814 5212 1893 5285; x_wconf 94' lang='lat' dir='ltr'>in</span> <span class='ocrx_word' id='word_1_196' title='bbox 1926 5212 2246 5284; x_wconf 90' lang='lat' dir='ltr'>ratione</span> 
     </span>
     <span class='ocr_line' id='line_1_43' title="bbox 697 5328 2244 5413; baseline -0.012 0"><span class='ocrx_word' id='word_1_197' title='bbox 697 5335 1144 5413; x_wconf 90' lang='lat' dir='ltr'>universali</span> <span class='ocrx_word' id='word_1_198' title='bbox 1189 5333 1632 5407; x_wconf 88' lang='lat' dir='ltr'>abstracta.</span> <span class='ocrx_word' id='word_1_199' title='bbox 1707 5328 1930 5401; x_wconf 83' lang='lat' dir='ltr'>Sicut</span> <span class='ocrx_word' id='word_1_200' title='bbox 1971 5330 2244 5399; x_wconf 89' lang='lat' dir='ltr'>autem</span> 
     </span>
     <span class='ocr_line' id='line_1_44' title="bbox 694 5446 2241 5535; baseline -0.01 -6"><span class='ocrx_word' id='word_1_201' title='bbox 694 5457 911 5532; x_wconf 89' lang='lat' dir='ltr'>linea</span> <span class='ocrx_word' id='word_1_202' title='bbox 946 5456 1197 5533; x_wconf 87' lang='lat' dir='ltr'>recta,</span> <span class='ocrx_word' id='word_1_203' title='bbox 1245 5449 1313 5521; x_wconf 90' lang='lat' dir='ltr'>si</span> <span class='ocrx_word' id='word_1_204' title='bbox 1355 5446 1829 5521; x_wconf 88' lang='lat' dir='ltr'>reflectatur</span> <span class='ocrx_word' id='word_1_205' title='bbox 1872 5446 2241 5535; x_wconf 92' lang='lat' dir='ltr'>apuncto</span> 
     </span>
    </p>
   </div>
   <div class='ocr_carea' id='block_1_7' title="bbox 696 5561 2244 5669">
    <p class='ocr_par' dir='ltr' id='par_1_7' title="bbox 696 5561 2244 5669">
     <span class='ocr_line' id='line_1_45' title="bbox 696 5561 2244 5669; baseline -0.013 -20"><span class='ocrx_word' id='word_1_206' title='bbox 696 5574 795 5649; x_wconf 91' lang='lat' dir='ltr'>ad</span> <span class='ocrx_word' id='word_1_207' title='bbox 826 5575 1241 5669; x_wconf 89' lang='lat' dir='ltr'>punctum,</span> <span class='ocrx_word' id='word_1_208' title='bbox 1280 5569 1361 5643; x_wconf 92' lang='lat' dir='ltr'>et</span> <span class='ocrx_word' id='word_1_209' title='bbox 1390 5564 1573 5638; x_wconf 88' lang='lat' dir='ltr'>finis</span> <span class='ocrx_word' id='word_1_210' title='bbox 1616 5561 2018 5656; x_wconf 89' lang='lat' dir='ltr'>principio</span> <span class='ocrx_word' id='word_1_211' title='bbox 2060 5579 2244 5634; x_wconf 90' lang='lat' dir='ltr'>con-</span> 
     </span>
    </p>
   </div>
   <div class='ocr_carea' id='block_1_8' title="bbox 1875 375 2719 442">
    <p class='ocr_par' dir='ltr' id='par_1_8' title="bbox 1875 375 2719 442">
     <span class='ocr_line' id='line_1_46' title="bbox 1875 375 2719 442; baseline 0.005 -4"><span class='ocrx_word' id='word_1_212' title='bbox 1875 377 1979 439; x_wconf 78' lang='lat' dir='ltr'>DE</span> <span class='ocrx_word' id='word_1_213' title='bbox 2021 376 2289 440; x_wconf 85' lang='lat' dir='ltr'>RERUM</span> <span class='ocrx_word' id='word_1_214' title='bbox 2331 375 2719 442; x_wconf 82' lang='lat' dir='ltr'><strong>PRINCIPIO</strong></span> 
     </span>
    </p>
   </div>
   <div class='ocr_carea' id='block_1_9' title="bbox 2351 537 3906 5658">
    <p class='ocr_par' dir='ltr' id='par_1_9' title="bbox 2351 537 3906 5658">
     <span class='ocr_line' id='line_1_47' title="bbox 2355 537 3874 637; baseline 0.006 -29"><span class='ocrx_word' id='word_1_215' title='bbox 2355 537 2780 629; x_wconf 89' lang='lat' dir='ltr'>jungatur,</span> <span class='ocrx_word' id='word_1_216' title='bbox 2825 539 3007 613; x_wconf 88' lang='lat' dir='ltr'>finis</span> <span class='ocrx_word' id='word_1_217' title='bbox 3049 543 3126 614; x_wconf 91' lang='lat' dir='ltr'>et</span> <span class='ocrx_word' id='word_1_218' title='bbox 3182 543 3668 637; x_wconf 86' lang='lat' dir='ltr'>principium</span> <span class='ocrx_word' id='word_1_219' title='bbox 3715 548 3874 617; x_wconf 86' lang='lat' dir='ltr'>sunt</span> 
     </span>
     <span class='ocr_line' id='line_1_48' title="bbox 2367 654 3876 744; baseline 0.006 -20"><span class='ocrx_word' id='word_1_220' title='bbox 2367 654 2572 727; x_wconf 91' lang='lat' dir='ltr'>idem</span> <span class='ocrx_word' id='word_1_221' title='bbox 2610 677 2718 738; x_wconf 91' lang='lat' dir='ltr'>re,</span> <span class='ocrx_word' id='word_1_222' title='bbox 2758 657 3216 733; x_wconf 85' lang='lat' dir='ltr'>differentia</span> <span class='ocrx_word' id='word_1_223' title='bbox 3252 660 3428 733; x_wconf 90' lang='lat' dir='ltr'>sola</span> <span class='ocrx_word' id='word_1_224' title='bbox 3456 661 3783 744; x_wconf 89' lang='lat' dir='ltr'>ratione,</span> <span class='ocrx_word' id='word_1_225' title='bbox 3811 663 3876 733; x_wconf 92' lang='lat' dir='ltr'>in</span> 
     </span>
     <span class='ocr_line' id='line_1_49' title="bbox 2369 772 3876 871; baseline 0.003 -31"><span class='ocrx_word' id='word_1_226' title='bbox 2369 772 2690 847; x_wconf 89' lang='lat' dir='ltr'>ratione</span> <span class='ocrx_word' id='word_1_227' title='bbox 2734 776 3042 850; x_wconf 88' lang='lat' dir='ltr'>scilicet</span> <span class='ocrx_word' id='word_1_228' title='bbox 3091 777 3298 859; x_wconf 86' lang='lat' dir='ltr'>finis,</span> <span class='ocrx_word' id='word_1_229' title='bbox 3345 782 3424 852; x_wconf 91' lang='lat' dir='ltr'>et</span> <span class='ocrx_word' id='word_1_230' title='bbox 3469 778 3825 871; x_wconf 85' lang='lat' dir='ltr'>principii</span> <span class='ocrx_word' id='word_1_231' title='bbox 3863 802 3876 845; x_wconf 73' lang='grc' dir='ltr'>ι</span> 
     </span>
     <span class='ocr_line' id='line_1_50' title="bbox 2368 888 3883 986; baseline 0.005 -27"><span class='ocrx_word' id='word_1_232' title='bbox 2368 888 2483 961; x_wconf 90' lang='lat' dir='ltr'>sic</span> <span class='ocrx_word' id='word_1_233' title='bbox 2509 889 2972 968; x_wconf 90' lang='lat' dir='ltr'>intellectus</span> <span class='ocrx_word' id='word_1_234' title='bbox 3009 894 3420 986; x_wconf 89' lang='lat' dir='ltr'>possibilis</span> <span class='ocrx_word' id='word_1_235' title='bbox 3457 894 3883 968; x_wconf 82' lang='lat' dir='ltr'>universale</span> 
     </span>
     <span class='ocr_line' id='line_1_51' title="bbox 2369 1007 3882 1105; baseline 0.005 -28"><span class='ocrx_word' id='word_1_236' title='bbox 2369 1007 2793 1082; x_wconf 83' lang='lat' dir='ltr'>reflectens</span> <span class='ocrx_word' id='word_1_237' title='bbox 2835 1012 3080 1102; x_wconf 85' lang='lat' dir='ltr'>(quod</span> <span class='ocrx_word' id='word_1_238' title='bbox 3148 1012 3593 1105; x_wconf 87' lang='lat' dir='ltr'>aspiciebat</span> <span class='ocrx_word' id='word_1_239' title='bbox 3656 1012 3730 1084; x_wconf 94' lang='lat' dir='ltr'>in</span> <span class='ocrx_word' id='word_1_240' title='bbox 3775 1033 3882 1084; x_wconf 91' lang='lat' dir='ltr'>ra-</span> 
     </span>
     <span class='ocr_line' id='line_1_52' title="bbox 2370 1124 3880 1222; baseline 0.009 -26"><span class='ocrx_word' id='word_1_241' title='bbox 2370 1124 2591 1198; x_wconf 89' lang='lat' dir='ltr'>tione</span> <span class='ocrx_word' id='word_1_242' title='bbox 2683 1128 3158 1221; x_wconf 88' lang='lat' dir='ltr'>abstracta)</span> <span class='ocrx_word' id='word_1_243' title='bbox 3255 1131 3350 1204; x_wconf 95' lang='lat' dir='ltr'>ad</span> <span class='ocrx_word' id='word_1_244' title='bbox 3463 1130 3880 1222; x_wconf 86' lang='lat' dir='ltr'>singulare.</span> 
     </span>
     <span class='ocr_line' id='line_1_53' title="bbox 2369 1242 3887 1341; baseline 0.005 -29"><span class='ocrx_word' id='word_1_245' title='bbox 2369 1242 2575 1332; x_wconf 91' lang='lat' dir='ltr'>quod</span> <span class='ocrx_word' id='word_1_246' title='bbox 2641 1249 3292 1336; x_wconf 87' lang='lat' dir='ltr'>repraesentatur</span> <span class='ocrx_word' id='word_1_247' title='bbox 3346 1247 3426 1320; x_wconf 92' lang='lat' dir='ltr'>in</span> <span class='ocrx_word' id='word_1_248' title='bbox 3476 1248 3735 1341; x_wconf 90' lang='lat' dir='ltr'>specie</span> <span class='ocrx_word' id='word_1_249' title='bbox 3782 1248 3887 1319; x_wconf 82' lang='lat' dir='ltr'>‹le-</span> 
     </span>
     <span class='ocr_line' id='line_1_54' title="bbox 2367 1358 3886 1457; baseline 0.005 -29"><span class='ocrx_word' id='word_1_250' title='bbox 2367 1358 2849 1444; x_wconf 89' lang='lat' dir='ltr'>terminata‚</span> <span class='ocrx_word' id='word_1_251' title='bbox 2925 1384 3060 1434; x_wconf 90' lang='lat' dir='ltr'>seu</span> <span class='ocrx_word' id='word_1_252' title='bbox 3145 1364 3224 1436; x_wconf 89' lang='lat' dir='ltr'>in</span> <span class='ocrx_word' id='word_1_253' title='bbox 3313 1362 3886 1457; x_wconf 85' lang='lat' dir='ltr'>phantasmate,</span> 
     </span>
     <span class='ocr_line' id='line_1_55' title="bbox 2364 1473 3889 1572; baseline 0.002 -26"><span class='ocrx_word' id='word_1_254' title='bbox 2364 1473 2560 1548; x_wconf 91' lang='lat' dir='ltr'>dicit</span> <span class='ocrx_word' id='word_1_255' title='bbox 2639 1480 2716 1550; x_wconf 92' lang='lat' dir='ltr'>et</span> <span class='ocrx_word' id='word_1_256' title='bbox 2764 1479 3211 1570; x_wconf 80' lang='lat' dir='ltr'>cognoscit,</span> <span class='ocrx_word' id='word_1_257' title='bbox 3275 1481 3480 1572; x_wconf 90' lang='lat' dir='ltr'>quod</span> <span class='ocrx_word' id='word_1_258' title='bbox 3555 1480 3752 1554; x_wconf 89' lang='lat' dir='ltr'>idem</span> <span class='ocrx_word' id='word_1_259' title='bbox 3815 1500 3889 1549; x_wconf 90' lang='lat' dir='ltr'>re</span> 
     </span>
     <span class='ocr_line' id='line_1_56' title="bbox 2366 1593 3897 1690; baseline 0.003 -27"><span class='ocrx_word' id='word_1_260' title='bbox 2366 1595 2490 1665; x_wconf 88' lang='lat' dir='ltr'>est</span> <span class='ocrx_word' id='word_1_261' title='bbox 2541 1593 3001 1668; x_wconf 86' lang='lat' dir='ltr'>universale</span> <span class='ocrx_word' id='word_1_262' title='bbox 3052 1600 3131 1671; x_wconf 90' lang='lat' dir='ltr'>et</span> <span class='ocrx_word' id='word_1_263' title='bbox 3184 1597 3710 1690; x_wconf 90' lang='lat' dir='ltr'>particulare,</span> <span class='ocrx_word' id='word_1_264' title='bbox 3775 1595 3897 1670; x_wconf 83' lang='lat' dir='ltr'>dis-</span> 
     </span>
     <span class='ocr_line' id='line_1_57' title="bbox 2369 1705 3891 1796; baseline 0.004 -18"><span class='ocrx_word' id='word_1_265' title='bbox 2369 1705 2640 1783; x_wconf 88' lang='lat' dir='ltr'>serens</span> <span class='ocrx_word' id='word_1_266' title='bbox 2729 1713 2909 1786; x_wconf 92' lang='lat' dir='ltr'>sola</span> <span class='ocrx_word' id='word_1_267' title='bbox 2980 1713 3326 1796; x_wconf 88' lang='lat' dir='ltr'>ratione,</span> <span class='ocrx_word' id='word_1_268' title='bbox 3416 1719 3503 1789; x_wconf 91' lang='lat' dir='ltr'>ut</span> <span class='ocrx_word' id='word_1_269' title='bbox 3602 1714 3891 1788; x_wconf 86' lang='lat' dir='ltr'>scilieet</span> 
     </span>
     <span class='ocr_line' id='line_1_58' title="bbox 2369 1828 3897 1924; baseline 0.001 -28"><span class='ocrx_word' id='word_1_270' title='bbox 2369 1828 2801 1900; x_wconf 86' lang='lat' dir='ltr'>secundum</span> <span class='ocrx_word' id='word_1_271' title='bbox 2935 1832 3137 1922; x_wconf 91' lang='lat' dir='ltr'>quod</span> <span class='ocrx_word' id='word_1_272' title='bbox 3230 1830 3693 1924; x_wconf 88' lang='lat' dir='ltr'>concipitur</span> <span class='ocrx_word' id='word_1_273' title='bbox 3769 1828 3897 1900; x_wconf 89' lang='lat' dir='ltr'>sub</span> 
     </span>
     <span class='ocr_line' id='line_1_59' title="bbox 2367 1940 3897 2029; baseline 0.005 -18"><span class='ocrx_word' id='word_1_274' title='bbox 2367 1940 2931 2019; x_wconf 83' lang='lat' dir='ltr'>determinatis</span> <span class='ocrx_word' id='word_1_275' title='bbox 3000 1946 3618 2029; x_wconf 89' lang='lat' dir='ltr'>conditionibus,</span> <span class='ocrx_word' id='word_1_276' title='bbox 3682 1947 3897 2020; x_wconf 88' lang='lat' dir='ltr'>habet</span> 
     </span>
     <span class='ocr_line' id='line_1_60' title="bbox 2372 2061 3894 2155; baseline 0.004 -25"><span class='ocrx_word' id='word_1_277' title='bbox 2372 2061 2779 2134; x_wconf 90' lang='lat' dir='ltr'>rationem</span> <span class='ocrx_word' id='word_1_278' title='bbox 2823 2062 3294 2155; x_wconf 87' lang='lat' dir='ltr'>singularis,</span> <span class='ocrx_word' id='word_1_279' title='bbox 3342 2064 3469 2138; x_wconf 84' lang='lat' dir='ltr'>vel</span> <span class='ocrx_word' id='word_1_280' title='bbox 3513 2068 3601 2138; x_wconf 91' lang='lat' dir='ltr'>ut</span> <span class='ocrx_word' id='word_1_281' title='bbox 3652 2063 3894 2137; x_wconf 90' lang='lat' dir='ltr'>conci-</span> 
     </span>
     <span class='ocr_line' id='line_1_61' title="bbox 2371 2176 3894 2271; baseline 0.001 -22"><span class='ocrx_word' id='word_1_282' title='bbox 2371 2176 2596 2269; x_wconf 86' lang='lat' dir='ltr'>pitur</span> <span class='ocrx_word' id='word_1_283' title='bbox 2635 2179 2938 2271; x_wconf 89' lang='lat' dir='ltr'>absque</span> <span class='ocrx_word' id='word_1_284' title='bbox 2983 2179 3170 2263; x_wconf 91' lang='lat' dir='ltr'>illis,</span> <span class='ocrx_word' id='word_1_285' title='bbox 3218 2180 3456 2254; x_wconf 90' lang='lat' dir='ltr'>habet</span> <span class='ocrx_word' id='word_1_286' title='bbox 3510 2178 3894 2254; x_wconf 88' lang='lat' dir='ltr'>rationem</span> 
     </span>
     <span class='ocr_line' id='line_1_62' title="bbox 2372 2295 3894 2372; baseline 0.001 -8"><span class='ocrx_word' id='word_1_287' title='bbox 2372 2295 2886 2368; x_wconf 88' lang='lat' dir='ltr'>universalis.</span> <span class='ocrx_word' id='word_1_288' title='bbox 2924 2296 3089 2370; x_wconf 91' lang='lat' dir='ltr'>Nec</span> <span class='ocrx_word' id='word_1_289' title='bbox 3132 2297 3323 2371; x_wconf 91' lang='lat' dir='ltr'>talis</span> <span class='ocrx_word' id='word_1_290' title='bbox 3367 2296 3894 2372; x_wconf 89' lang='lat' dir='ltr'>consideratio</span> 
     </span>
     <span class='ocr_line' id='line_1_63' title="bbox 2368 2413 3892 2506; baseline 0.007 -23"><span class='ocrx_word' id='word_1_291' title='bbox 2368 2416 2494 2487; x_wconf 88' lang='lat' dir='ltr'>est</span> <span class='ocrx_word' id='word_1_292' title='bbox 2527 2413 2762 2495; x_wconf 80' lang='lat' dir='ltr'>falsa,</span> <span class='ocrx_word' id='word_1_293' title='bbox 2818 2413 3008 2506; x_wconf 87' lang='lat' dir='ltr'>quia</span> <span class='ocrx_word' id='word_1_294' title='bbox 3057 2434 3216 2489; x_wconf 93' lang='lat' dir='ltr'>non</span> <span class='ocrx_word' id='word_1_295' title='bbox 3258 2419 3381 2490; x_wconf 90' lang='lat' dir='ltr'>est</span> <span class='ocrx_word' id='word_1_296' title='bbox 3432 2414 3892 2493; x_wconf 77' lang='lat' dir='ltr'>abstractio,</span> 
     </span>
     <span class='ocr_line' id='line_1_64' title="bbox 2368 2529 3896 2615; baseline 0.004 -17"><span class='ocrx_word' id='word_1_297' title='bbox 2368 2529 2495 2601; x_wconf 87' lang='lat' dir='ltr'>vel</span> <span class='ocrx_word' id='word_1_298' title='bbox 2535 2531 3109 2607; x_wconf 87' lang='lat' dir='ltr'>determinatio</span> <span class='ocrx_word' id='word_1_299' title='bbox 3146 2533 3419 2615; x_wconf 89' lang='lat' dir='ltr'>realis,</span> <span class='ocrx_word' id='word_1_300' title='bbox 3467 2533 3600 2605; x_wconf 90' lang='lat' dir='ltr'>sed</span> <span class='ocrx_word' id='word_1_301' title='bbox 3642 2552 3896 2606; x_wconf 87' lang='lat' dir='ltr'>secun·</span> 
     </span>
     <span class='ocr_line' id='line_1_65' title="bbox 2369 2645 3683 2722; baseline 0.001 -6"><span class='ocrx_word' id='word_1_302' title='bbox 2369 2645 2556 2716; x_wconf 90' lang='lat' dir='ltr'>dum</span> <span class='ocrx_word' id='word_1_303' title='bbox 2602 2647 3342 2722; x_wconf 88' lang='lat' dir='ltr'>considerationem</span> <span class='ocrx_word' id='word_1_304' title='bbox 3395 2648 3683 2722; x_wconf 90' lang='lat' dir='ltr'>solum.</span> 
     </span>
     <span class='ocr_line' id='line_1_66' title="bbox 2463 2764 3896 2841; baseline -0.001 -5"><span class='ocrx_word' id='word_1_305' title='bbox 2463 2764 2912 2837; x_wconf 83' lang='lat' dir='ltr'>Secundum</span> <span class='ocrx_word' id='word_1_306' title='bbox 2953 2770 3228 2840; x_wconf 88' lang='lat' dir='ltr'>autem</span> <span class='ocrx_word' id='word_1_307' title='bbox 3288 2765 3536 2841; x_wconf 85' lang='lat' dir='ltr'>istum</span> <span class='ocrx_word' id='word_1_308' title='bbox 3591 2765 3896 2839; x_wconf 90' lang='lat' dir='ltr'>modum</span> 
     </span>
     <span class='ocr_line' id='line_1_67' title="bbox 2371 2881 3906 2977; baseline -0.001 -23"><span class='ocrx_word' id='word_1_309' title='bbox 2371 2881 2915 2965; x_wconf 91' lang='lat' dir='ltr'>abstrahendi,</span> <span class='ocrx_word' id='word_1_310' title='bbox 2961 2884 3245 2977; x_wconf 92' lang='lat' dir='ltr'>priora</span> <span class='ocrx_word' id='word_1_311' title='bbox 3309 2888 3388 2959; x_wconf 93' lang='lat' dir='ltr'>et</span> <span class='ocrx_word' id='word_1_312' title='bbox 3423 2883 3906 2958; x_wconf 83' lang='lat' dir='ltr'>universalia</span> 
     </span>
     <span class='ocr_line' id='line_1_68' title="bbox 2372 2997 3903 3094; baseline -0.002 -24"><span class='ocrx_word' id='word_1_313' title='bbox 2372 2997 2967 3075; x_wconf 89' lang='lat' dir='ltr'>abstrahuntur</span> <span class='ocrx_word' id='word_1_314' title='bbox 2990 3021 3037 3074; x_wconf 93' lang='lat' dir='ltr'>a</span> <span class='ocrx_word' id='word_1_315' title='bbox 3064 3000 3683 3094; x_wconf 88' lang='lat' dir='ltr'>posterioribus,</span> <span class='ocrx_word' id='word_1_316' title='bbox 3727 2998 3903 3092; x_wconf 85' lang='lat' dir='ltr'>quia</span> 
     </span>
     <span class='ocr_line' id='line_1_69' title="bbox 2373 3116 3905 3208; baseline -0.003 -20"><span class='ocrx_word' id='word_1_317' title='bbox 2373 3116 2791 3208; x_wconf 89' lang='lat' dir='ltr'>posterius</span> <span class='ocrx_word' id='word_1_318' title='bbox 2859 3118 3013 3192; x_wconf 85' lang='lat' dir='ltr'>etsi</span> <span class='ocrx_word' id='word_1_319' title='bbox 3085 3118 3193 3192; x_wconf 90' lang='lat' dir='ltr'>sit</span> <span class='ocrx_word' id='word_1_320' title='bbox 3271 3118 3475 3192; x_wconf 89' lang='lat' dir='ltr'>idem</span> <span class='ocrx_word' id='word_1_321' title='bbox 3557 3139 3643 3191; x_wconf 91' lang='lat' dir='ltr'>re</span> <span class='ocrx_word' id='word_1_322' title='bbox 3730 3135 3905 3188; x_wconf 86' lang='lat' dir='ltr'>cum</span> 
     </span>
     <span class='ocr_line' id='line_1_70' title="bbox 2375 3232 3905 3328; baseline 0.001 -26"><span class='ocrx_word' id='word_1_323' title='bbox 2375 3232 2661 3325; x_wconf 89' lang='lat' dir='ltr'>priori,</span> <span class='ocrx_word' id='word_1_324' title='bbox 2699 3238 2779 3309; x_wconf 91' lang='lat' dir='ltr'>et</span> <span class='ocrx_word' id='word_1_325' title='bbox 2822 3235 3284 3308; x_wconf 86' lang='lat' dir='ltr'>universale</span> <span class='ocrx_word' id='word_1_326' title='bbox 3337 3256 3522 3308; x_wconf 91' lang='lat' dir='ltr'>cum</span> <span class='ocrx_word' id='word_1_327' title='bbox 3566 3233 3905 3328; x_wconf 85' lang='lat' dir='ltr'>particu-</span> 
     </span>
     <span class='ocr_line' id='line_1_71' title="bbox 2374 3349 3905 3444; baseline 0.001 -25"><span class='ocrx_word' id='word_1_328' title='bbox 2374 3349 2557 3432; x_wconf 89' lang='lat' dir='ltr'>lari,</span> <span class='ocrx_word' id='word_1_329' title='bbox 2603 3369 2764 3422; x_wconf 92' lang='lat' dir='ltr'>non</span> <span class='ocrx_word' id='word_1_330' title='bbox 2809 3355 3081 3425; x_wconf 88' lang='lat' dir='ltr'>tamen</span> <span class='ocrx_word' id='word_1_331' title='bbox 3135 3352 3546 3444; x_wconf 87' lang='lat' dir='ltr'>posterius</span> <span class='ocrx_word' id='word_1_332' title='bbox 3605 3351 3728 3425; x_wconf 91' lang='lat' dir='ltr'>vel</span> <span class='ocrx_word' id='word_1_333' title='bbox 3759 3351 3905 3424; x_wconf 88' lang='lat' dir='ltr'>sin·</span> 
     </span>
     <span class='ocr_line' id='line_1_72' title="bbox 2372 3465 3905 3562; baseline 0.001 -26"><span class='ocrx_word' id='word_1_334' title='bbox 2372 3465 2684 3557; x_wconf 86' lang='lat' dir='ltr'>gulare,</span> <span class='ocrx_word' id='word_1_335' title='bbox 2733 3471 2859 3542; x_wconf 92' lang='lat' dir='ltr'>est</span> <span class='ocrx_word' id='word_1_336' title='bbox 2906 3468 2997 3540; x_wconf 91' lang='lat' dir='ltr'>de</span> <span class='ocrx_word' id='word_1_337' title='bbox 3046 3468 3365 3542; x_wconf 90' lang='lat' dir='ltr'>ratione</span> <span class='ocrx_word' id='word_1_338' title='bbox 3417 3468 3744 3562; x_wconf 76' lang='lat' dir='ltr'>prioriS,</span> <span class='ocrx_word' id='word_1_339' title='bbox 3787 3466 3905 3539; x_wconf 85' lang='lat' dir='ltr'>vel</span> 
     </span>
     <span class='ocr_line' id='line_1_73' title="bbox 2373 3581 3903 3658; baseline 0 -6"><span class='ocrx_word' id='word_1_340' title='bbox 2373 3581 2887 3656; x_wconf 88' lang='lat' dir='ltr'>universalis.</span> <span class='ocrx_word' id='word_1_341' title='bbox 2979 3587 3078 3657; x_wconf 82' lang='lat' dir='ltr'>Et</span> <span class='ocrx_word' id='word_1_342' title='bbox 3158 3585 3593 3658; x_wconf 88' lang='lat' dir='ltr'>secundum</span> <span class='ocrx_word' id='word_1_343' title='bbox 3671 3584 3903 3658; x_wconf 89' lang='lat' dir='ltr'>istum</span> 
     </span>
     <span class='ocr_line' id='line_1_74' title="bbox 2373 3700 3903 3793; baseline 0.001 -24"><span class='ocrx_word' id='word_1_344' title='bbox 2373 3700 2696 3771; x_wconf 89' lang='lat' dir='ltr'>modum</span> <span class='ocrx_word' id='word_1_345' title='bbox 2754 3703 3021 3793; x_wconf 86' lang='lat' dir='ltr'>potest</span> <span class='ocrx_word' id='word_1_346' title='bbox 3088 3701 3593 3774; x_wconf 89' lang='lat' dir='ltr'>considerari</span> <span class='ocrx_word' id='word_1_347' title='bbox 3637 3704 3903 3776; x_wconf 90' lang='lat' dir='ltr'>Socra·</span> 
     </span>
     <span class='ocr_line' id='line_1_75' title="bbox 2369 3815 3902 3910; baseline -0.001 -23"><span class='ocrx_word' id='word_1_348' title='bbox 2369 3818 2491 3888; x_wconf 90' lang='lat' dir='ltr'>tes</span> <span class='ocrx_word' id='word_1_349' title='bbox 2521 3815 2999 3908; x_wconf 88' lang='lat' dir='ltr'>inquantum</span> <span class='ocrx_word' id='word_1_350' title='bbox 3032 3815 3298 3900; x_wconf 94' lang='lat' dir='ltr'>homo,</span> <span class='ocrx_word' id='word_1_351' title='bbox 3327 3821 3407 3892; x_wconf 89' lang='lat' dir='ltr'>et</span> <span class='ocrx_word' id='word_1_352' title='bbox 3443 3818 3902 3910; x_wconf 89' lang='lat' dir='ltr'>inquantum</span> 
     </span>
     <span class='ocr_line' id='line_1_76' title="bbox 2371 3928 3905 4026; baseline -0.002 -22"><span class='ocrx_word' id='word_1_353' title='bbox 2371 3932 2781 4014; x_wconf 78' lang='lat' dir='ltr'>socrates,</span> <span class='ocrx_word' id='word_1_354' title='bbox 2839 3931 3026 4024; x_wconf 90' lang='lat' dir='ltr'>quia</span> <span class='ocrx_word' id='word_1_355' title='bbox 3090 3936 3361 4026; x_wconf 90' lang='lat' dir='ltr'>potest</span> <span class='ocrx_word' id='word_1_356' title='bbox 3414 3928 3905 4007; x_wconf 87' lang='lat' dir='ltr'>considerari</span> 
     </span>
     <span class='ocr_line' id='line_1_77' title="bbox 2371 4048 3902 4142; baseline 0.001 -23"><span class='ocrx_word' id='word_1_357' title='bbox 2371 4048 2850 4140; x_wconf 86' lang='lat' dir='ltr'>inquantum</span> <span class='ocrx_word' id='word_1_358' title='bbox 2943 4049 3214 4132; x_wconf 87' lang='lat' dir='ltr'>homo,</span> <span class='ocrx_word' id='word_1_359' title='bbox 3308 4050 3676 4142; x_wconf 81' lang='lat' dir='ltr'>quamvis</span> <span class='ocrx_word' id='word_1_360' title='bbox 3750 4068 3902 4122; x_wconf 91' lang='lat' dir='ltr'>non</span> 
     </span>
     <span class='ocr_line' id='line_1_78' title="bbox 2367 4164 3900 4258; baseline -0.001 -21"><span class='ocrx_word' id='word_1_361' title='bbox 2367 4164 2935 4239; x_wconf 90' lang='lat' dir='ltr'>consideretur</span> <span class='ocrx_word' id='word_1_362' title='bbox 2979 4165 3460 4258; x_wconf 89' lang='lat' dir='ltr'>inquantum</span> <span class='ocrx_word' id='word_1_363' title='bbox 3508 4170 3900 4246; x_wconf 82' lang='lat' dir='ltr'>SocratcS,</span> 
     </span>
     <span class='ocr_line' id='line_1_79' title="bbox 2366 4280 3902 4357; baseline -0.001 -4"><span class='ocrx_word' id='word_1_364' title='bbox 2366 4285 2445 4353; x_wconf 92' lang='lat' dir='ltr'>et</span> <span class='ocrx_word' id='word_1_365' title='bbox 2488 4301 2646 4353; x_wconf 89' lang='lat' dir='ltr'>non</span> <span class='ocrx_word' id='word_1_366' title='bbox 2692 4302 2734 4353; x_wconf 92' lang='lat' dir='ltr'>e</span> <span class='ocrx_word' id='word_1_367' title='bbox 2785 4281 3241 4355; x_wconf 88' lang='lat' dir='ltr'>contrario.</span> <span class='ocrx_word' id='word_1_368' title='bbox 3294 4282 3421 4356; x_wconf 85' lang='lat' dir='ltr'>Sic</span> <span class='ocrx_word' id='word_1_369' title='bbox 3462 4282 3658 4357; x_wconf 91' lang='lat' dir='ltr'>dicit</span> <span class='ocrx_word' id='word_1_370' title='bbox 3697 4280 3902 4354; x_wconf 75' lang='lat' dir='ltr'>Aris-</span> 
     </span>
     <span class='ocr_line' id='line_1_80' title="bbox 2369 4397 3893 4486; baseline -0.004 -17"><span class='ocrx_word' id='word_1_371' title='bbox 2369 4397 2661 4470; x_wconf 74' lang='lat' dir='ltr'>toteles</span> <span class='ocrx_word' id='word_1_372' title='bbox 2725 4399 2792 4468; x_wconf 73' lang='lat'>2.</span> <span class='ocrx_word' id='word_1_373' title='bbox 2840 4400 3308 4486; x_wconf 71' lang='lat' dir='ltr'>Pllysi‘cornm,</span> <span class='ocrx_word' id='word_1_374' title='bbox 3364 4412 3523 4467; x_wconf 66' lang='lat' dir='ltr'>tea-t.</span> <span class='ocrx_word' id='word_1_375' title='bbox 3586 4424 3745 4469; x_wconf 80' lang='lat' dir='ltr'>com.</span> <span class='ocrx_word' id='word_1_376' title='bbox 3796 4398 3893 4467; x_wconf 86' lang='lat'>18.</span> 
     </span>
     <span class='ocr_line' id='line_1_81' title="bbox 2368 4509 3892 4601; baseline -0.001 -22"><span class='ocrx_word' id='word_1_377' title='bbox 2368 4509 2572 4601; x_wconf 85' lang='lat' dir='ltr'>quod</span> <span class='ocrx_word' id='word_1_378' title='bbox 2607 4512 3148 4579; x_wconf 74' lang='lat' dir='ltr'>Abstralienlium</span> <span class='ocrx_word' id='word_1_379' title='bbox 3183 4536 3313 4580; x_wconf 78' lang='lat' dir='ltr'>non</span> <span class='ocrx_word' id='word_1_380' title='bbox 3346 4526 3438 4582; x_wconf 79' lang='lat' dir='ltr'>est</span> <span class='ocrx_word' id='word_1_381' title='bbox 3468 4515 3892 4581; x_wconf 78' lang='lat' dir='ltr'>mendacium.</span> 
     </span>
     <span class='ocr_line' id='line_1_82' title="bbox 2367 4624 3893 4716; baseline -0.003 -17"><span class='ocrx_word' id='word_1_382' title='bbox 2367 4625 2495 4699; x_wconf 86' lang='lat' dir='ltr'>Sic</span> <span class='ocrx_word' id='word_1_383' title='bbox 2586 4624 2842 4716; x_wconf 88' lang='lat' dir='ltr'>igitur</span> <span class='ocrx_word' id='word_1_384' title='bbox 2931 4626 3401 4701; x_wconf 87' lang='lat' dir='ltr'>intellectus</span> <span class='ocrx_word' id='word_1_385' title='bbox 3496 4629 3893 4702; x_wconf 79' lang='lat' dir='ltr'>reflectens</span> 
     </span>
     <span class='ocr_line' id='line_1_83' title="bbox 2367 4741 3891 4833; baseline -0.001 -21"><span class='ocrx_word' id='word_1_386' title='bbox 2367 4741 2832 4813; x_wconf 86' lang='lat' dir='ltr'>universale</span> <span class='ocrx_word' id='word_1_387' title='bbox 2918 4744 3336 4833; x_wconf 87' lang='lat' dir='ltr'>cognitum</span> <span class='ocrx_word' id='word_1_388' title='bbox 3428 4744 3507 4816; x_wconf 93' lang='lat' dir='ltr'>in</span> <span class='ocrx_word' id='word_1_389' title='bbox 3596 4745 3891 4819; x_wconf 87' lang='lat' dir='ltr'>ratione</span> 
     </span>
     <span class='ocr_line' id='line_1_84' title="bbox 2366 4857 3886 4954; baseline -0.001 -24"><span class='ocrx_word' id='word_1_390' title='bbox 2366 4857 2836 4941; x_wconf 89' lang='lat' dir='ltr'>universali,</span> <span class='ocrx_word' id='word_1_391' title='bbox 2883 4879 3044 4933; x_wconf 92' lang='lat' dir='ltr'>non</span> <span class='ocrx_word' id='word_1_392' title='bbox 3099 4860 3254 4934; x_wconf 91' lang='lat' dir='ltr'>sibi</span> <span class='ocrx_word' id='word_1_393' title='bbox 3306 4861 3729 4954; x_wconf 90' lang='lat' dir='ltr'>impressa,</span> <span class='ocrx_word' id='word_1_394' title='bbox 3772 4857 3886 4931; x_wconf 87' lang='lat' dir='ltr'>sed</span> 
     </span>
     <span class='ocr_line' id='line_1_85' title="bbox 2360 4975 3888 5069; baseline -0.001 -23"><span class='ocrx_word' id='word_1_395' title='bbox 2360 4994 2775 5069; x_wconf 83' lang='lat' dir='ltr'>expressa,</span> <span class='ocrx_word' id='word_1_396' title='bbox 2842 4976 2936 5047; x_wconf 88' lang='lat' dir='ltr'>ad</span> <span class='ocrx_word' id='word_1_397' title='bbox 3000 4975 3424 5068; x_wconf 89' lang='lat' dir='ltr'>singulare</span> <span class='ocrx_word' id='word_1_398' title='bbox 3500 4976 3888 5069; x_wconf 87' lang='lat' dir='ltr'>cognitum</span> 
     </span>
     <span class='ocr_line' id='line_1_86' title="bbox 2361 5091 3887 5188; baseline -0.001 -24"><span class='ocrx_word' id='word_1_399' title='bbox 2361 5092 2440 5164; x_wconf 92' lang='lat' dir='ltr'>in</span> <span class='ocrx_word' id='word_1_400' title='bbox 2503 5091 2866 5175; x_wconf 85' lang='lat' dir='ltr'>instanti,</span> <span class='ocrx_word' id='word_1_401' title='bbox 2940 5095 3367 5184; x_wconf 86' lang='lat' dir='ltr'>cognoscit</span> <span class='ocrx_word' id='word_1_402' title='bbox 3436 5095 3699 5188; x_wconf 84' lang='lat' dir='ltr'>ipsum</span> <span class='ocrx_word' id='word_1_403' title='bbox 3756 5093 3887 5167; x_wconf 87' lang='lat' dir='ltr'>sin-</span> 
     </span>
     <span class='ocr_line' id='line_1_87' title="bbox 2356 5209 3888 5305; baseline -0.001 -25"><span class='ocrx_word' id='word_1_404' title='bbox 2356 5209 2640 5299; x_wconf 84' lang='lat' dir='ltr'>gulare</span> <span class='ocrx_word' id='word_1_405' title='bbox 2702 5209 2781 5282; x_wconf 92' lang='lat' dir='ltr'>in</span> <span class='ocrx_word' id='word_1_406' title='bbox 2839 5209 3414 5302; x_wconf 88' lang='lat' dir='ltr'>phantasmate</span> <span class='ocrx_word' id='word_1_407' title='bbox 3465 5233 3612 5305; x_wconf 91' lang='lat' dir='ltr'>per</span> <span class='ocrx_word' id='word_1_408' title='bbox 3653 5212 3888 5305; x_wconf 86' lang='lat' dir='ltr'>ipsum</span> 
     </span>
     <span class='ocr_line' id='line_1_88' title="bbox 2358 5327 3890 5408; baseline 0.004 -10"><span class='ocrx_word' id='word_1_409' title='bbox 2358 5327 2846 5408; x_wconf 87' lang='lat' dir='ltr'>universale,</span> <span class='ocrx_word' id='word_1_410' title='bbox 2896 5332 2988 5400; x_wconf 89' lang='lat' dir='ltr'>ut</span> <span class='ocrx_word' id='word_1_411' title='bbox 3026 5327 3148 5401; x_wconf 91' lang='lat' dir='ltr'>sic</span> <span class='ocrx_word' id='word_1_412' title='bbox 3180 5349 3467 5401; x_wconf 86' lang='lat' dir='ltr'>verum</span> <span class='ocrx_word' id='word_1_413' title='bbox 3503 5330 3890 5404; x_wconf 82' lang='lat' dir='ltr'>sitdicere‚</span> 
     </span>
     <span class='ocr_line' id='line_1_89' title="bbox 2355 5442 3891 5535; baseline 0 -22"><span class='ocrx_word' id='word_1_414' title='bbox 2355 5443 2564 5534; x_wconf 90' lang='lat' dir='ltr'>quod</span> <span class='ocrx_word' id='word_1_415' title='bbox 2600 5442 2806 5515; x_wconf 91' lang='lat' dir='ltr'>idem</span> <span class='ocrx_word' id='word_1_416' title='bbox 2847 5446 2975 5516; x_wconf 90' lang='lat' dir='ltr'>est</span> <span class='ocrx_word' id='word_1_417' title='bbox 3018 5463 3173 5524; x_wconf 80' lang='lat' dir='ltr'>reS,</span> <span class='ocrx_word' id='word_1_418' title='bbox 3222 5445 3427 5535; x_wconf 89' lang='lat' dir='ltr'>quod</span> <span class='ocrx_word' id='word_1_419' title='bbox 3460 5444 3891 5520; x_wconf 86' lang='lat' dir='ltr'>intellectus</span> 
     </span>
     <span class='ocr_line' id='line_1_90' title="bbox 2351 5558 3892 5658; baseline -0.002 -25"><span class='ocrx_word' id='word_1_420' title='bbox 2351 5559 2762 5652; x_wconf 90' lang='lat' dir='ltr'>possibilis</span> <span class='ocrx_word' id='word_1_421' title='bbox 2805 5580 2950 5653; x_wconf 93' lang='lat' dir='ltr'>per</span> <span class='ocrx_word' id='word_1_422' title='bbox 3000 5581 3084 5631; x_wconf 93' lang='lat' dir='ltr'>se</span> <span class='ocrx_word' id='word_1_423' title='bbox 3124 5558 3534 5654; x_wconf 91' lang='lat' dir='ltr'>intelligit,</span> <span class='ocrx_word' id='word_1_424' title='bbox 3562 5562 3758 5658; x_wconf 90' lang='lat' dir='ltr'>quod</span> <span class='ocrx_word' id='word_1_425' title='bbox 3788 5561 3892 5632; x_wconf 86' lang='lat' dir='ltr'>est</span> 
     </span>
    </p>
   </div>
   <div class='ocr_carea' id='block_1_10' title="bbox 4018 2784 4075 2832">
    <p class='ocr_par' dir='ltr' id='par_1_10' title="bbox 4018 2784 4075 2832">
     <span class='ocr_line' id='line_1_91' title="bbox 4018 2784 4075 2832; baseline -0.035 0"><span class='ocrx_word' id='word_1_426' title='bbox 4018 2784 4075 2832; x_wconf 67' lang='lat'>30.</span> 
     </span>
    </p>
   </div>
  </div>
 </body>
</html>
