4252 6393
513 2737 594 2786 ⁴⁴.

735 452 856 526 228
1889 459 2033 519 ΜΒ.
2085 450 2183 518 iv.
2233 442 2779 520 MssTEououuM

735 624 945 714 ignis
1007 622 1337 697 actuali.
1401 625 1564 694 Nec
1628 619 1999 711 sequitur
2065 616 2274 708 quod

739 740 872 810 uni
909 739 1071 812 sint
1104 740 1275 810 duae
1312 736 1756 810 contraria}
1789 756 2038 825 aeque,
2087 733 2277 824 quia

736 856 1088 929 actualis
1182 853 1520 927 virtuali
1621 850 2020 925 caliditati
2115 869 2276 921 non

735 970 1333 1051 contrariatur,
1393 970 1606 1042 sicut
1668 965 2102 1056 frigiditati
2153 985 2277 1035 ac-

731 1087 1135 1162 cidentali.
1175 1088 1320 1159 Sed
1351 1087 1547 1157 bene
1581 1084 1929 1158 actualis
1972 1081 2277 1154 alterat

736 1201 1219 1292 subjectum,
1282 1203 1363 1272 et
1422 1198 1886 1290 indisponit,
1932 1217 2027 1267 ne
2085 1192 2276 1265 deti-

736 1322 926 1390 neat
1016 1315 1457 1388 virtualem
1548 1315 2028 1406 qualitatem
2116 1310 2275 1381 for-

738 1454 954 1505 mam
1030 1431 1290 1512 mixti,
1363 1431 1491 1503 vel
1560 1429 1968 1503 elementi.
2044 1428 2273 1506 Item,

734 1569 895 1620 non
956 1548 1328 1639 sequitur
1369 1548 1577 1639 quod
1623 1547 1786 1619 sint
1839 1543 2277 1637 qualitates

739 1666 1030 1757 primo,
1073 1663 1260 1755 quia
1302 1664 1590 1734 formae
1635 1663 1812 1736 istae
1847 1661 2280 1733 actuaront

729 1781 1128 1853 virtuales
1172 1780 1637 1871 qualitates,
1687 1799 1861 1871 quae
1898 1780 2083 1849 sunt
2121 1775 2277 1867 pri-

734 1918 881 1969 mae
929 1897 1004 1968 in
1055 1896 1504 1975 elementis,
1545 1895 1734 1987 quia
1772 1894 2033 1983 magis
2078 1893 2277 1963 inse-

738 2014 1173 2106 parabiles,
1229 2016 1309 2085 et
1364 2017 1528 2085 tam
1575 2033 1673 2083 ex
1716 2010 2069 2082 aliorum
2107 2029 2277 2079 sen-

736 2129 1121 2211 sibilium,
1162 2129 1375 2201 sicut
1429 2132 1649 2220 patet
1682 2129 1772 2199 dc
1824 2148 2032 2219 aqua
2072 2125 2276 2197 cale-

735 2246 978 2326 facta,
1044 2247 1280 2337 cujus
1350 2244 1761 2334 frigiditas
1821 2248 1944 2315 est
1985 2243 2271 2321 deleta,

737 2363 870 2435 sed
923 2366 1291 2435 remanet
1347 2360 1916 2453 inseparabilis
1969 2358 2278 2449 frigidi-

736 2482 864 2551 tas
931 2478 1340 2558 virtualis,
1407 2477 1618 2549 sicut
1671 2475 2277 2566 imaginandum

736 2599 860 2668 est
908 2595 998 2665 de
1032 2594 1217 2666 aliis
1263 2593 1817 2685 qualitatibus.

828 2711 974 2783 Sed
1025 2711 1120 2781 ad
1174 2709 1422 2782 aliam
1469 2707 2150 2801 improbationem
2187 2705 2278 2776 de

741 2827 1159 2908 mixtione,
1208 2848 1382 2918 quae
1443 2826 1762 2898 videtur
1803 2824 2054 2896 fuisse
2095 2844 2279 2894 con-

739 2950 873 3017 tra
927 2945 1173 3017 istam
1229 2943 1660 3024 rationem,
1716 2964 1899 3014 cum
1948 2939 2273 3020 dieitur,

733 3085 853 3129 nec
885 3063 1172 3142 videtur,
1210 3063 1366 3133 etc.
1404 3063 1562 3148 quia
1595 3063 1670 3126 in
1699 3059 1960 3146 friqido
1993 3070 2280 3145 tempore

736 3179 1006 3268 quando
1046 3201 1163 3245 aer
1201 3188 1360 3245 esset
1398 3177 1731 3265 sriyiclior
1770 3178 2064 3256 homine,
2118 3176 2271 3246 etc.

731 3293 1032 3367 dicitur
1073 3293 1278 3385 quod
1317 3313 1478 3364 non
1521 3292 1915 3383 sequitur.
1956 3293 2056 3362 Et
2096 3310 2279 3362 cau·

685 3489 688 3494 .
734 3431 823 3498 sa
865 3416 1015 3491 est,
1063 3415 1154 3483 ut
1217 3410 1507 3503 prima,
1545 3429 1702 3479 non
1765 3408 2028 3479 solum
2085 3406 2277 3478 ima·

683 3515 1172 3619 =gissandum
1251 3530 1376 3599 est
1466 3525 1968 3598 caliditatem
2056 3526 2279 3595 exte-

739 3644 1047 3716 riorem
1159 3642 1405 3714 medii
1510 3640 2006 3715 continentis
2100 3659 2279 3709 esse

732 3780 1064 3833 causam
1134 3759 1325 3832 talis
1407 3756 2056 3850 consumptionis
2138 3756 2277 3827 im-

736 3876 1197 3958 mediatam,
1263 3877 1393 3947 sed
1465 3876 1935 3966 quandoque
1999 3872 2275 3944 humo-

735 4011 866 4066 res
904 3992 1120 4072 mali,
1165 3996 1245 4064 et
1279 3990 1662 4064 similiter
1693 3988 2095 4069 calefacti,
2140 3986 2277 4079 qui

735 4111 922 4181 sunt
957 4106 1223 4198 sparsi
1261 4127 1401 4197 per
1427 4110 1688 4179 totum
1723 4126 2047 4197 corpus,
2086 4105 2273 4176 sunt

734 4243 984 4295 causa
1025 4222 1201 4313 ejus
1260 4222 1935 4313 consumptioniS,
1996 4225 2075 4293 et
2136 4219 2274 4291 fri-

736 4359 885 4429 gus
954 4338 1197 4419 aeris,
1267 4338 1394 4409 vel
1467 4338 1697 4408 medii
1778 4336 2273 4409 continentis

2392 616 2757 688 membra
2834 614 3290 696 hominum,
3372 616 3452 688 et
3529 610 3911 686 cadavera

2392 735 2916 804 mortuorum
2998 731 3076 803 in
3146 731 3400 804 terris
3472 728 3774 822 posita;
3839 731 3914 801 et

2392 848 2505 919 sie
2566 849 2954 923 similiter
3009 850 3233 921 circa
3294 847 3659 921 membra.
3715 866 3914 918 com-

2395 966 2877 1055 peditorum,
2924 987 3111 1038 nam
3160 970 3498 1059 propter
3529 961 3918 1037 constric-

2391 1081 2696 1155 tionem
2767 1084 2990 1156 circa
3060 1085 3239 1156 loca
3307 1081 3784 1175 compedum
3836 1079 3921 1153 fit

2389 1199 2614 1271 laesio
2647 1198 3104 1279 vehemens,
3134 1219 3390 1291 quare
3421 1202 3721 1271 natura
3754 1193 3920 1267 mit·

2389 1316 2490 1389 tit
2531 1318 2621 1388 de
2666 1316 3058 1407 sanguine
3128 1316 3473 1390 multum
3517 1314 3610 1386 ad
3650 1312 3922 1403 juvan-

2388 1429 2570 1501 dum
2625 1436 2902 1523 partes
2955 1431 3219 1511 laesas,
3282 1434 3363 1503 et
3425 1428 3539 1501 sic
3590 1430 3807 1498 esset
3849 1424 3923 1496 in

2394 1545 2595 1617 locis
2652 1546 2814 1618 illis
2875 1547 3107 1619 calor
3171 1546 3465 1637 major,
3514 1562 3755 1636 quam
3798 1561 3927 1613 na·

2390 1665 2580 1734 tura
2629 1663 2970 1734 membri
3028 1663 3400 1755 requirit,
3448 1667 3529 1736 et
3571 1666 3764 1735 tunc
3798 1658 3928 1730 fri-

2392 1799 2540 1870 gus
2592 1779 3169 1860 circumstanS,
3242 1784 3322 1852 et
3384 1799 3529 1871 per
3598 1773 3934 1848 humidi-

2393 1899 2643 1969 tatem
2732 1917 2958 1987 aquae
3048 1896 3394 1986 frigida),
3489 1892 3934 1968 intenditur

2390 2012 2643 2094 calor,
2699 2017 2777 2084 et
2831 2014 2920 2085 lit
2964 2012 3233 2103 major
3294 2031 3437 2102 per
3496 2007 3934 2101 antiperis-

2390 2130 2636 2209 tasin,
2710 2133 2789 2201 et
2861 2129 3035 2221 ipsa
3133 2128 3544 2199 existente
3616 2125 3935 2217 majore

2389 2247 2799 2320 consumit
2861 2245 3295 2318 materiam
3357 2243 3771 2316 naturalis
3813 2265 3937 2316 ca·

2395 2363 2619 2444 loris,
2665 2368 2746 2436 et
2797 2361 3814 2455 complexionismembri,
3860 2364 3938 2433 et

2394 2480 2507 2551 sic
2548 2480 2639 2552 fit
2696 2479 2802 2551 ibi
2866 2477 3147 2552 statim
3213 2477 3742 2570 putrefactio.
3795 2477 3941 2549 Sed

2393 2596 2486 2666 ad
2549 2594 2793 2666 aliam
2853 2592 3561 2667 confirmationem
3622 2596 3941 2665 antece-

2392 2711 2678 2792 dentis,
2745 2712 2839 2783 ad
2911 2710 3411 2803 probandum
3468 2711 3654 2809 dato
3733 2709 3946 2802 quod

2394 2827 2623 2899 calor
2656 2826 2761 2900 sit
2794 2847 2977 2897 cum
3010 2825 3361 2905 humido,
3398 2830 3478 2898 et
3510 2844 3947 2917 consump-

2395 2948 2478 3017 to
2558 2943 2918 3023 humido,
3003 2943 3257 3014 adhuc
3330 2942 3619 3015 melius
3711 2943 3948 3015 debet

2395 3080 2749 3133 manere.
2842 3064 3041 3135 Cum
3126 3059 3459 3141 dicitur,
3559 3060 3627 3132 si
3712 3061 3954 3133 calor

2393 3177 2641 3251 etiam
2681 3196 3106 3248 remanens
3141 3176 3491 3251 materia
3524 3176 3751 3250 sicea
3788 3196 3951 3249 ma·

2394 3299 2649 3374 neret,
2698 3294 2830 3365 sed
2875 3294 2953 3365 in
2997 3293 3237 3366 siccis
3282 3293 3719 3386 aptissime
3764 3314 3954 3366 con-

2394 3415 2779 3482 servatur
2828 3409 3081 3489 calor,
3145 3408 3445 3482 dicitur
3509 3410 3724 3500 quod
3811 3407 3956 3481 ali-

2393 3528 2571 3620 quis
2632 3528 2862 3599 calor
2919 3528 2994 3599 in
3041 3526 3442 3618 aliquibus
3490 3526 3743 3599 siccis
3822 3546 3955 3618 op-

2391 3645 2587 3717 time
2656 3648 2925 3736 potest
2993 3642 3496 3724 conservari,
3572 3643 3711 3716 sed
3788 3661 3956 3714 non

2391 3761 2719 3833 omnino
2766 3760 2845 3831 in
2881 3761 3100 3832 omni
3142 3760 3386 3840 sicco,
3432 3780 3576 3832 nec
3625 3760 3713 3832 in
3762 3779 3952 3852 pro·

2394 3877 2662 3969 posito
2731 3877 2962 3949 calor
3028 3876 3437 3950 naturalis
3513 3879 3802 3968 potest
3876 3877 3959 3948 in

2392 3995 2608 4067 sicco
2673 3993 3083 4065 reservari
3118 3992 3441 4064 humido
3466 3992 3617 4066 sibi
3656 4013 3966 4086 propo-

2391 4111 2575 4190 sito,
2606 4108 2810 4201 quod
2838 4108 3185 4200 requirit
3226 4109 3320 4180 ad
3364 4129 3599 4181 suum
3644 4131 3844 4182 esse
3882 4109 3965 4181 in

2389 4230 2875 4318 consumpto
2912 4252 2926 4295 :
2965 4226 3168 4297 unde
3217 4225 3547 4297 flamma
3597 4247 3961 4299 manens

2390 4343 2988 4433 aliquantulum
3056 4343 3213 4422 diu,
3286 4362 3446 4413 non
3515 4347 3810 4434 potest
3881 4344 3967 4416 in

2390 4458 2589 4529 solis
2632 4457 3065 4539 cineribus,
3104 4457 3275 4528 sine
3308 4457 3638 4530 humido
3679 4479 3970 4532 serva·

2390 4575 2487 4655 ri,
2529 4579 2614 4647 ut
2647 4595 2793 4666 per
2822 4574 3414 4666 experientiam
3457 4575 3870 4650 videmus.

2477 4692 2589 4763 Ad
2647 4691 3103 4771 secundam,
3161 4694 3573 4779 putrefactio
3634 4717 3788 4762 mm
3839 4707 3961 4775 est,
4105 4724 4150 4777 ⁴5

2388 4813 2539 4881 ete.
2626 4808 2951 4881 Dicitur
3016 4809 3380 4898 negando
3447 4829 3969 4902 consequen·
4051 4791 4129 4847 ‘¹¹¹

2390 4924 2616 5007 tiam,
2684 4924 3069 4996 sumendo
3122 4922 3352 5014 large
3422 4923 3573 4997 1100
3645 4944 3971 5000 nomen

2383 5044 2814 5128 putrefactio,
2883 5040 3319 5112 secundum
3385 5041 3592 5132 quod
3636 5042 3969 5118 dictum

2386 5160 2512 5228 est
2555 5156 2810 5248 prius,
2876 5160 2965 5231 ut
3022 5156 3100 5229 in
3161 5158 3507 5229 secundo
3580 5161 3970 5235 articulo

2385 5273 2653 5344 visum
2706 5278 2854 5354 est,
2911 5279 2991 5347 et
3029 5273 3110 5345 in
3145 5273 3319 5366 ipso
3354 5279 3805 5367 acceptum
3843 5277 3964 5351 sic

737 5387 814 5458 in
875 5385 1161 5477 hyeme
1213 5386 1582 5458 homines
1649 5391 1992 5479 possunt
2053 5387 2271 5458 insir-
2385 5393 2534 5462 est.
2584 5391 2695 5462 Ad
2739 5389 3334 5482 probationem,
3384 5389 3574 5482 quia
3606 5412 3791 5465 non
3826 5395 3972 5467 ali·

740 5503 976 5584 mari,
1023 5508 1102 5576 et
1148 5504 1600 5595 putrefieri,
1645 5505 1833 5577 dato
1879 5504 2084 5596 quod
2126 5523 2272 5576 aer
2385 5504 2618 5597 cujus
2690 5505 2988 5598 speciei
3071 5510 3377 5587 motus,
3452 5510 3534 5580 et
3606 5514 3970 5602 oportet

727 5620 1087 5693 exterior
1139 5619 1244 5692 sit
1296 5619 1710 5710 frigidior;
1756 5627 1834 5695 ct
1881 5620 2268 5706 similiter
2382 5642 2560 5693 esse
2595 5621 2925 5694 molium
2965 5622 3343 5714 aliquem,
3397 5641 3558 5695 non
3601 5631 3750 5701 est
3788 5648 3973 5722 pos·

739 4475 880 4546 per
941 4453 1561 4545 antiperistasin
1631 4475 1813 4524 cum
1858 4452 2270 4544 adjutorio

735 4571 1075 4662 frigoris
1159 4570 1608 4652 interioris,
1689 4570 1800 4644 ita
1879 4570 2083 4661 quod
2156 4570 2274 4641 in-

736 4688 1111 4760 choative
1143 4692 1266 4760 est
1298 4688 1395 4758 ab
1426 4686 1822 4760 exteriori
1870 4686 2155 4766 calido,
2195 4690 2274 4759 et

736 4804 926 4877 illud
988 4805 1336 4877 calidum
1380 4805 1745 4878 exterius
1798 4805 2273 4897 quandoque

732 4926 857 4994 est
897 4920 1243 4994 calidum
1311 4920 1769 4994 innaturale
1802 4921 2267 5000 humorum,

733 5037 871 5129 qui
928 5059 1088 5110 non
1134 5042 1319 5111 sunt
1374 5059 1565 5130 pars
1626 5036 2087 5129 compositi,
2138 5034 2273 5127 qui

730 5153 1113 5227 dicuntur
1144 5158 1381 5226 extra
1423 5153 1839 5224 humidum
1885 5152 2266 5233 radicale,

731 5270 810 5340 in
859 5292 1014 5361 quo
1066 5275 1191 5343 est
1240 5270 1648 5342 naturalis
1682 5270 1953 5351 calor;
2020 5270 2274 5360 igitur
