4252 6393
390 3514 469 3564 49.

305 4781 463 4831 Ratio
486 4786 571 4893 lf-

278 4850 366 4891 uis
396 4847 453 4893 fn
512 4855 586 4892 teo

295 4908 452 4969 prior
479 4924 576 4954 ra-

282 4974 434 5018 tione
472 4972 595 5034 effi-

326 5034 531 5082 cientis.

297 5526 438 5573 Dens
468 5529 579 5589 ayie.

273 5596 496 5651 propter
526 5593 595 5652 fi-

369 5664 506 5699 nem.

628 429 750 492 748

618 594 883 657 nidetur
912 596 1091 675 quod
1136 614 1354 661 causae
1385 599 1634 662 habent
1661 604 1978 682 majorem
2022 601 2164 662 uni-

620 705 815 761 tatem
862 703 928 763 in
982 704 1312 766 causando
1375 722 1571 784 quam
1623 708 1942 769 unitatem
1992 704 2161 768 ordi-

618 808 738 880 niS,
791 813 861 869 ut
892 815 1071 886 patet
1119 811 1202 873 de
1255 815 1476 891 specie
1525 814 1912 892 intelligibili
1955 820 2017 877 et
2059 815 2156 875 in-

617 914 886 977 tellectu
970 919 1513 980 concurrentibus
1600 919 1682 981 ad
1756 920 2158 982 causandum

621 1026 864 1092 actum,
916 1023 1019 1084 vel
1084 1024 1398 1086 habitum.
1451 1028 1634 1099 item,
1687 1043 1836 1088 cum
1880 1027 2043 1088 ordo
2083 1027 2167 1087 sit

621 1134 965 1206 respectus
1009 1133 1119 1209 qui
1153 1148 1283 1192 non
1335 1140 1434 1195 est
1490 1133 1574 1194 de
1625 1149 1875 1212 genere
1925 1136 2164 1198 activo-

622 1252 791 1307 rum,
848 1252 979 1297 non
1017 1237 1277 1299 videtur
1324 1241 1502 1319 quod
1552 1241 1798 1319 aliquid
1842 1241 2032 1302 faciat
2080 1239 2166 1302 ad

624 1343 1054 1408 causandum.
1120 1348 1301 1418 item,
1370 1349 1628 1409 videtur
1685 1348 1862 1428 quod
1920 1365 2165 1422 causae,

623 1450 844 1528 quoad
901 1468 1088 1513 suum
1151 1471 1302 1528 esse,
1361 1460 1426 1517 et
1490 1474 1623 1518 non
1685 1457 1895 1517 solum
1946 1457 2168 1535 quoad

617 1576 933 1632 causare,
1019 1561 1144 1622 sint
1254 1565 1699 1625 essentialiter
1800 1563 2117 1624 ordinatae
2151 1613 2165 1639 ,

620 1667 771 1743 quia
837 1663 905 1728 in
963 1669 1350 1743 probatione
1411 1677 1651 1732 octava}
1731 1671 2169 1736 conclusionis

619 1771 802 1843 dixit,
851 1772 1030 1853 quod
1090 1792 1294 1838 rausae
1335 1777 1698 1840 intrinsecae
1733 1783 2010 1854 pessunt
2058 1793 2163 1837 es-

618 1895 692 1941 se
750 1881 816 1941 in
874 1897 946 1943 se
1005 1890 1290 1944 causatae
1368 1885 1450 1946 ab
1514 1886 1921 1946 extrinsecis.
1971 1884 2162 1959 Item,

620 1986 802 2064 quod
850 1987 1095 2049 nedum
1138 1990 1300 2050 ordo
1354 1990 1753 2060 eminentiae,
1808 1990 1927 2052 sed
1972 1992 2168 2052 etiam

623 2095 1117 2173 dependentiae,
1200 2099 1284 2158 sit
1341 2099 1513 2160 inter
1586 2116 1859 2160 causare
1934 2117 2163 2160 causa-

621 2218 785 2277 rum,
861 2202 1119 2266 videtur
1161 2221 1242 2266 ex
1302 2206 1523 2268 multis
1569 2205 1780 2277 dictis,
1813 2208 1937 2280 Ιιῐε,
2000 2213 2065 2269 et
2103 2210 2165 2270 2.

620 2312 768 2372 disc.
809 2313 1035 2386 primi,
1085 2329 1147 2389 q.
1193 2315 1239 2373 l.
1299 2312 1489 2387 Quod
1537 2313 1710 2374 enim
1760 2331 1892 2376 non
1949 2324 2171 2377 movet

623 2417 739 2478 nisi
763 2420 1041 2488 motum,
1065 2417 1325 2481 videtur
1357 2418 1743 2498 dependere
1776 2438 1810 2480 a
1832 2428 2163 2483 movente.

619 2521 968 2599 Quomodo
1001 2526 1198 2586 etiam
1231 2525 1492 2587 dabitur
1535 2544 1731 2590 causa
1787 2528 2070 2590 mediata
2103 2537 2171 2592 et

621 2631 1027 2704 immediata,
1072 2634 1441 2712 propinqua
1474 2640 1533 2695 et
1571 2639 1845 2706 remota,
1892 2639 2010 2698 nisi
2046 2653 2169 2713 po-

623 2744 820 2799 natur
862 2738 1360 2817 dependentia?
1390 2740 1734 2813 Quomodo
1783 2745 1981 2804 etiam
2022 2743 2161 2806 effi·

624 2847 806 2907 ciens
865 2849 1293 2927 propinquior
1349 2846 1485 2918 fini,
1535 2848 1721 2911 aliis?
1782 2849 1972 2912 Multa
2043 2851 2167 2912 alia

626 2953 799 3015 dicta
832 2954 1129 3016 Doctoris
1171 2955 1275 3016 hic
1306 2955 1389 3016 ad
1421 2956 1544 3018 hoc
1575 2962 1851 3034 possunt
1884 2959 2166 3036 applica·

622 3060 671 3121 ri
709 3079 722 3120 ε
760 3065 826 3121 et
855 3061 1145 3123 similiter
1178 3064 1346 3124 circa
1378 3063 1535 3125 alias
1568 3064 2024 3126 conclusiones
2058 3083 2167 3127 se-

623 3174 928 3247 quenteS,
960 3168 1114 3232 licet
1144 3173 1301 3233 satis
1324 3186 1404 3231 ex
1432 3171 1723 3233 terminis
1746 3175 1877 3235 sint
1900 3173 2170 3235 eviden-

627 3283 747 3350 teS‚
782 3281 999 3354 potest
1051 3277 1352 3351 dubitari,
1407 3280 1584 3357 quod
1635 3281 1859 3341 lectori
1909 3282 2165 3343 curioso

622 3384 1047 3464 relinquatur.

701 3493 798 3554 Ad
844 3494 964 3555 ista
1011 3495 1320 3557 brevibus
1365 3497 1827 3573 respondetur.
1877 3497 1972 3557 Ad
2033 3499 2167 3575 pri-

624 3614 829 3670 mum,
882 3605 1063 3676 patet
1103 3599 1378 3661 faciliter
1425 3601 1660 3662 solutio
1709 3618 1791 3663 ex
1838 3605 2167 3664 communi

625 3724 940 3783 processu
974 3709 1293 3779 Doctus-is,
1328 3710 1435 3786 qui
1475 3710 1864 3789 plerumque
1917 3727 1998 3771 ex
2044 3710 2171 3772 de—

626 3815 1083 3876 terminatione
1132 3815 1577 3893 sequentium,
1625 3817 1891 3877 resolvit
1923 3834 2162 3893 praece-

626 3923 870 3984 dentia.
934 3923 1134 4001 Magis
1192 3923 1363 3984 enim
1427 3922 1761 3986 videretur
1827 3930 2166 3986 causatum

627 4030 1056 4109 propinquius
1087 4047 1235 4091 esse
1268 4048 1532 4093 causam
1574 4035 1821 4094 causati
1851 4037 2163 4096 remotio-

624 4140 735 4209 νίς,
769 4154 967 4215 quam
1013 4141 1311 4199 eminens
1364 4138 1830 4218 quodcumque
1865 4143 2116 4202 excessi
2149 4160 2164 4213 ;

627 4245 825 4324 igitur
885 4261 965 4305 ex
1017 4247 1382 4306 remotione
1451 4247 1619 4308 illius
1684 4264 1803 4324 per
1860 4248 2080 4309 locum
2133 4265 2167 4308 a

627 4352 880 4429 majori,
913 4358 1292 4413 removetur
1326 4352 1518 4413 istud.
1555 4354 1720 4415 Nihil
1768 4371 1927 4432 ergo
1975 4354 2056 4414 ab
2097 4371 2167 4414 re

623 4462 760 4537 egit
819 4460 1202 4538 ingeniosus
1243 4461 1550 4521 siannes.
1614 4461 1712 4522 Ad
1770 4461 2165 4532 secundum,

622 4566 877 4643 inquire
920 4568 976 4626 5.
1037 4569 1441 4645 ,ilwaplzysia
1491 4575 1545 4628 el
1591 4572 1651 4631 2.
1714 4571 2035 4646 Physz'eor.
2099 4577 2173 4633 ut

628 4673 806 4749 prius
852 4672 1068 4733 notavi
1119 4671 1202 4735 de
1254 4673 1658 4745 causalitate,
1717 4675 2051 4753 prioritate
2106 4681 2173 4737 et

630 4778 964 4839 nobilitate
1009 4778 1173 4840 finis.
1224 4780 1377 4841 Cum
1413 4784 1711 4859 arguitur
1740 4781 1984 4843 falsitas
2018 4800 2169 4860 pro-

630 4886 992 4961 positionis,
1045 4888 1252 4963 primo
1318 4888 1760 4962 comparando
1823 4891 2028 4950 Deum
2085 4890 2171 4950 ad

627 4999 1017 5064 creaturam,
1055 4993 1222 5067 dic0‚
1269 5001 1336 5055 ut
1387 4996 1586 5056 babet
1635 4998 1756 5056 iste
1801 4998 1866 5056 z‘n
1909 4998 2166 5072 proloy.

626 5106 681 5160 e!
714 5102 896 5173 alibi,
933 5099 1112 5179 quod
1146 5099 1438 5162 efficiens
1471 5106 1606 5179 agit
1649 5109 1920 5181 propter
1947 5102 2169 5174 finem,

625 5226 756 5269 non
788 5226 1054 5288 semper
1075 5210 1197 5280 sui,
1224 5209 1343 5269 sed
1369 5210 1664 5271 effectus.
1697 5212 1848 5271 Dico
1873 5210 2169 5281 ulteriuS‚

628 5315 947 5393 quidquid
1005 5317 1112 5377 alii
1165 5315 1408 5387 dicant,
1464 5315 1642 5393 quod
1703 5316 1864 5375 ra·io
1913 5314 2056 5375 finis
2105 5316 2172 5377 in

629 5423 788 5494 Deo,
839 5430 938 5483 est
971 5423 1146 5499 prior
1191 5426 1446 5485 ratione
1504 5420 1943 5483 efficientisin
2005 5422 2168 5499 ipso.

629 5528 935 5590 Concedo
991 5530 1206 5610 igitur,
1254 5529 1430 5610 quod
1479 5532 1654 5590 Deus
1707 5530 1843 5610 agit
1901 5535 2175 5606 propter

630 5653 725 5709 se,
764 5642 1077 5716 tanquam
1109 5643 1377 5717 propter
1423 5638 1620 5700 finem
1662 5644 1991 5700 creaturae.
2041 5639 2173 5699 Nec

1819 439 1919 501 DE
1962 438 2207 501 PRlMO
2254 434 2642 499 PRlNClPlO

2273 600 2573 677 sequitur
2617 594 2795 675 quod
2848 595 2932 654 sit
2979 591 3177 670 prior,
3238 589 3340 651 vel
3402 586 3681 651 nobilior
3723 601 3822 657 se,

2273 706 2392 768 sed
2426 703 2608 785 quod
2665 702 2831 764 ratio
2880 699 3027 762 finis
3062 702 3126 762 in
3184 702 3326 775 ipso
3369 696 3451 757 sit
3492 695 3669 774 prior
3723 709 3824 753 ra-

2273 815 2450 876 tione
2502 811 2874 882 efficientis»,
2923 813 2995 869 et
3052 807 3178 868 hoc
3227 821 3424 883 supra
3484 820 3603 882 per
3663 817 3832 880 opus

2269 921 2664 990 intellectuS,
2696 919 2834 980 sive
2867 916 3073 978 ,etiam
3104 929 3184 975 ex
3242 916 3469 973 natura
3489 912 3607 972 rei.
3643 907 3835 984 Quod

2275 1027 2551 1090 ulterius
2581 1025 2878 1104 arguitur
2918 1023 3001 1083 de
3052 1023 3413 1093 voluntate,
3467 1024 3591 1081 etc.
3648 1016 3817 1086 dIco,

2280 1134 2460 1215 quod
2490 1135 2641 1195 licet
2669 1132 2968 1193 voluntas
3001 1129 3216 1191 divina
3238 1130 3324 1189 sit
3352 1127 3560 1205 prima
3592 1125 3827 1203 regula

2282 1243 2827 1322 contingentium,
2875 1244 3197 1317 quantum
3250 1236 3332 1298 ad
3381 1235 3657 1299 liberam
3708 1234 3826 1296 de-

2281 1352 2809 1412 terminationem
2861 1351 2928 1408 et
2979 1347 3501 1426 contingentem,
3550 1343 3829 1421 loquen-

2281 1456 2364 1518 do
2401 1454 2483 1517 de
2545 1451 2815 1525 efficaci,
2862 1451 2967 1511 vel
3009 1449 3425 1529 beneplaciti,
3486 1465 3830 1527 nunquam

2290 1570 2507 1626 tamen
2551 1565 2710 1642 agit,
2765 1558 2883 1620 nisi
2925 1558 3397 1623 rationabiliter
3443 1560 3511 1619 et
3563 1562 3833 1636 propter

2280 1671 2479 1733 finem
2514 1670 2813 1744 effectus,
2838 1671 3027 1750 juxta
3073 1665 3255 1740 illud,
3310 1670 3475 1727 Deus
3524 1665 3678 1740 fecie
3720 1682 3828 1725 ra—

2278 1778 2584 1840 tionalem
2633 1785 3032 1851 creaturam,
3067 1781 3194 1836 etc.
3229 1773 3454 1848 Quaere
3491 1771 3544 1831 1.
3579 1771 3723 1831 disc.
3763 1775 3824 1832 2.
3857 1783 4006 1830 Dens
4043 1781 4168 1855 ,ιςὴςι

2283 1890 2348 1948 et
2400 1889 2653 1955 Omnia,
2700 1901 2993 1957 numero,
3051 1884 3357 1960 pondere,
3413 1885 3470 1940 et
3518 1893 3828 1938 mensura
3857 1845 4146 1955 Γῗζξὲηζξιῖ

2281 1994 2560 2055 condidit
2607 1998 2790 2064 Deus,
2850 1992 3183 2069 Sapientia
3242 1987 3334 2047 ll.
3391 1985 3602 2046 Primo
3661 1999 3823 2063 ergo
3946 1969 4088 2018 ²⁸7⁶?-

2280 2101 2416 2162 vult
2446 2099 2638 2162 finem
2675 2103 2737 2162 in
2771 2117 2867 2171 se,
2904 2102 2971 2160 et
3012 2097 3156 2159 sibi.
3192 2093 3499 2156 Secundo
3532 2092 3672 2154 vult
3702 2090 3826 2152 alia

2283 2213 2551 2284 propter
2594 2207 2799 2278 illum,
2844 2210 2912 2268 et
2940 2206 3123 2267 illum
3166 2204 3329 2266 aliis.
3367 2202 3678 2263 Similiter
3706 2217 3821 2260 vo·
3895 2222 4148 2272 polmus„

2279 2315 2496 2376 luntas
2544 2319 2761 2375 creata
2812 2315 2948 2374 vult
2999 2307 3315 2390 quidquid
3368 2308 3505 2370 vult
3558 2312 3831 2385 propter
3858 2285 3975 2333 vecte
4000 2286 4172 2332 ΝΜ

3900 2363 3963 2395 ro
4002 2357 4083 2394 {er
4133 2350 4173 2384 '-

2280 2421 2481 2484 finem
2539 2441 2553 2482 ε
2603 2427 2730 2483 aut
2776 2437 3027 2490 verum,
3070 2421 3670 2494 autapparentem,
3716 2364 3896 2476 autp
3952 2356 4143 2459 gem-n

2280 2535 2734 2610 praestitutum.

2360 2637 2578 2701 Refert
2602 2653 2761 2715 ergo
2808 2651 3193 2712 comparare
3243 2631 3448 2693 finem
3499 2629 3584 2691 ad
3636 2629 3829 2690 intel·
3970 2624 4055 2676 50.

2280 2749 2524 2809 lectum
2606 2749 2671 2805 et
2746 2741 2830 2803 ad
2898 2743 3332 2812 voluntatem,
3396 2737 3479 2799 ad
3551 2753 3829 2799 causam

2279 2854 2643 2915 naturalem
2687 2859 2753 2914 et
2781 2852 3075 2915 liberam.
3128 2844 3348 2909 Refert
3399 2850 3598 2910 etiam
3646 2862 3828 2906 com-

2279 2979 2512 3040 parare
2543 2962 2950 3024 voluntatem
2984 2956 3069 3019 ad
3100 2956 3297 3028 velle,
3331 2961 3396 3018 et
3427 2955 3510 3017 ad
3559 2955 3731 3017 velle
3782 2959 3827 3016 Α

2281 3086 2451 3143 esse,
2481 3068 2585 3131 vel
2617 3084 2748 3131 non
2796 3083 2967 3128 esse.
3006 3066 3098 3124 De
3148 3063 3400 3125 actibus
3452 3079 3610 3142 ergo
3658 3060 3825 3121 deli·

2279 3178 2586 3242 berativis
2662 3183 2728 3239 et
2786 3179 3068 3239 maxime
3131 3173 3645 3248 transeuntibuS,
3728 3174 3834 3232 est

2280 3304 2509 3350 verum
2575 3283 2757 3364 quod
2824 3301 3033 3365 agens
3094 3299 3290 3344 omne
3353 3284 3494 3361 agit
3557 3286 3835 3359 propter

2279 3394 2475 3457 finem
2509 3394 2805 3456 effectus
2858 3393 2948 3451 De
2988 3390 3242 3451 actibus
3287 3388 3830 3459 iinmanentibu5‚
3931 3416 4102 3479 1¹90ss

3867 3488 4149 3527 transeun-

2282 3504 2753 3569 differentibus,
2790 3506 2856 3561 et
2885 3500 3290 3576 subreptitiis
3329 3498 3527 3559 habet
3572 3497 3831 3574 speria·
3892 3550 3975 3589 m,
4002 3555 4131 3587 sem-

2278 3612 2407 3673 lem
2460 3608 2931 3678 difficultatem,
2992 3614 3213 3669 movet
3282 3610 3456 3669 enim
3527 3604 3824 3667 efficien-
3882 3602 4169 3727 ‚ffir'gqik-

2277 3725 2409 3781 tem
2438 3719 2727 3780 theorice
2758 3704 3105 3794 objective,
3132 3714 3384 3775 scilicet
3415 3683 3879 3775 intellectum-²
3957 3683 4088 3775 affe-m.

2280 3822 2458 3893 liter;
2494 3821 2867 3884 intellectus
2899 3835 3053 3880 vero
3085 3820 3408 3896 practicus
3455 3817 3656 3877 dictat
3704 3833 3835 3878 vo-

2279 3929 2537 3996 luntati,
2584 3927 2701 4000 sic,
2757 3927 2861 3988 vel
2909 3927 3024 3993 sic.
3091 3931 3155 3985 et
3204 3924 3503 4002 sequitur
3562 3923 3827 3986 electio.

2281 4037 2506 4112 Quaere
2566 4034 2689 4094 hoc
2748 4032 2959 4103 aliiue,
3026 4030 3176 4093 aubi
3239 4030 3302 4091 in
3360 4029 3717 4091 moralibus
3762 4034 3838 4091 et.

2280 4141 2458 4221 apud
2489 4138 2883 4217 Tlieologos,
2932 4142 2997 4198 et
3063 4138 3342 4198 maxime
3396 4138 3462 4198 in
3529 4137 3837 4200 doctrina

2279 4250 2499 4329 hujus,
2532 4253 2603 4307 ut
2635 4246 2824 4307 nosti.
2862 4245 3148 4306 Breviter
3193 4260 3352 4322 ergo
3408 4248 3624 4322 potest
3674 4244 3832 4319 dici,
3874 4266 3958 4314 Aet
3990 4263 4142 4310 meio-

2283 4355 2462 4435 quod
2495 4353 2647 4415 nihil
2676 4352 2743 4415 fit
2770 4353 2835 4413 in
2869 4351 3160 4419 entibus,
3199 4350 3375 4428 quod
3404 4367 3533 4412 non
3566 4351 3835 4412 ordina·
3868 4333 4162 4440 ’ᾌζηζῖἰζα

2284 4469 2387 4525 tur
2416 4460 2496 4522 ad
2557 4459 2754 4522 finem
2814 4459 2894 4519 ab
2956 4463 3199 4537 agente
3261 4456 3506 4536 aliquo.
3570 4456 3729 4519 Vide
3761 4459 3835 4521 in

2281 4571 2636 4650 questione
2699 4568 2782 4629 ‹le
2832 4569 3003 4629 bona
3061 4566 3345 4637 fortuna,
3407 4572 3474 4627 et
3515 4567 3663 4630 alibi
3713 4568 3834 4629 ubi

2278 4696 2474 4755 supra
2509 4678 2723 4737 notavi
2761 4694 2772 4735 :
2812 4692 3040 4753 quaere
3073 4677 3400 4752 antiquos.
3430 4674 3526 4736 Ad
3562 4675 3833 4736 tertium

2281 4790 2499 4865 potest
2545 4785 2692 4853 diei,
2729 4782 2907 4861 quod
2942 4787 3042 4843 est
3073 4780 3448 4841 necessaria
3499 4783 3832 4842 connexio

2280 4895 2347 4954 in
2412 4888 2644 4951 ordine
2703 4890 2783 4951 acl
2847 4888 3135 4951 tertium,
3197 4886 3445 4948 scilicet
3514 4888 3832 4949 effectum

2284 4997 2809 5077 producendum.
2846 4995 2918 5056 Et
2960 5010 3103 5054 cum
3158 4992 3392 5055 dicitur
3431 4998 3604 5070 quod
3636 4997 3836 5071 prius

2274 5114 2480 5183 posset
2512 5122 2662 5173 esse,
2699 5110 2820 5164 etc.
2857 5117 3080 5161 verum
3132 5106 3451 5177 quantuni
3501 5101 3582 5162 ad
3629 5103 3827 5165 abso·
3868 5122 3995 5174 Quis
4022 5117 4137 5180 finis

2282 5214 2482 5273 lutum
2544 5210 2887 5286 utriusque
2951 5207 3120 5266 inter
3168 5223 3240 5267 se
3289 5215 3690 5285 comparata,
3739 5209 3829 5269 lo·
3862 5187 4144 5293 ”g'gepss-‘Jj‘

2283 5317 2548 5400 quendo
2584 5317 2665 5378 ‹ie
2714 5315 2844 5377 fine
2896 5313 3278 5389 simpliciter
3325 5314 3580 5391 ultimo,
3628 5332 3829 5376 secus
3863 5302 4158 5370 ‘'sfiffl‘ffl‘ff'

2282 5431 2359 5489 dc
2425 5423 2811 5504 producibili
2859 5424 2938 5483 ab
2992 5418 3321 5484 efficiente
3384 5442 3396 5482 ε
3462 5436 3611 5483 narn
3676 5423 3832 5483 ticet

2283 5535 2426 5595 finis
2457 5550 2725 5611 semper
2754 5532 3078 5614 objective
3122 5531 3463 5612 praecedat
3534 5532 3595 5593 in
3651 5533 3831 5593 exis-

2287 5645 2511 5714 tentia,
2567 5646 2786 5702 tamen
2854 5641 3245 5720 plerumque
3312 5640 3693 5720 producitur
3764 5643 3832 5702 in
