4252 6393
1952 419 2193 481 INDEX
3555 414 3672 476 805

477 577 813 653 ‘QUAEsrlo
843 577 936 641 Ν.
1044 584 1262 639 Utrum
1302 584 1460 638 Deus
1481 580 1555 637 de
1589 580 1955 636 necessitate
1996 578 2461 650 producatres?
2542 617 3503 633 ...........
3581 575 3690 630 302

1062 689 1214 740 ΛΒΤ.
1248 687 1288 741 1.
1313 681 1848 757 Referturjopinio
1870 684 2209 739 Aviccnnae
2256 720 3507 738 ..............
3583 678 3690 733 303

1056 790 1210 842 ΛΒΤ.
1245 787 1309 842 11.
1348 787 1678 853 Statuitur,
1703 790 1762 842 et
1785 785 2194 842 confirmatur
2224 787 2531 861 sententia
2554 785 3009 841 catholicorum
3024 823 3508 838 ......
3585 780 3693 834 307

480 890 808 960 QUAESTlO
840 894 908 948 V.
1061 893 1284 948 Utrum
1320 894 1479 946 Deus
1515 894 1708 962 possit
1735 890 1979 961 aliquid
2003 890 2279 946 educere
2306 889 2382 945 de
2415 888 2653 946 nihilo?
2734 925 3502 943 .........
3579 883 3686 937 326

1051 996 1209 1049 ΛΒΤ.
1243 998 1285 1050 1.
1363 994 1757 1050 Referuntur
1787 994 2112 1063 opiniones
2145 997 2434 1049 veterum
2498 989 3010 1061 Philosophorum
3024 1026 3506 1042 ......
3583 983 3690 1037 Bw

1055 1100 1206 1153 ΛΒΤ.
1240 1099 1302 1154 ll.
1349 1096 1652 1154 Statuitur
1673 1097 1906 1152 veritas
1930 1095 2243 1152 Catholica
2255 1129 3499 1150 ..............
3577 1087 3685 1141 327

479 1199 813 1267 QUAESTIO
838 1202 927 1256 Vl.
1061 1204 1281 1258 Utrum
1315 1204 1604 1258 creatura
1639 1198 2092 1272 possitaliquid
2115 1198 2367 1255 creare?
2447 1234 3501 1253 ............
3577 1193 3683 1248 334

1061 1308 1214 1361 ΑΒΤ.
1248 1303 1283 1361 1.
1362 1305 1726 1362 ostenditur
1754 1310 2109 1362 creaturam
2137 1318 2255 1360 non
2286 1316 2464 1375 posse
2493 1300 2738 1359 creare?
2822 1339 3498 1357 ........
3574 1297 3679 1353 334

1054 1414 1204 1466 ΛΒΤ.
1235 1411 1296 1466 11.
1367 1411 1497 1465 Non
1530 1423 1706 1480 posse
1757 1411 2224 1466 communicare
2255 1413 2559 1465 creaturae
2592 1410 2890 1464 virtutem
2939 1405 3215 1464 creandi.
3298 1448 3309 1460 .
3393 1446 3404 1459 .
3488 1445 3499 1457 .
3577 1403 3678 1457 341

1062 1513 1214 1566 ΛΒΤ.
1248 1509 1329 1566 111.
1373 1513 1740 1568 Creaturam
1782 1528 1984 1583 neque
2017 1511 2392 1569 secundario
2424 1525 2602 1581 posse
2634 1511 2954 1581 cooperari
2989 1511 3108 1565 Deo
3137 1506 3412 1564 creanti?
3492 1548 3504 1561 .
3580 1505 3687 1560 343

478 1589 958 1700 ΟυκΕδΤιςζῇῖζ
979 1615 994 1622 “
1058 1617 1279 1671 Utrum
1312 1612 1656 1671 substantia
1688 1616 2039 1685 spiritualis
2062 1629 2176 1684 per
2198 1628 2262 1670 se
2294 1614 2656 1682 subsistens,
2694 1614 2789 1670 vel
2818 1619 2959 1684 apta
2992 1616 3131 1668 nata
3162 1610 3500 1668 subsistere

1131 1718 1444 1773 innitatur
1489 1715 1897 1774 fundamento
1945 1717 2262 1774 materiae?
2344 1755 3497 1771 .............
3576 1716 3683 1771 346

1049 1824 1198 1876 ΛΒΤ.
1234 1822 1273 1875 1.
1373 1819 1529 1886 Quid
1564 1820 1923 1878 sitmateria
1949 1822 2149 1891 prima
2162 1858 3500 1875 ...............
3577 1817 3683 1873 346

1057 1928 1206 1979 ΑΒΤ.
1238 1927 1300 1981 11.
1331 1927 1551 1982 Utrum
1577 1923 1758 1982 detur
1790 1926 2051 1981 materia
2084 1925 2149 1980 in
2183 1923 2545 1983 substantiis
2565 1920 3006 1993 spiritualibus
3015 1963 3499 1977 ......
3576 1921 3684 1976 349

480 2028 1016 2098 QUAESTlossxut„
1063 2032 1284 2088 Utrum
1352 2045 1580 2101 suppos
1555 2032 1669 2086 ito
1728 2031 1889 2102 quod
1959 2033 2023 2086 in
2092 2031 2384 2087 omnibus
2441 2029 2825 2096 substantiiS‚
2899 2032 3022 2084 tam
3066 2025 3505 2098 spi1itualibus

1125 2148 1312 2205 quam
1344 2134 1773 2204 corporalibus
1822 2136 1901 2190 sit
1950 2135 2232 2199 materia,
2265 2148 2342 2189 an
2375 2133 2550 2189 sitin
2582 2130 2870 2188 omnibus
2893 2129 3107 2186 eadem
3156 2128 3498 2185 secundum

1129 2235 1413 2293 tamdem
1448 2239 1750 2294 rationem
1805 2239 2169 2295 univocam?
2248 2275 3494 2292 ..............
3571 2236 3677 2292 364

1062 2343 1212 2397 ΛΒΤ.
1247 2344 1288 2397 1.
1364 2345 1655 2409 Quaenam
1689 2344 1769 2399 sit
1803 2357 1952 2399 vera
1984 2345 2209 2401 entitas
2234 2341 2545 2399 materiae?
2626 2381 3492 2396 ..........
3570 2340 3674 2395 364

1061 2449 1210 2500 ΛΒΤ.
1245 2444 1302 2500 11.
1364 2447 1656 2511 Quaenam
1690 2447 1770 2503 sit
1801 2461 1950 2503 vera
1983 2448 2257 2518 potentia
2289 2447 2588 2512 materiae,
2620 2448 2680 2502 et
2711 2459 2788 2500 an
2812 2443 3235 2514 distinguatur
3255 2441 3330 2498 ab
3354 2441 3500 2498 illa?
3574 2444 3680 2498 368

1059 2551 1212 2603 ΛΒΤ.
1245 2546 1334 2603 ltl.
1374 2550 1453 2602 De
1485 2550 1803 2620 primitate
1853 2551 2134 2606 materiae
2144 2586 3492 2604 ...............
3568 2544 3676 2600 373

1055 2652 1206 2704 ΛΒΤ.
1240 2650 1332 2704 lV.
1371 2651 1588 2706 Utrum
1624 2653 1688 2706 in
1719 2651 2009 2707 omnibus
2041 2652 2227 2708 rebus
2259 2654 2341 2708 sit
2374 2666 2493 2707 una
2536 2649 2831 2707 materia?
2912 2690 3492 2704 .......
3568 2647 3675 2704 377

1063 2755 1214 2807 ΑΒΤ.
1252 2755 1320 2807 V.
1373 2755 1593 2810 Utrum
1630 2756 1690 2810 in
1728 2758 1987 2813 materia
2028 2757 2233 2827 prima
2269 2758 2346 2812 sit
2375 2757 2651 2826 potentia
2684 2755 2760 2810 ad
2793 2770 3007 2811 omnes
3038 2756 3293 2823 formas,
3335 2760 3499 2812 etan

1415 2859 1579 2914 nude
1612 2863 1856 2930 sumpta
1891 2861 2079 2930 possit
2112 2859 2443 2915 informari
2486 2858 2561 2913 ab
2609 2863 2830 2928 agente
2871 2857 3117 2915 creato?
3199 2900 3211 2915 .
3294 2901 3305 2914 .
3389 2902 3400 2915 .
3484 2903 3496 2915 .
3574 2863 3682 2917 385

1055 2962 1204 3014 ΛΒΤ.
1242 2959 1329 3016 Vl.
1366 2963 1587 3017 Utrum
1618 2976 1731 3032 per
1755 2964 1860 3017 Dei
1883 2964 2222 3034 potentiam
2256 2962 2740 3033 possitcxistere
2792 2963 3053 3019 materia
3088 2962 3323 3033 absque
3355 2962 3523 3018 omni

955 3141 966 3144 ,
1430 3064 1632 3119 forma
1672 3064 1695 3118 2
1775 3108 1787 3121 .
1870 3109 1881 3120 .
1913 3081 1919 3087 ·
1966 3105 3493 3120 .................
3572 3066 3677 3121 388

482 3166 812 3237 QUAESTIO
833 3143 954 3245 {xj
991 3137 1012 3154 Χ
1058 3165 1383 3235 Supposito
1433 3165 1595 3238 quod
1626 3167 1834 3223 anima
1895 3169 2221 3227 rationaIIs
2269 3170 2348 3225 sit
2396 3169 2730 3242 composita
2788 3183 2863 3224 ex
2915 3170 3174 3226 materia
3206 3172 3264 3225 et
3295 3171 3514 3236 forma,

1137 3276 1346 3326 utrum
1381 3288 1530 3327 vere
1559 3278 1612 3329 et
1651 3275 2078 3332 essentialiter
2111 3276 2296 3332 saciat
2330 3291 2525 3332 unum
2558 3290 2698 3332 cum
2732 3272 3025 3345 corpore?
3104 3316 3492 3329 .....
3570 3278 3677 3332 392

1059 3378 1210 3427 ΛΒΤ.
1247 3377 1286 3429 1.
1369 3377 1585 3431 Utrum
1625 3378 1822 3432 forma
1846 3376 2297 3445 substantialis,
2331 3383 2390 3435 et
2423 3380 2683 3435 materia
2718 3378 2902 3433 saciat
2935 3391 3127 3433 unum
3158 3392 3272 3449 per
3301 3392 3365 3434 se
3397 3393 3497 3433 es-

1408 3482 1690 3547 sentiale,
1723 3488 1782 3539 et
1811 3484 2098 3539 accidens
2130 3500 2271 3540 cum
2305 3485 2578 3555 subjecto
2636 3498 2828 3541 unum
2889 3480 3306 3539 accidentale?
3387 3523 3398 3536 .
3481 3525 3492 3538 .
3569 3485 3677 3538 392

1053 3588 1206 3637 ΛΒΤ.
1243 3584 1303 3638 11.
1341 3585 1559 3639 Utrum
1586 3599 1659 3640 ex
1693 3587 1901 3642 anima
1933 3592 1992 3644 et
2023 3602 2281 3658 corpore
2314 3585 2417 3643 flat
2450 3601 2644 3642 unum
2669 3600 2782 3656 per
2812 3600 2898 3651 se,
2932 3586 3124 3644 etiam
3159 3586 3221 3641 in
3248 3594 3497 3643 senten-

855 3750 902 3759 Γ
1399 3688 1484 3744 tia
1516 3702 1754 3756 eorum,
1787 3692 1892 3759 qui
1929 3691 1989 3745 in
2015 3688 2229 3746 eadem
2253 3692 2460 3747 anima
2491 3694 2729 3760 ponunt
2758 3687 3118 3745 materiam?
3199 3732 3210 3744 .
3294 3732 3304 3743 .
3387 3733 3398 3744 .
3481 3732 3493 3745 .
3568 3691 3675 3746 397

477 3789 760 3855 QUAESTI
829 3754 945 3867 §J
1053 3790 1269 3845 Utrum
1303 3790 1604 3847 sensitiva
1640 3790 1908 3848 hominis
1931 3796 2007 3850 sit
2029 3810 2062 3850 a
2085 3799 2421 3863 generante
2454 3793 2554 3849 vel
2578 3809 2610 3849 a
2631 3791 2923 3849 creante?
3006 3834 3492 3849 ......
3570 3795 3676 3851 437

1053 3899 1203 3951 ΛΒΤ.
1237 3900 1274 3953 1.
1356 3897 1632 3967 Singulae
1659 3901 1885 3954 animae
1918 3901 2253 3956 rationales
2285 3898 2645 3955 immediate
2677 3913 2710 3953 a
2743 3900 2867 3955 Deo
2896 3901 3209 3954 creantur.
3293 3940 3304 3953 .
3388 3940 3399 3953 .
3482 3940 3494 3953 .
3571 3901 3677 3956 438

1053 4003 1204 4054 ΛΒΤ.
1249 3998 1323 4054 ΙΙ.
1360 4001 1684 4070 Supposita
1718 4001 1944 4055 animae
1975 4002 2287 4058 creatione
2348 3999 2652 4071 quomodo
2685 3999 2930 4055 dicetur
2961 4000 3140 4055 homo
3172 4014 3496 4069 generare,

1411 4110 1518 4162 aut
1550 4108 1879 4176 generari?
1960 4148 3492 4164 .................
3571 4111 3671 4167 441

1054 4208 1207 4261 ΛΒΤ.
1235 4208 1317 4262 111.
1357 4210 1405 4262 A
1436 4223 1555 4279 quo
1577 4208 1943 4280 producitur
1998 4211 2209 4266 anima
2241 4211 2542 4267 sensitiva
2574 4212 2636 4266 in
2687 4208 2922 4266 brutis?
3004 4252 3491 4267 ......
3569 4215 3673 4269 444

1057 4316 1208 4367 ΛΒΤ.
1242 4313 1334 4367 lv.
1373 4314 1572 4368 Vitam
1605 4314 1974 4370 sensitivam
2008 4316 2278 4371 hominis
2310 4315 2385 4371 ab
2417 4320 2591 4371 extra
2624 4314 2958 4386 provenire
2989 4320 3049 4373 et
3076 4318 3303 4371 creari.
3386 4358 3397 4373 .
3478 4360 3490 4373 .
3569 4318 3669 4373 451

1058 4418 1208 4468 ΛΒΤ.
1245 4416 1312 4469 V.
1346 4415 1701 4472 Secundum
1737 4417 1946 4471 varias
1978 4418 2449 4485 generationum
2482 4418 2722 4488 species
2754 4417 2994 4487 requiri
3028 4418 3215 4475 etiam
3247 4418 3498 4476 diversa

831 4590 836 4595 ff
867 4573 878 4576 ⁴
911 4576 924 4593 Ἢ
1414 4518 1683 4586 agentia,
1718 4523 1776 4574 et
1807 4518 2170 4575 inhumana
2213 4520 2452 4591 requiri
2487 4520 2835 4591 praesertim
2869 4536 3059 4589 agens
3090 4520 3398 4580 divinum.
3482 4567 3493 4579 .
3570 4526 3676 4581 457

482 4596 940 4753 QUAESTIQJXL
1050 4624 1272 4679 Utrum
1331 4622 1540 4676 anima
1580 4624 1660 4678 sit
1690 4638 1801 4677 sua
1858 4624 2164 4693 potentia?
2245 4666 3111 4682 ..........
3146 4634 3153 4635 ’
3193 4664 3577 4684 .....
3575 4632 3600 4686 4
3605 4634 3675 4688 59

875 4752 882 4755 -
1054 4730 1210 4782 ΑΒΤ.’
1242 4724 1284 4780 l.
1364 4727 1426 4782 In
1462 4729 1578 4780 Deo
1609 4723 1727 4780 sola
1760 4730 1852 4782 est
1885 4729 2159 4796 potentia
2192 4730 2415 4793 activa,
2449 4729 2514 4783 in
2548 4729 2808 4785 materia
2839 4730 3043 4800 prima
3067 4731 3193 4788 sola
3225 4733 3495 4803 passiva,

1412 4830 1476 4883 in
1513 4829 1760 4885 entibus
1808 4829 2201 4886 intermediis
2246 4836 2366 4887 tam
2408 4832 2613 4887 activa
2634 4846 2820 4902 quam
2845 4834 3115 4904 passiva.
3199 4877 3210 4889 .
3287 4879 3297 4890 .
3387 4879 3398 4891 .
3482 4879 3493 4893 .
3572 4840 3677 4894 460

1056 4933 1206 4985 ΛΒΤ.
1242 4933 1302 4987 11.
1380 4934 1442 4997 Q
1450 4931 1690 4988 iomodo
1720 4948 1784 4987 se
1816 4932 2080 4989 habeant
2112 4934 2400 5004 potentiae
2435 4936 2809 5004 vegetativa,
2845 4939 3165 5006 sensitiva,
3198 4943 3258 4996 et
3315 4940 3502 4997 intel-

1424 5036 1649 5092 lectiva
1702 5051 1874 5108 resp
1868 5041 1983 5093 ctu
2042 5038 2269 5093 animae
2319 5038 2606 5096 human
2562 5074 3497 5101 ............
3574 5046 3674 5101 461

1007 5210 1010 5211 7
1054 5142 1205 5194 ΛΒΤ.
1242 5140 1325 5195 lli,
1353 5142 1444 5193 An
1480 5139 1688 5194 anima
1721 5138 2148 5209 distinguatur
2181 5140 2440 5198 realite1
2471 5158 2502 5197 a
2536 5143 2665 5198 suis
2697 5145 3024 5214 potentiis?
3106 5189 3496 5203 .....
3575 5149 3680 5204 468

477 5239 809 5302 QUAEsl‘lo
847 5241 970 5299 Xll.
1051 5245 1273 5300 Utrum
1316 5244 1615 5299 sensitiva
1651 5241 1924 5298 hominis
1955 5245 2130 5301 sitin
2167 5244 2450 5316 qualibet
2506 5250 2683 5316 parte
2714 5248 3028 5317 corporis?
3107 5292 3495 5306 .....
3575 5254 3680 5311 483

1058 5338 1209 5387 ΛΒΤ.
1247 5336 1284 5388 1.
1365 5338 1457 5389 An
1492 5335 1700 5389 anima
1721 5336 1888 5391 sitin
1912 5352 2193 5408 corpore,
2225 5343 2286 5393 ut
2320 5337 2495 5395 nullo
2530 5339 2706 5397 modo
2728 5342 2808 5395 sit
2838 5342 3014 5396 extra
3044 5355 3267 5413 corpus
3290 5342 3311 5395 2⁷
3393 5386 3404 5397 .
3488 5387 3499 5400 .
3578 5348 3684 5404 483

1060 5426 1214 5478 ΛΒΤ.
1249 5426 1312 5478 11.
1381 5426 1900 5495 Uuamquamque
1933 5429 2210 5483 animam
2271 5428 2378 5483 uni
2412 5430 2526 5485 soli
2587 5431 2831 5501 corpori
2892 5433 3309 5503 appropriari.
3392 5476 3404 5488 .
3488 5478 3499 5491 .
3577 5440 3682 5500 486

1062 5520 1209 5572 ΛΒΤ.
1243 5521 1326 5574 111.
1374 5519 1663 5574 Animam
1716 5534 1851 5575 esse
1903 5523 2085 5577 totam
2130 5523 2193 5577 iu
2248 5525 2366 5579 toto
2396 5538 2675 5595 corpore,
2736 5529 2795 5580 et
2853 5527 3036 5581 totam
3096 5526 3159 5583 in
3223 5529 3500 5598 qualibet

1419 5619 1592 5689 parte
1697 5657 3504 5685 ....................
3581 5628 3696 5688 487
