4252 6393
1662 439 2023 515 QUAEs'rlo
2067 441 2173 503 Xll

3409 442 3525 507 487

433 596 644 677 Quod
688 600 961 671 autem
1022 618 1182 669 non
1248 599 1505 691 possit
1559 620 1735 671 esse
1798 600 1877 672 in
1991 602 2521 693 impossibile.
2568 623 2749 675 cum
2817 603 3065 677 etiam
3126 604 3399 676 anima
3441 606 3537 686 ad

346 712 496 786 alio
526 732 900 805 corpore,
951 718 1174 806 patet
1208 716 1474 808 primo
1506 738 1605 788 ex
1641 716 1873 790 modo

345 851 498 901 suaa
574 830 1161 923 productionis,
1272 832 1565 906 Anima
1658 832 1872 906 enim

343 947 788 1028 rationalis,
860 948 1018 1022 etsi
1086 967 1247 1020 non
1314 949 1707 1022 educatur
1781 951 1871 1023 de

339 1063 695 1157 potentia
764 1065 1133 1137 materiae
1209 1066 1698 1157 corporalis,
1783 1070 1870 1139 ut

338 1202 472 1274 per
556 1180 707 1255 hoc
777 1181 1189 1257 efficiatur
1262 1182 1410 1256 tali
1499 1185 1869 1257 materiae

336 1300 687 1392 propria,
762 1304 1034 1373 tamen
1114 1301 1462 1375 creando
1529 1300 1868 1374 infundi-

230 1439 233 1440 ’
288 1439 295 1445 ·
332 1421 482 1497 tur,
517 1421 598 1490 et
635 1415 1110 1490 infundendo
1147 1423 1507 1498 creatur,
1543 1422 1623 1491 et
1656 1418 1867 1491 istud

331 1557 454 1602 esse
493 1553 756 1614 suum,
795 1534 951 1607 etsi
991 1534 1083 1607 de
1137 1533 1421 1616 nihilo,
1471 1539 1743 1608 tamen
1788 1535 1867 1607 in

331 1670 673 1742 corpore
751 1651 899 1723 tali
974 1651 1518 1725 determinato
1597 1651 1863 1744 ipsum

328 1766 644 1860 accipit.
710 1772 901 1850 Quae
951 1771 1223 1841 autem
1287 1768 1561 1843 insunt
1618 1770 1864 1844 alicui

330 1903 372 1955 a
410 1905 553 1956 sua
619 1884 1064 1966 creatione,
1115 1884 1387 1958 insunt
1438 1886 1510 1956 ei
1572 1906 1863 1960 conna-

328 2001 730 2081 turaliter,
780 2001 977 2073 unde
1042 2022 1141 2075 ex
1200 2001 1346 2073 tali
1392 2002 1649 2084 mode,
1706 2024 1860 2095 quo

323 2138 473 2189 non
511 2123 777 2199 extra,
818 2120 951 2191 sed
1003 2118 1081 2190 in
1113 2140 1461 2211 corpore
1496 2123 1855 2203 creatur,

324 2237 745 2329 quamdam
815 2237 1319 2326 singularem
1380 2237 1860 2330 appropria-

323 2354 619 2429 tionem
652 2359 732 2427 et
767 2355 1386 2447 proportionem
1413 2354 1732 2428 videtur
1764 2355 1859 2427 ad

324 2472 506 2543 illud
546 2492 851 2564 eorpus
897 2470 1194 2542 habere
1242 2491 1484 2563 quam
1526 2492 1685 2544 non
1728 2472 1858 2544 ha-

323 2587 440 2662 bet
467 2588 561 2659 ad
600 2586 843 2668 aliud,
876 2591 962 2661 ut
999 2587 1234 2658 istius
1260 2586 1857 2663 soliusdicatur

325 2703 579 2776 forma
613 2708 695 2777 et
732 2702 1151 2795 perfectio,
1201 2703 1385 2795 quia
1421 2703 1499 2774 in
1533 2703 1692 2777 isto
1724 2731 1858 2774 esse

321 2820 637 2913 accipit.

398 2939 955 3011 Consti-matur
1023 2942 1297 3011 autem
1371 2938 1541 3011 liaec
1611 2939 1853 3021 ratio,

319 3057 494 3147 quia
537 3057 609 3129 si
661 3056 929 3128 forma
978 3056 1462 3148 appropriat
1508 3056 1659 3128 sibi
1696 3075 1855 3127 ma-

318 3172 633 3254 teriam,
683 3175 985 3264 quanto
1046 3170 1320 3264 aliqua
1361 3171 1630 3244 forma
1672 3169 1852 3264 plus

315 3287 541 3361 habet
575 3289 667 3361 de
703 3286 1022 3359 ratione
1055 3286 1364 3369 formae,
1405 3291 1634 3361 tanto
1671 3287 1851 3380 plus

315 3405 453 3477 sibi
485 3403 974 3498 appropriat
1011 3403 1445 3478 materiam
1482 3429 1497 3473 :
1535 3404 1667 3477 sed
1691 3402 1854 3475 ani-

318 3542 437 3593 ma
482 3520 917 3594 rationalis
961 3524 1087 3595 est
1129 3520 1295 3601 illa,
1353 3519 1441 3593 in.
1475 3543 1628 3613 qua
1670 3543 1850 3595 con-

318 3641 772 3710 summatur
855 3636 1118 3709 omnis
1212 3635 1431 3711 ratio
1525 3638 1845 3724 sormam

315 3776 532 3848 ergo,
571 3760 724 3829 etc.

401 3872 785 3954 Secundo,
831 3872 1214 3961 arguitur
1254 3892 1350 3943 ex
1393 3875 1628 3963 parte
1674 3894 1849 3966 per-

318 3988 687 4064 fectionis
769 3987 1061 4060 animae
1123 4013 1137 4056 ε
1208 3990 1291 4059 ut
1356 3988 1573 4059 enim
1656 3989 1853 4063 dicit

317 4107 820 4198 Augustinus
852 4107 960 4177 12.
994 4128 1192 4194 super
1235 4108 1537 4173 Genesim
1560 4108 1650 4173 ad
1686 4108 1852 4173 liele-

314 4246 475 4305 ram,
547 4248 597 4290 c.
676 4224 786 4293 31.
867 4221 1141 4293 anima
1194 4240 1338 4312 per
1395 4218 1570 4302 hoc,
1645 4221 1849 4312 quod

313 4340 587 4414 existit
646 4339 726 4411 in
788 4357 1163 4430 corpore,
1242 4336 1479 4410 habet
1545 4337 1847 4428 persec—

315 4460 477 4529 tum
569 4476 735 4528 suae
814 4458 1133 4527 naturae
1215 4453 1570 4535 modum;
1638 4456 1847 4530 sicut

316 4573 562 4662 igitur
600 4575 899 4645 natura
940 4570 1232 4642 animae
1291 4575 1415 4644 est
1486 4591 1642 4643 una
1710 4594 1846 4643 nu-

313 4690 663 4770 meralis,
692 4688 809 4760 sie
849 4686 1128 4758 modus
1155 4706 1319 4758 suae
1363 4688 1680 4759 naturae
1721 4693 1844 4762 est

314 4824 511 4877 unus
613 4803 1254 4896 singularizatus
1344 4807 1422 4876 et
1512 4805 1839 4887 totalis;

260 4938 261 4941 ’
313 4931 504 5013 ergo
546 4923 613 4994 si
656 4923 738 4995 in
787 4920 1094 4993 duobus
1146 4920 1631 5011 corporibus
1668 4942 1845 5013 pos-

315 5041 427 5111 set
520 5038 975 5113 successive
1068 5058 1271 5118 csse,
1365 5043 1845 5128 sequeretur

313 5154 512 5244 quod
578 5155 855 5228 eadem
939 5158 1239 5227 natura
1312 5153 1603 5224 animae.
1674 5176 1843 5246 pcr-

311 5268 684 5344 ficeretur
759 5270 1056 5362 duplici
1150 5269 1385 5341 modo
1450 5270 1839 5352 naturali,

314 5405 646 5477 quorum
668 5407 885 5458 nnus
917 5406 1077 5457 non
1113 5385 1445 5458 haberet
1481 5386 1843 5458 ordinem

313 5504 403 5573 ad
433 5504 805 5585 alterum,
854 5503 1063 5575 sieut
1115 5523 1259 5575 nec
1302 5501 1444 5574 illa
1493 5522 1847 5595 corpora

314 5617 591 5696 habent
641 5622 1005 5696 ordinem
1058 5621 1274 5694 inter
1318 5642 1425 5700 se,
1474 5622 1680 5710 quod
1721 5624 1845 5693 est

1993 718 2224 792 illum
2297 721 2618 792 modum
2684 720 3218 813 perfeetionis
3295 743 3534 813 quem

1987 835 2315 909 habeta
2365 857 2740 929 corporo,
2825 837 2929 908 sit
3020 837 3097 909 in
3170 839 3535 931 potentia

1990 954 2345 1046 passiva,
2410 954 2722 1026 nullum
2781 959 3053 1028 autem
3110 955 3271 1028 tale
3334 955 3532 1048 seip-

1987 1090 2165 1140 sum
2212 1069 2556 1161 perficit,
2605 1075 3091 1162 sequeretur
3128 1072 3336 1164 quod
3367 1071 3532 1143 ani-

1984 1206 2114 1257 ma
2165 1185 2368 1259 nulli
2430 1187 2762 1280 corpori
2821 1209 2903 1258 se
2964 1192 3239 1279 posset
3296 1190 3386 1261 de
3447 1211 3530 1262 se

1984 1301 2242 1373 unire.
3536 1377 3544 1382 ,

2069 1418 2372 1500 Tertio,
2420 1441 2517 1491 ex
2562 1422 2793 1492 modo
2835 1422 3278 1494 creationis
3318 1445 3332 1488 :
3368 1422 3526 1494 sor-

1984 1555 2111 1605 ma
2157 1555 2330 1627 quae
2384 1534 2621 1610 habet
2664 1540 3081 1629 aspectum
3133 1539 3227 1612 ad
3270 1539 3524 1610 diver-

1980 1669 2112 1721 sas
2155 1655 2497 1724 naturas
2557 1652 2648 1724 de
2702 1674 2786 1724 so
2843 1656 2966 1725 est
3032 1654 3519 1735 indifferens,

1976 1768 2105 1839 vel
2169 1769 2603 1860 aequaliter
2659 1792 2743 1842 se
2794 1769 3094 1842 habens
3149 1770 3243 1841 ad
3298 1771 3518 1853 illas,

1976 1904 2178 1971 ergo
2222 1884 2288 1954 si
2341 1884 2613 1956 anima.
2666 1889 2941 1977 posset
2995 1909 3174 1958 csse
3216 1886 3295 1958 in
3339 1888 3525 1959 ‹luo-

1972 1997 2117 2068 bus
2160 2000 2642 2092 corporibus
2684 2000 3159 2082 successive,
3200 2002 3274 2075 in
3301 2004 3524 2075 nullo

1973 2118 2256 2187 creata
2328 2116 2643 2198 fuisset,
2746 2119 2878 2190 sed
2957 2121 3197 2191 extra
3288 2140 3521 2191 omne

1974 2252 2298 2323 corpus,
2352 2237 2435 2305 ut
2491 2255 2589 2305 ex
2647 2233 2796 2306 hoc
2831 2241 3252 2327 appareat,
3317 2237 3522 2327 quod

1971 2345 2124 2420 hoe
2194 2348 2321 2419 vel
2387 2350 2577 2422 illud
2632 2350 3187 2424 indifferenter
3247 2357 3521 2445 posset

1971 2461 2482 2537 informare:
2541 2468 2673 2539 sed
2734 2468 3166 2539 secundum
3224 2469 3531 2542 verita-·

1969 2585 2135 2655 tem
2204 2583 2281 2654 in
2353 2605 2508 2656 uno
2577 2607 2926 2680 corpore
2981 2586 3520 2662 determinato

1970 2701 2501 2784 terminatur;
2539 2723 2763 2795 ergo,
2798 2708 2949 2777 etc.

2058 2822 2369 2900 Quarto
2429 2823 2651 2913 patet
2729 2820 2920 2903 hoe,
2978 2822 3166 2914 quia
3247 2827 3514 2897 osten-

1970 2953 2149 3003 sum
2209 2937 2410 3017 cst‘,
2458 2937 2664 3027 quod
2725 2936 2964 3010 simul
3025 2960 3185 3011 non
3248 2943 3516 3033 potest

3605 2975 3625 2995 ⁶
3657 2989 3798 3038 supr.

1967 3048 2120 3119 duo
2172 3069 2530 3141 corpora
2600 3050 3090 3135 informare;
3165 3055 3296 3126 sod
3365 3055 3515 3128 hoc
3603 3039 3788 3092 “ffl-

1969 3169 2474 3256 sequeretur,
2560 3171 2645 3241 ut
2736 3169 3187 3251 ostenda1n;

1965 3285 2119 3354 etc.

2056 3398 2442 3471 Probatio
2499 3398 2867 3482 minoris}
2913 3403 3186 3475 anima
3228 3403 3307 3476 in
3339 3426 3513 3477 cor-

1966 3534 2165 3605 pore
2200 3520 2587 3597 meretur,
2629 3517 2750 3587 vel
2783 3519 3247 3591 demeretur
3279 3547 3293 3590 :
3331 3543 3537 3614 cum

1965 3627 2224 3721 igitur
2264 3630 2342 3702 in
2395 3630 2543 3705 hae
2594 3633 2766 3707 vita
2814 3635 2904 3707 de
2949 3636 3121 3726 lege
3154 3658 3512 3710 commu-

1963 3745 2071 3825 ni,
2119 3767 2279 3819 non
2323 3749 2766 3840 puniantur
2815 3752 3055 3832 mala,
3110 3774 3254 3829 nec
3304 3755 3518 3828 bona

1967 3872 2632 3949 remunerentur,
2722 3869 2857 3941 fiet
2943 3868 3094 3942 hoc
3182 3872 3262 3942 in
3348 3873 3529 3945 alia·

1961 3982 2134 4054 vita
2170 4006 2185 4062 ;
2223 4002 2422 4071 ergo
2469 3982 2536 4054 si
2574 3984 2653 4055 in
2685 3985 2988 4058 duobus
3021 3990 3506 4080 corporibus

1966 4099 2289 4179 meruit,
2363 4099 2487 4170 vel
2555 4102 2988 4183 demeruit,
3074 4109 3506 4199 utrumque

1964 4214 2207 4286 simul
2281 4216 2358 4287 in
2411 4216 2718 4307 judicio
2789 4224 3172 4302 resumet,
3267 4228 3352 4297 ut
3422 4226 3502 4297 in

1962 4330 2128 4402 illis
2174 4338 2768 4413 remuneretur,
2813 4335 2940 4407 vel
2996 4336 3407 4428 puniatur.

3284 3192 3508 3263 erge,

2425 4660 2857 4717 ARTICULUS
2936 4664 3032 4719 111.

1956 4840 2271 4905 Animam
2313 4862 2446 4905 esse
2506 4851 2709 4905 lolam
2751 4842 2826 4906 in
2884 4853 3015 4907 toto
3082 4866 3376 4931 corpore,
3441 4860 3502 4913 ct

2269 4966 2472 5022 lotam
2515 4959 2584 5022 in
2645 4957 2935 5043 qualibet
2969 4972 3220 5045 parte.-

2046 5152 2428 5243 Sequitur
2497 5152 2860 5236 tertium,
2924 5155 3235 5230 seilicet
3294 5161 3500 5248 quod

1954 5270 2314 5343 existens
2389 5270 2468 5341 in
2556 5291 2906 5363 corpore
2985 5276 3160 5346 tota
3226 5280 3348 5347 est
3420 5276 3497 5347 in

1953 5409 2086 5469 eo,
2196 5392 2275 5460 ct
2363 5390 2538 5461 tota
2641 5389 2719 5459 in
2805 5389 3160 5479 qualibet
3265 5398 3496 5483 parte

1953 5505 2128 5595 ejus
2168 5529 2180 5571 ε
2231 5506 2437 5596 quod
2480 5505 2797 5596 quidem
2835 5509 3056 5597 patet
3096 5527 3192 5577 ex
3226 5513 3496 5582 aucto-

1956 5620 2226 5700 ritate,
2282 5626 2361 5694 et
2411 5622 2959 5703 similitudine,
3014 5627 3094 5696 et
3148 5624 3490 5699 ratione.

3652 5192 3705 5244 9.
