4252 6393
134 2635 304 2687 batur-2

133 2698 279 2747 taliter

134 2775 283 2820 ¹par-a..

133 2835 141 2846 *
162 2832 282 2872 tem-

134 2900 170 2931 us
193 2887 255 2933 ad

133 2956 264 2998 οεκιη.

1613 485 1623 497 .
1648 440 2018 516 QUAESTIO
2066 445 2174 505 XX

332 593 1063 668 considerationem
1098 596 1479 670 definitur
1522 620 1666 692 per
1710 621 1870 672 mo-

327 716 521 797 tum,
557 716 637 785 et
706 712 881 786 ideo
927 715 1221 807 recipit
1257 716 1710 806 subjectum
1756 719 1869 791 sic

330 828 623 922 absque
666 831 1240 904 contractione
1284 832 1361 904 in
1416 833 1539 904 sui
1608 834 1872 906 defini-

327 947 563 1021 tione.
602 951 935 1022 Certum
968 955 1094 1024 est
1121 955 1418 1031 autem,
1457 952 1870 1042 quodcum

327 1070 593 1138 motus
636 1086 782 1157 per
835 1087 943 1147 se,
1009 1071 1088 1138 et
1157 1066 1724 1141 essentialiter
1766 1068 1873 1140 sit

330 1185 703 1273 quantuS,
774 1202 917 1273 per
985 1202 1068 1253 se
1127 1187 1209 1255 et
1286 1182 1866 1264 essentialiter,

324 1296 651 1370 debetur
675 1297 826 1369 sibi
852 1317 1130 1368 mensu
1148 1317 1264 1378 ra,
1305 1318 1479 1388 quae
1512 1302 1636 1371 est
1678 1302 1872 1371 tem—

329 1434 469 1507 pus
516 1440 529 1482 :
576 1419 657 1487 et
692 1414 884 1487 item
928 1414 1262 1506 quilibet
1308 1419 1577 1488 motus
1612 1435 1871 1507 aequa-

324 1530 512 1603 liter
594 1530 929 1622 respicit
989 1536 1335 1622 tempus,
1410 1533 1495 1600 ut
1569 1531 1871 1621 subjec-

318 1650 487 1719 tum
567 1646 755 1737 quia
847 1647 1119 1719 nullus
1206 1652 1473 1721 motus
1530 1647 1870 1739 respicit

323 1764 611 1856 ipsum,
649 1762 807 1834 nisi
861 1769 948 1837 ut
1018 1768 1579 1836 mensuratum
1617 1791 1630 1833 ε
1671 1785 1871 1853 ergo

328 1881 538 1954 sicut
638 1880 974 1971 quilibet
1029 1885 1299 1952 motus
1378 1902 1425 1953 a
1507 1885 1877 1973 tempore

323 2002 874 2076 mensuratur,
915 1997 1029 2068 sic
1055 1997 1387 2088 quilibet
1421 2000 1543 2068 est
1571 1996 1875 2088 subjec-

325 2119 493 2188 tum
565 2114 741 2205 ejus
799 2142 812 2183 z
880 2114 1577 2206 comparationem
1660 2114 1873 2185 enim

324 2232 565 2305 habet
654 2231 733 2302 in
806 2231 1125 2304 ratione
1179 2231 1417 2309 entis,
1493 2235 1571 2304 et
1636 2231 1874 2303 sicin

326 2348 649 2423 ratione
714 2348 926 2421 entis
1006 2347 1526 2440 plurificatur
1598 2369 1878 2419 secun-

326 2470 510 2541 dum
558 2465 1244 2559 plurificationem
1291 2470 1700 2537 motuum.

415 2582 869 2657 Secundum
904 2581 1019 2654 sic
1058 2581 1302 2673 patet,
1331 2582 1879 2673 comparando

329 2704 651 2792 tempus
684 2699 779 2770 ad
852 2702 1218 2769 motuum
1288 2696 1876 2767 adhaesionem:

337 2822 657 2908 tempus
688 2817 903 2889 enim
936 2814 1089 2888 etsi
1134 2815 1241 2887 sit
1302 2813 1694 2894 accidenS,
1760 2813 1882 2886 ad-

341 2935 597 3008 haeret
639 2939 912 3008 tamen
950 2933 1229 3015 motui,
1266 2951 1425 3003 non
1466 2935 1882 3022 tamquam

340 3051 643 3144 aliquid
675 3048 1194 3129 accidentale,
1234 3049 1367 3120 sed
1417 3046 1719 3138 aliquid
1759 3070 1881 3119 es-

332 3169 709 3250 sentiale;
751 3166 955 3262 quod
994 3169 1239 3259 patet,
1307 3164 1494 3256 quia
1537 3185 1681 3236 nec
1763 3185 1873 3246 re,

322 3310 466 3361 nec
510 3286 929 3360 intellectu
996 3288 1265 3357 motus
1341 3286 1602 3374 potest
1659 3302 1878 3373 sepa-

325 3405 497 3477 rari
543 3425 589 3476 a
632 3407 1025 3495 tempore,
1100 3422 1244 3472 nec
1287 3423 1327 3469 e
1387 3399 1816 3473 contrario
1858 3424 1870 3467 :

324 3522 697 3597 accidens
749 3525 1020 3592 tamen
1063 3537 1512 3595 commune,
1580 3516 1872 3589 saltem

325 3640 773 3718 intellectu,
819 3640 943 3708 est
986 3633 1469 3726 separabile.
1509 3635 1687 3704 Non
1745 3633 1869 3704 est

324 3762 601 3830 autem
690 3757 1010 3844 tempus
1106 3749 1539 3823 essentiale
1619 3749 1875 3822 motui

325 3877 716 3964 tanquam
798 3868 1063 3940 forma
1143 3866 1708 3959 praedicabilis,
1790 3871 1874 3940 ut

326 3987 703 4082 superius
743 3986 834 4056 de
870 3983 1273 4063 inferiori,
1298 4003 1441 4054 nec
1487 3988 1872 4072 tanquam

328 4135 518 4206 pars
563 4110 1018 4202 integralis,
1056 4128 1199 4179 nec
1231 4111 1619 4197 tanquam
1656 4106 1875 4198 prin-

324 4240 653 4332 cipium,
687 4236 814 4308 vel
858 4233 1300 4313 terminus;
1349 4233 1535 4323 quia
1569 4253 1711 4303 nec
1746 4231 1876 4303 ha-

323 4366 455 4439 bet
534 4363 895 4454 aliquam
961 4359 1426 4438 essentiam,
1488 4377 1633 4429 nec
1695 4377 1876 4428 cau·

326 4495 562 4565 satur
594 4509 639 4560 a
692 4492 940 4567 motu,
981 4484 1111 4556 sed
1148 4482 1521 4575 quidquid
1554 4487 1875 4574 tempus

325 4619 476 4693 est,
554 4614 633 4684 in
678 4609 1075 4684 relatione
1152 4608 1245 4679 ad
1310 4611 1620 4679 motum
1697 4611 1873 4679 est:

328 4738 737 4811 nonenim
798 4738 921 4807 est
989 4733 1204 4803 aliud
1244 4735 1566 4824 tempus
1637 4752 1875 4822 quam

328 4863 651 4936 duratio
690 4862 957 4933 motus
995 4877 1477 4929 mensurans
1519 4857 1694 4948 ejus
1756 4877 1879 4927 es-

331 4990 707 5071 sentiam,
774 4991 853 5060 et
933 4983 1478 5056 successivam
1565 5003 1879 5075 perma-

330 5113 720 5193 nentiam,
768 5116 848 5183 et
891 5109 1057 5183 haec
1092 5110 1265 5200 ejus
1298 5108 1624 5182 duratio
1682 5112 1882 5181 tem-

335 5262 484 5333 pus
516 5244 666 5313 est.
722 5241 920 5311 Cum
975 5255 1172 5326 ergo
1222 5234 1554 5325 quilibet
1616 5238 1884 5305 motus

338 5367 637 5439 habeat
682 5363 1103 5457 propriam
1156 5362 1330 5451 ejus
1371 5359 1884 5432 durationem

338 5491 438 5563 ab
471 5491 635 5564 alia
683 5489 1177 5568 distinctam,
1236 5485 1628 5577 sequitur,
1683 5485 1888 5575 quod

340 5618 550 5692 sicut
590 5616 1058 5691 durationes
1124 5618 1489 5686 motuum
1551 5612 1891 5684 realiter

3407 457 3527 520 663

1989 609 2177 678 sunt
2208 606 2634 691 distinctae,
2711 611 2825 684 sic
2887 617 3262 705 tempora.
3306 615 3540 688 reali-

1990 724 2115 792 ter
2149 721 2365 794 inter
2399 746 2482 796 se
2518 727 2682 800 sint
2723 728 3132 802 distincta.

2072 841 2375 924 Terti0‚
2414 846 2892 917 attendendo
2929 848 3021 917 ad
3070 853 3336 920 motus
3382 850 3536 920 cir·
3566 871 3882 923 Probaturss

1984 958 2290 1030 cularis
2374 961 3253 1056 circumscriptionem.
3359 934 3860 1046 ΟἰΡ-ἕῗιῗιιῗῖέἱιῖἷῗ

1982 1077 2626 1149 cumscribamus
2687 1080 2867 1152 coeli
2925 1086 3262 1163 motum,
3323 1059 3860 1171 sicutesse‘ffissssn-

1985 1189 2384 1283 ponimuS,
2434 1198 2637 1285 quod
2698 1196 2834 1269 ille
2871 1203 3141 1270 motus
3177 1218 3337 1269 non
3369 1199 3530 1270 erit
3642 1200 3770 1246 PM·

1984 1312 2169 1400 post
2236 1309 2655 1398 judicium,
2746 1317 3063 1388 certum
3131 1316 3253 1386 est
3325 1317 3529 1406 quod

1984 1424 2238 1497 adhuc
2275 1431 2545 1517 potest
2604 1450 2778 1500 esse
2842 1434 3136 1511 motus,
3201 1432 3327 1504 vel
3381 1431 3531 1504 sal-

1984 1547 2147 1614 tem
2185 1545 2531 1635 intelligi
2577 1550 2845 1638 potest
2888 1575 2901 1617 :
2953 1550 3157 1640 quod
3203 1569 3363 1621 non
3416 1572 3532 1621 es-

1987 1662 2106 1729 set
2142 1680 2428 1732 verum
2464 1662 2531 1733 si
2568 1665 2886 1754 tempus
2928 1684 2974 1734 a
3015 1669 3234 1737 motu
3282 1666 3537 1737 circu-

1990 1774 2150 1846 lari
2182 1776 2360 1848 coeli
2393 1780 2478 1847 ut
2522 1798 2567 1847 a
2612 1777 2975 1867 subjecto
3018 1779 3529 1872 dependeret.

1987 1894 2186 1963 Cum
2220 1912 2419 1981 ergo
2480 1914 2984 1985 quocumque
3045 1902 3268 1970 motu
3321 1898 3536 1979 dato,

1985 2009 2454 2080 necessario
2499 2010 2607 2082 sit
2674 2014 3019 2101 tempus,
3077 2011 3265 2101 quia
3329 2012 3543 2084 inse-

1992 2124 2393 2215 parabilia
2445 2131 2631 2199 sunt
2670 2147 2754 2196 re
2797 2131 2877 2198 et
2913 2126 3354 2209 intellectu,
3413 2150 3541 2221 pa-

1990 2244 2105 2312 tet
2151 2240 2355 2331 quod
2390 2245 2710 2332 tempus
2754 2241 3182 2332 aequaliter
3247 2244 3537 2335 depen-

1989 2356 2118 2428 det
2153 2356 2251 2427 ab
2302 2356 2518 2426 omni
2567 2360 2786 2427 motu
2829 2384 2842 2426 :
2884 2377 3083 2447 ergo
3119 2364 3312 2449 quot
3348 2364 3536 2433 sunt

1994 2475 2289 2553 motuS,
2334 2476 2459 2543 tot
2503 2477 2689 2545 sunt
2749 2473 3090 2546 realiter
3128 2479 3528 2568 tempora.

2082 2591 2419 2669 Quarto,
2466 2588 3045 2662 considerando
3090 2592 3185 2664 ad
3227 2591 3536 2664 brevio·
3678 2618 3761 2670 18.

1998 2705 2112 2777 ris
2181 2705 2640 2777 durationis
2706 2712 3075 2780 motuum
3134 2681 3858 2794 extensio-{fmba‘ur'

1994 2844 2217 2904 ne1n;
2281 2822 2552 2893 nullus
2612 2822 2828 2895 enim
2890 2828 3161 2897 motus
3223 2844 3534 2897 mensu-

2000 2944 2230 3013 ratus
2299 2959 2346 3010 a
2413 2943 2783 3031 tempore
2862 2940 3106 3031 primi
3209 2942 3533 3015 mobilis

1996 3058 2265 3149 potest
2325 3076 2503 3125 esse
2561 3054 2926 3128 velocior
2995 3060 3217 3130 motu
3288 3060 3538 3150 primi

1994 3172 2350 3252 mobilis;
2399 3171 2532 3243 ille
2581 3172 2795 3243 enim
2848 3172 3021 3245 ideo
3063 3179 3186 3248 est
3221 3174 3535 3268 simpli-

1990 3288 2191 3370 cior,
2255 3292 2334 3359 et
2396 3287 2756 3360 omnium
2832 3292 3198 3363 motuum
3271 3292 3527 3382 prior,

1990 3407 2180 3498 quia
2229 3408 2353 3476 est
2397 3405 2610 3477 inter
2662 3424 2939 3476 omnes
2992 3406 3380 3488 velocior,
3451 3414 3532 3480 et

1991 3524 2165 3596 ideo
2244 3526 2368 3594 est
2454 3541 2837 3592 mensura
2924 3522 3284 3594 omnium
3362 3545 3532 3598 mo-

1990 3646 2218 3715 tuum
2297 3639 2676 3711 aliorum.
2760 3639 2905 3710 Sed
2983 3643 3301 3713 certum
3377 3647 3526 3724 est,

1990 3756 2196 3849 quod
2231 3754 2528 3845 aliquis
2564 3761 2832 3826 motus
2878 3758 3147 3845 potest
3196 3777 3374 3829 esse
3406 3780 3531 3830 ve-

1986 3874 2249 3947 lossior
2329 3876 2550 3945 motu
2625 3871 2871 3963 primi
2951 3873 3312 3956 mobilis,
3386 3876 3531 3950 illo

1987 3990 2389 4062 existente
2445 3990 2525 4061 et
2572 3986 2916 4060 durante
2952 4013 2964 4057 :
3005 3992 3273 4079 potest
3316 3991 3529 4064 enim

1986 4107 2283 4198 aliquis
2325 4104 2704 4193 Angelus,
2749 4105 2874 4175 vel
2910 4105 3206 4197 aliquis
3246 4107 3531 4183 beatus

1990 4227 2412 4315 resumpto
2493 4241 2838 4313 corpore
2898 4224 3040 4310 (ne
3108 4222 3324 4299 forte
3389 4225 3532 4299 fiat

1991 4337 2385 4412 instantia
2420 4339 2508 4409 dc
2547 4338 2881 4427 langele,
2920 4338 3122 4428 quod
3165 4358 3326 4410 non
3369 4359 3529 4411 mo-

1989 4457 2229 4526 vetur
2280 4451 2359 4522 in
2407 4454 2815 4543 tempore)
2875 4451 3118 4524 citius
3163 4458 3529 4544 pertran-

1991 4568 2156 4640 sire
2231 4569 2496 4640 totum
2566 4567 2920 4659 spatium
3004 4568 3211 4650 coeli,
3289 4588 3530 4661 quam

1990 4684 2263 4774 aliqua
2308 4703 2497 4775 pars
2532 4682 2708 4754 coeli
2756 4702 2898 4775 per
2942 4689 3253 4756 motum
3286 4686 3532 4778 primi

1994 4799 2317 4873 mobilis
2370 4802 2924 4891 pertranseat;
2979 4821 3179 4891 ergo
3233 4803 3536 4897 impos-

1994 4917 2226 4990 sibile
2259 4921 2409 4997 est,
2448 4918 2655 5007 quod
2703 4917 2835 4989 ille
2874 4921 3143 4990 motus
3176 4920 3540 4993 velocior

1999 5037 2222 5105 motu
2307 5030 2481 5103 coeli
2553 5035 3072 5103 mensuretur
3138 5036 3536 5125 tempore,

1998 5170 2155 5240 quo
2193 5150 2720 5220 mensuratur
2763 5153 3030 5221 motus
3075 5149 3251 5222 coeli
3289 5177 3302 5219 :
3350 5156 3430 5224 et
3474 5152 3542 5223 si

1999 5264 2135 5335 ille
2210 5267 2476 5336 motus
2536 5262 2771 5334 habet
2845 5265 3272 5356 proprium
3341 5271 3542 5338 teni-

2001 5399 2175 5471 pus,
2224 5379 2340 5452 sic
2375 5378 2707 5471 quilibet
2751 5379 3072 5453 habebit
3115 5384 3542 5472 proprium

2001 5497 2346 5586 tempus.

2094 5611 2173 5684 Si
2259 5634 2455 5685 vero
2524 5612 2959 5703 loquamur
3025 5614 3114 5685 de
3174 5618 3546 5707 tempore
