4252 6393
645 406 761 474 348

686 588 929 640 voum
998 573 1123 642 est
1184 570 1262 640 in
1299 589 1441 660 pso
1511 574 1590 645 et
1636 572 2227 664 disposiositio,

1878 410 1980 473 DE
2025 404 2292 473 RERUM
2370 409 2757 472 PRINCIPIO

2347 575 2416 646 si
2459 577 2582 646 est
2642 570 2992 643 materia
3040 568 3243 650 coeli,
3300 573 3380 642 et
3421 572 3669 641 terrae
3704 587 3894 648 una;

695 685 807 757 ita
869 686 1071 776 quod
1131 706 1229 756 ex
1298 687 1630 769 semine,
1713 708 1867 779 quo
1928 687 2234 763 factum
2346 709 2550 780 ergo
2589 709 2776 762 cum
2823 687 3177 761 materia
3218 691 3466 759 terrae
3508 687 3614 761 sit
3657 687 3736 759 in
3777 706 3903 778 po-

681 807 807 874 est
831 822 1128 894 corpus
1162 801 1696 875 informatum
1729 804 1887 877 ista
1938 807 2234 888 anima,

691 939 852 990 non
891 923 1165 1010 posset
1201 919 1633 991 informari
1668 941 1996 1013 corpus,
2035 921 2242 1014 quod

695 1039 911 1106 esset
965 1034 1480 1107 informabile
1517 1036 1680 1108 alia
1721 1038 2019 1108 anima.

786 1154 1380 1246 Respondetur,
1430 1174 1670 1246 quam
1713 1154 1875 1227 cito
1923 1157 2044 1226 est
2099 1154 2246 1226 sub

697 1269 966 1342 forma
1037 1270 1392 1351 seminis,
1458 1269 1631 1362 jam
1700 1274 1821 1342 est
1895 1270 2245 1342 materia

699 1387 1062 1480 propria,
1127 1389 1497 1480 quamvis
1541 1408 1699 1459 non
1754 1389 2082 1460 omnino
2128 1408 2245 1460 re·

702 1506 913 1598 plete
983 1508 1357 1597 respectu
1436 1504 1629 1576 talis
1698 1505 2015 1577 animae.
2100 1506 2247 1578 Sed

697 1624 1017 1700 contra,
1068 1618 1196 1689 vel
1251 1620 1542 1691 saltem
1585 1617 1733 1692 hoc
1776 1624 1897 1692 est
1958 1639 2245 1692 verum

696 1736 787 1808 de
860 1735 1211 1807 materia
1284 1735 1612 1807 omnino
1677 1735 2038 1829 propria,
2113 1756 2247 1828 pu-

695 1855 805 1933 ta,
850 1852 941 1923 de
993 1872 1347 1944 corpore
1396 1852 1682 1926 ultime
1736 1853 2242 1943 organizato,

698 1969 904 2060 quod
940 1966 1180 2040 habet
1217 1972 1680 2061 respectum
1725 1968 1839 2041 ita
1872 1971 1967 2041 ad
2004 1969 2247 2041 istam

697 2084 1081 2168 animam,
1131 2088 1336 2177 quod
1389 2108 1547 2158 non
1600 2089 1865 2178 potest
1926 2087 2087 2158 alia
2140 2087 2248 2158 in·

700 2199 1075 2282 formari,
1113 2204 1191 2273 et
1223 2199 1374 2275 hoc
1411 2200 1710 2274 sufficit
1763 2201 1857 2273 ad
1906 2201 2073 2272 vim
2128 2221 2248 2272 ra-

696 2316 976 2390 tionis.

470 2451 549 2503 35.
793 2438 913 2508 Ex
955 2434 1055 2506 iis
1092 2439 1310 2528 patet
1364 2436 1788 2528 responsio
1840 2438 1934 2508 ad
1985 2436 2250 2528 objec-

356 2515 660 2652 ἶῖιῗὲῗὶῗιῖἓ
704 2553 791 2623 ta
832 2555 1123 2624 contra
1165 2551 1842 2625 Avicembronum
1897 2575 1912 2621 ε
1970 2573 2246 2624 omnes

379 2648 655 2752 ἆῖιῖιῖἷῖιῗῖ
701 2669 917 2742 enim
964 2670 1503 2742 auctoritates
1555 2673 1843 2742 contra
1886 2691 2067 2741 eum
2120 2672 2246 2742 ad-

356 2765 650 2876 ,ξζξξξῗῇξζ
697 2785 956 2858 ductae
1024 2784 1469 2876 loquuntur
1533 2786 1625 2857 de
1695 2786 2045 2858 materia
2125 2808 2246 2858 se-

415 2903 571 2941 ”“’⁷²·
702 2902 984 2984 cund0,
1046 2901 1172 2974 vel
1221 2902 1498 2984 tertio,
1552 2905 1629 2974 et
1676 2902 1789 2973 sic
1839 2902 2238 2994 deinceps,

703 3018 996 3111 prima.
1069 3018 1316 3111 Cujus
1376 3017 1593 3090 ratio
1648 3023 1797 3100 est,
1873 3018 2059 3110 quia
2129 3020 2243 3091 lo-

700 3141 1060 3227 quuntur
1114 3136 1204 3208 de
1266 3134 1638 3217 materia,
1695 3157 1869 3228 quae
1921 3137 2243 3231 subjici·

700 3255 837 3324 tur
884 3252 1309 3343 agentibus
1359 3252 1689 3333 creatis,
1756 3254 2019 3345 qualis
2081 3276 2241 3326 non

698 3370 821 3439 est
901 3369 1249 3441 materia
1321 3374 1543 3457 primo
1628 3373 1853 3458 prima
1933 3370 2011 3442 in
2096 3392 2243 3443 sua

699 3485 1121 3576 primitate
1177 3486 1292 3573 (ut
1352 3484 1707 3557 dicemus
1770 3486 1849 3557 in
1908 3508 2243 3578 sequen-

698 3600 762 3672 ti
813 3599 1195 3690 articulo)
1247 3600 1618 3690 quamvis
1679 3600 1818 3673 illa
1878 3603 2244 3675 salvetur

700 3716 780 3789 in
833 3717 1051 3789 omni
1094 3717 1542 3809 posteriori
1594 3720 1969 3791 materia.
2023 3720 2242 3792 Unde

699 3833 911 3906 sicut
978 3833 1368 3915 videmus,
1453 3835 1659 3926 quod
1728 3834 2088 3919 animali,
2155 3840 2241 3910 ut

696 3952 1124 4024 contracto
1194 3970 1340 4043 per
1408 3950 1836 4033 rationale,
1902 3973 2060 4023 non
2104 3973 2243 4045 po-

693 4070 855 4140 test
936 4066 1261 4160 aliquod
1320 4067 1952 4149 communicare,
2035 4070 2242 4160 quod

695 4186 971 4275 posset
1007 4182 1157 4255 sibi
1200 4184 1637 4255 convenire
1688 4184 1779 4254 de
1824 4205 1931 4265 se,
1980 4188 2068 4257 ut
2117 4205 2244 4255 ru-

695 4297 934 4370 dibile
984 4299 1360 4371 convenit
1411 4301 1483 4371 ei
1537 4299 2015 4391 inquantum
2079 4302 2242 4374 ani-

700 4412 886 4493 mal,
934 4415 1024 4485 ut
1066 4416 1287 4504 patet
1332 4413 1410 4484 in
1443 4413 1710 4494 asino;
1761 4414 2243 4505 inquantum

696 4530 970 4600 tamen
1027 4526 1329 4599 animal
1374 4528 1801 4609 rationale,
1879 4548 2038 4599 non
2113 4549 2243 4619 po·

693 4646 856 4716 test
916 4644 989 4717 ei
1056 4643 1519 4717 convenire.
1585 4645 1709 4715 Ita
1767 4644 1971 4724 dieo,
2037 4645 2244 4735 quod

696 4759 998 4852 aliquid
1056 4764 1327 4855 potest
1386 4758 1823 4833 convenire
1876 4761 2245 4833 materiae

687 4881 911 4970 primo
974 4883 1236 4968 primm,
1310 4881 1596 4971 utpote
1657 4876 1867 4967 quod
1928 4876 2248 4952 substat

696 4996 984 5068 formae
1041 4994 1354 5086 Angeli,
1419 4992 1623 5073 coeli,
1685 4995 1965 5073 terrae,
2040 4993 2247 5084 quod

696 5131 859 5184 non
918 5113 1185 5204 potest
1243 5110 1317 5183 ei
1376 5106 1839 5188 convenire,
1909 5110 1995 5181 ut
2063 5128 2246 5182 con-

693 5230 973 5302 tracta
1003 5229 1156 5300 est.

352 5357 441 5409 Ad
470 5370 643 5421 arau-
796 5347 919 5418 Ex
974 5344 1126 5417 hoc
1186 5342 1434 5416 etiam
1497 5339 1800 5413 solutio
1864 5344 2086 5433 patet
2152 5343 2247 5414 ad

405 5427 609 5530 σ’ἒιῗιῖῗ
701 5462 1065 5534 rationes
1162 5461 1455 5531 contra
1557 5457 2245 5531 Avicembronum

381 5551 663 5662 ’ζ’ἇῖῗῖἷῗ,
699 5577 1101 5649 formatas
1147 5599 1161 5643 ε
1208 5594 1394 5648 cum
1424 5570 1642 5645 enim
1672 5572 1996 5654 dicitur,
2038 5575 2248 5666 quod

2361 805 2625 878 tentia
2668 804 2761 876 ad
2814 803 3063 874 aliam
3107 802 3487 884 formam,
3534 807 3613 876 et
3667 807 3905 876 mate-

2355 922 2480 994 ria
2537 921 2741 1002 coeli‚
2800 920 2976 992 dico
3037 921 3241 1012 quod
3294 919 3643 991 materia
3687 925 3905 1009 primo

2348 1043 2584 1127 prima
2613 1041 2738 1110 est
2770 1037 2957 1109 hom
2975 1036 3465 1127 ogeneitatis
3499 1037 3858 1109 univocae
3884 1060 3900 1116 ;

2355 1154 2492 1224 sed
2528 1153 2875 1226 secundo
2932 1153 3222 1245 prima,
3270 1154 3467 1245 puta
3508 1151 3673 1233 illa,
3731 1171 3904 1243 quae

2355 1274 2479 1342 est
2550 1270 3005 1361 subjectum
3076 1267 3658 1360 generationis,
3718 1288 3900 1340 non.

2357 1385 2555 1458 Dico
2615 1385 2865 1458 etiam
2917 1384 3010 1456 ad
3067 1385 3492 1466 minorem,
3556 1384 3765 1475 quod
3830 1384 3904 1455 in

2361 1503 2707 1576 materia
2759 1501 3405 1593 generationum,
3451 1505 3531 1574 et
3572 1521 3907 1593 corrup-

2362 1620 2703 1699 tionum,
2772 1618 3137 1710 potentia
3185 1638 3330 1710 per
3374 1637 3611 1710 quam
3661 1621 3787 1690 est
3831 1618 3908 1689 in

2362 1735 2727 1831 potentia
2785 1737 2878 1808 ad
2938 1736 3186 1807 aliam
3239 1734 3593 1808 formam
3653 1735 3908 1807 deter-

2363 1854 2782 1933 minatam,
2839 1856 2963 1924 est
3005 1852 3372 1944 potentia
3403 1871 3908 1942 consequens

2363 1969 2821 2049 materiam,
2887 1988 3048 2039 non
3100 1968 3367 2061 primo
3415 1967 3769 2060 primam
3824 1971 3908 2038 ut

2361 2086 2635 2166 talem,
2698 2084 2831 2156 sed
2884 2089 2972 2158 ut
3021 2088 3146 2159 est
3195 2087 3627 2157 contracta
3667 2087 3751 2157 et
3790 2085 3911 2156 de·

2359 2201 2783 2276 terminati
2845 2202 3192 2292 generis,
3245 2204 3323 2273 et
3380 2201 3592 2274 sicut
3654 2206 3911 2275 mate-

2365 2320 2489 2392 ria
2549 2318 2664 2392 sic
2741 2318 3284 2392 determinata
3350 2322 3475 2391 est
3553 2317 3742 2399 alia,
3830 2321 3907 2391 et

2361 2435 2546 2514 alia,
2594 2434 2710 2506 sic
2755 2434 2893 2506 illa
2927 2434 3317 2526 potentia.

2450 2553 2531 2626 Si
2600 2551 2879 2633 instes,
2946 2552 3152 2642 quod
3224 2551 3572 2624 materia
3632 2552 3907 2643 primo

2362 2670 2628 2760 prima
2662 2668 3100 2741 secundum
3143 2668 3296 2741 hoc
3337 2667 3498 2742 erit
3543 2668 3621 2739 in
3656 2668 3909 2760 quali-

2355 2791 2488 2862 bet
2544 2786 2705 2858 alia
2776 2785 3220 2879 posteriori
3282 2785 3657 2865 materia,
3746 2786 3908 2858 imo

2357 2907 2558 2980 nihil
2620 2904 2836 2977 aliud
2897 2907 3020 2977 est
3081 2902 3498 2996 posterior
3558 2903 3911 2976 materia

2357 3023 2790 3097 secundum
2837 3019 3405 3100 substantiam,
3451 3018 3609 3091 nisi
3661 3024 3912 3092 mate-

2357 3139 2483 3211 ria
2537 3136 2804 3231 primo
2856 3134 3123 3228 prima
3177 3154 3324 3227 per
3380 3133 3679 3227 aliquid
3732 3155 3914 3207 con·

2354 3259 2658 3335 tracta;
2706 3271 2906 3344 ergo
2956 3251 3343 3344 potentia,
3402 3272 3577 3343 quae
3632 3272 3912 3324 conse·

2357 3371 2639 3463 quitur
2703 3369 3139 3443 materiam
3205 3367 3470 3460 primo
3525 3368 3908 3461 primam,

2355 3487 2517 3560 erit
2585 3486 2665 3558 in
2737 3484 2955 3558 omni
3028 3504 3147 3563 re;
3230 3503 3430 3573 ergo
3503 3483 3908 3575 sequitur,

2357 3604 2562 3695 quo‘l
2608 3601 2982 3695 quaelibet
3027 3600 3376 3673 materia
3424 3604 3695 3692 potest
3742 3622 3914 3672 sus-

2356 3721 2627 3813 cipere
2681 3718 3121 3810 quamlibet
3196 3716 3570 3798 formam,
3636 3721 3717 3790 et
3796 3718 3914 3790 sic

2359 3842 2523 3910 stat
2595 3835 2949 3928 primum
3028 3837 3629 3925 argumentum.
3715 3835 3916 3907 Res-

2357 3953 2688 4045 ponde0,
2734 3954 2812 4024 et
2855 3951 3055 4033 dicO,
3106 3950 3311 4042 quod
3355 3949 3704 4021 materia
3753 3952 3916 4044 pri-

2360 4090 2488 4140 mo
2553 4069 2822 4162 prima
2884 4072 2965 4141 et
3053 4087 3198 4137 sua
3263 4066 3651 4159 potentia,
3721 4088 3914 4141 cum

2359 4186 2519 4258 sint
2576 4185 2777 4257 idern
2834 4204 2947 4263 re,
3000 4187 3186 4256 sunt
3233 4182 3313 4254 in
3357 4182 3710 4274 qualibet
3748 4184 3915 4256 alia

2360 4300 2731 4374 materia.
2768 4300 2932 4370 Nec
2977 4298 3348 4391 sequitur
3387 4298 3593 4389 quod
3636 4299 3915 4390 quaeli-

2355 4417 2487 4490 bet
2549 4414 2899 4487 materia
2962 4415 3070 4489 sit
3129 4415 3211 4486 in
3280 4415 3673 4507 potentia,
3753 4416 3916 4489 nisi

2357 4531 2585 4605 valde
2628 4535 2974 4610 remota,
3015 4532 3108 4602 ad
3144 4530 3748 4622 susceptionem
3786 4555 3918 4605 cu-

2351 4645 2688 4739 juslibet
2720 4646 3041 4726 formae,
3082 4645 3270 4736 quia
3304 4645 3513 4719 sicut
3544 4646 3919 4721 substan-

2361 4764 2475 4839 tia
2547 4763 2914 4837 materiae
2988 4783 3132 4853 per
3202 4762 3548 4855 alicujus
3617 4763 3916 4836 formae

2361 4879 2849 4952 additionem
2890 4883 3015 4952 est
3064 4881 3531 4958 contracta,
3580 4877 3699 4951 sic
3734 4879 3915 4971 ejus

2361 5001 2740 5089 aspectus
2818 5000 2942 5069 est
3023 4994 3752 5087 particularizatus
3835 5001 3916 5071 ct

2360 5117 2862 5187 contractus.
2923 5113 3152 5184 Nunc
3196 5116 3469 5185 autem
3514 5132 3662 5185 nos
3701 5112 3917 5187 vide-

2362 5252 2540 5303 mus
2575 5231 2777 5323 quod
2813 5228 3133 5321 aliquod
3167 5231 3438 5320 potest
3472 5231 3916 5304 convenire

2362 5344 2605 5419 alicui
2669 5343 2784 5415 rei
2838 5343 3374 5416 consideratae
3430 5344 3510 5416 in
3552 5364 3696 5416 sua
3750 5345 3916 5438 pri-

2363 5463 2675 5555 mitate,
2744 5460 2949 5552 quod
3009 5479 3167 5531 non
3222 5459 3601 5533 convenit
3657 5460 3758 5542 ei,
3825 5465 3915 5533 ut

2359 5580 2482 5651 est
2535 5579 2991 5657 contracta,
3040 5575 3249 5649 sicut
3299 5575 3779 5667 dictumest
3819 5575 3913 5649 de
