4252 6393
1696 400 2066 477 oulaswo
2112 401 2244 464 vul

882 769 1324 828 ARTICULUS
1396 771 1489 827 1V.

395 945 621 1009 Utrum
654 944 730 1009 in
757 945 1060 1011 omnibus
1089 946 1280 1012 rebus
1307 948 1395 1013 sit
1427 968 1562 1014 una
1592 948 1925 1014 materia?

168 1178 240 1227 22,
466 1142 814 1223 Quarto,
896 1140 1376 1233 inquirenda
1451 1147 1576 1217 est
1651 1145 1923 1218 unitas

380 1256 778 1337 materiae,
826 1278 1027 1349 quae,
1090 1262 1178 1332 ut
1217 1258 1652 1341 videbitur,
1687 1262 1923 1334 vario

380 1372 609 1444 modo
652 1373 1082 1466 accipitur,
1123 1376 1559 1448 secundum
1603 1377 1923 1450 variam

380 1488 781 1561 rationem
837 1489 1288 1581 primitatis
1330 1490 1531 1582 ejus,
1611 1495 1691 1565 et
1754 1494 1924 1567 ideo

376 1603 509 1678 ille
550 1606 955 1679 articulus
997 1612 1123 1680 est
1156 1606 1694 1698 singulariter
1729 1631 1924 1703 prae-

379 1720 701 1793 missus.
741 1722 977 1796 Circa
1006 1724 1213 1815 quod
1247 1722 1682 1808 sciendum,
1721 1728 1927 1818 quod

130 1877 197 1922 A„
229 1891 343 1923 ma-
372 1839 1011 1912 Avicembronus
1045 1840 1125 1912 in
1156 1840 1367 1913 libro
1392 1842 1674 1930 Fontis
1703 1843 1920 1928 vitae,

88 1938 342 2049 ᾜζὲξζΫ
369 1956 571 2030 dixit
623 1977 867 2029 unam
914 1957 992 2028 in
1047 1958 1416 2030 omnibus
1458 1980 1635 2031 esse
1680 1965 1924 2036 mate-

85 2078 341 2175 affl..-
373 2073 610 2153 riam,
692 2074 828 2145 sed
891 2073 1047 2148 fuit
1118 2073 1358 2166 hujus
1438 2076 1737 2168 positio
1828 2078 1926 2150 ab

122 2197 178 2233 *θ’
230 2205 306 2298 ”53
368 2189 774 2283 aliquibus
820 2187 1300 2284 impugnata
1353 2215 1368 2260 :
1416 2191 1683 2284 primo
1743 2214 1925 2267 auc·

103 2326 323 2362 ”mme-
375 2307 716 2381 toritate
753 2306 1228 2381 Aristotelis
1268 2306 1609 2382 dicentis
1656 2312 1723 2381 8.
1770 2313 1920 2380 Met.

368 2437 529 2493 eecce.
574 2414 639 2496 4'.
697 2425 905 2516 quod
950 2425 1225 2498 omnia
1283 2445 1459 2517 quae
1519 2429 1924 2499 transmu-

372 2544 652 2615 tantur
703 2541 1000 2616 habent
1045 2543 1512 2624 materiam,
1572 2543 1685 2617 ita
1718 2545 1924 2636 quod

365 2659 806 2731 secundum
891 2659 1381 2733 sententiam
1468 2678 1734 2740 suam,
1810 2680 1923 2731 56-

362 2776 709 2848 cundum
784 2776 1346 2851 diversitatem
1430 2781 1923 2852 transmuta-

364 2892 616 2964 tionis
698 2898 1026 2986 oportet
1106 2893 1185 2967 in
1256 2894 1493 2966 rebus
1554 2894 1924 2987 judicare

363 3009 773 3081 diversam
813 3010 1245 3083 materiam
1283 3035 1297 3090 ;
1333 3030 1532 3102 ergo
1575 3033 1757 3084 cum
1790 3031 1922 3082 na-

365 3126 672 3200 turalia
706 3129 1373 3203 transmutentur
1406 3130 1500 3201 ad
1534 3129 1808 3209 aliam,
1843 3131 1921 3201 et

364 3243 612 3316 aliam
660 3243 1041 3326 formam,
1095 3265 1255 3316 non
1296 3249 1422 3319 est
1473 3265 1629 3316 una
1679 3249 1923 3317 mate·

366 3359 515 3439 ria,
553 3381 695 3432 seu
735 3342 1170 3433 secundum
1216 3381 1455 3433 unam
1514 3361 1920 3435 rationem

364 3474 445 3546 in
488 3476 680 3558 illis,
718 3480 797 3549 et
834 3477 1089 3550 multo
1137 3477 1402 3549 minus
1449 3478 1525 3549 in
1560 3476 1916 3568 Angelis.

367 3592 539 3665 Hoc
577 3593 785 3666 idem
829 3592 1175 3665 habetur
1207 3615 1304 3666 ex
1345 3597 1412 3666 8.
1452 3595 1617 3664 Met.
1657 3609 1816 3663 text.
1852 3595 1915 3664 3.

365 3712 471 3784 12.
512 3723 573 3778 ec
610 3712 717 3783 14.
758 3709 1223 3783 ubidicitur
1254 3710 1567 3784 nullum
1602 3731 1915 3790 eorum,

365 3847 541 3921 quae
615 3831 1290 3918 corrumpuntur,
1366 3848 1545 3900 esse
1616 3825 1923 3920 simpli-

363 3945 514 4026 cia,
582 3943 717 4015 ubi
795 3942 988 4016 dicit
1047 3946 1691 4026 commentator,
1752 3946 1921 4018 nul-

363 4060 533 4133 lum
576 4079 891 4139 eorum,
940 4078 1113 4149 quae
1168 4078 1329 4130 non
1387 4077 1919 4150 corrumpun-

365 4180 503 4249 tur
545 4175 979 4247 secundum
1052 4174 1592 4247 substantiam
1627 4174 1919 4248 habent

366 4291 849 4385 potentiam,
914 4310 1069 4382 qua
1111 4289 1572 4363 substantia
1630 4310 1917 4361 eorum

363 4411 987 4500 corrumpatur;
1026 4425 1225 4498 ergo
1258 4427 1403 4478 nec
1455 4406 1913 4488 materiam,

367 4526 550 4619 quia
586 4524 779 4598 talis
812 4524 1178 4617 potentia
1224 4521 1618 4615 competit
1673 4528 1918 4595 mate-

368 4643 509 4715 riae
571 4667 587 4711 ε
646 4641 845 4713 unde
916 4641 1030 4713 ait
1082 4643 1148 4711 2.
1220 4643 1506 4728 Metaph.
1581 4652 1742 4707 texe.
1809 4642 1915 4711 16.

366 4760 568 4850 quod
648 4759 740 4830 de
817 4756 1491 4849 corruptibilibus
1569 4774 1729 4827 non
1798 4757 1918 4826 est

370 4872 735 4954 scientia,
779 4893 922 4944 nec
967 4871 1588 4952 demonstratio,
1628 4869 1922 4943 babent

368 4992 577 5063 enim
616 4988 1073 5069 materiam,
1124 5007 1278 5079 qua
1331 4993 1669 5080 possunt
1711 5008 1917 5068 esse,

369 5110 444 5178 et
505 5125 666 5178 non
726 5127 929 5177 6556.
995 5106 1613 5179 Commentator
1671 5104 1923 5176 etiam

368 5221 555 5295 dicit
611 5245 820 5310 supra
889 5225 994 5295 10.
1060 5223 1428 5310 Melaphys.
1505 5218 1573 5290 si
1623 5239 1924 5311 corpus

369 5338 991 5431 incorruptibile
1052 5342 1176 5410 est
1223 5336 1774 5429 compositum
1826 5357 1923 5407 ex

369 5458 707 5531 materia
739 5464 819 5530 et
845 5457 1138 5537 forma,
1165 5454 1480 5527 dicetur
1511 5454 1923 5545 aequivoce

368 5593 546 5644 cum
591 5572 967 5652 materia,
1004 5572 1082 5642 et
1125 5570 1395 5642 forma
1431 5569 1551 5641 rei
1582 5589 1914 5662 genera-

104 4039 161 4088 12.
184 4050 227 4091 et
251 4020 319 4094 μ’.

93 5133 315 5197 Commeat.

3440 396 3558 460 377

2033 561 2218 634 bilis
2279 564 2359 634 et
2400 560 2991 655 corruptibilis.
3067 563 3298 643 Item,
3370 562 3907 639 Com-Commeat.

2037 681 2465 751 mentator
2530 703 2762 769 supra.
2822 681 2889 751 8.
2953 680 3325 770 MetapltyS.
3404 677 3599 751 dicit
3627 649 3709 704 ¹²⁹

2035 795 2189 876 sic;
2227 795 2401 868 ideo
2436 795 2629 869 dixit
2661 794 3183 875 Themistius,
3222 793 3427 885 quod
3461 794 3597 868 Sol

2032 918 2113 986 et
2159 914 2406 995 Luna,
2452 918 2532 987 et
2575 912 2833 986 stellae
2877 915 3064 985 sunt
3106 911 3393 985 formae
3428 913 3599 985 sine

2038 1028 2417 1109 materia,
2464 1031 2603 1100 aut
2667 1049 2814 1121 per
2866 1027 3597 1120 aequivocationem

2039 1144 2444 1225 materiae,
2521 1146 2729 1217 sicut
2812 1149 2938 1219 est
3012 1145 3441 1237 dispositio
3513 1146 3593 1220 in

2040 1261 2392 1335 materia
2436 1263 2925 1336 intellectus.

2132 1379 2360 1459 Item,
2428 1384 3050 1454 Commentator
3095 1405 3303 1471 supra
3350 1383 3415 1453 4.
3452 1384 3589 1451 Me-
3736 1400 3820 1451 23.

2039 1496 2307 1582 tapkys.
2365 1513 2522 1564 non
2569 1494 2981 1567 invenitur
3032 1494 3381 1567 materia
3432 1514 3590 1567 una
3624 1462 3919 1578 cgffiffissss't.

2039 1611 2498 1682 communis
2542 1611 2975 1704 unicuique
3019 1632 3298 1683 rerum
3355 1616 3590 1686 natu-
3663 1588 3898 1702 313όῆζῖῗέ

2040 1725 2366 1808 ralium,
2433 1727 2592 1799 nisi
2661 1727 2739 1799 in
2810 1728 3048 1800 rebus
3114 1727 3590 1801 habentibus
3618 1714 3925 1830 commffqz

2040 1841 2653 1932 generationem
2760 1849 2840 1918 et
2938 1844 3582 1936 corruptionem.
3615 1837 3937 1963 „2222”-

2040 1959 2474 2033 Rationem
2511 1961 2932 2043 adducunt,
2979 1961 3165 2052 quia
3197 1981 3380 2032 cum
3426 1982 3588 2035 ma-
3648 1966 3910 2074 ‘mgr‘-

2040 2077 2250 2152 teria.
2293 2079 2882 2169 generabilium
2950 2084 3031 2153 et
3087 2079 3577 2171 corruptibi—
3830 2061 3842 2075 ⁶

2037 2194 2236 2266 lium
2283 2195 2503 2269 sitin
2548 2196 2913 2289 potentia
2951 2196 3042 2267 de
3080 2193 3396 2267 ratione
3440 2216 3586 2268 sua

2038 2311 2133 2382 ad
2171 2312 2471 2384 multas
2507 2311 2845 2392 formas,
2893 2312 3006 2384 sic
3050 2313 3299 2385 etiam
3340 2317 3586 2387 mate-

2040 2426 2164 2498 ria
2208 2426 2388 2499 coeli
2429 2432 2509 2501 et
2558 2427 2843 2519 Angeli
2894 2428 3055 2501 erit
3109 2428 3188 2500 in
3223 2429 3588 2521 potentia

2036 2545 2131 2615 ad
2168 2544 2468 2618 multas
2501 2545 2837 2626 formas,
2887 2546 2954 2618 si
2998 2551 3184 2620 sunt
3229 2546 3586 2639 ejusdem

2041 2661 2422 2742 rationis;
2458 2661 2675 2733 nulla
2715 2667 2986 2735 autem
3022 2663 3385 2755 potentia⁴
3412 2683 3586 2755 pas-

2039 2777 2212 2848 siva
2252 2779 2664 2851 invenitur
2716 2778 2793 2849 in
2838 2779 3212 2861 materia,
3261 2780 3392 2853 cui
3424 2801 3585 2852 non

2039 2896 2521 2986 respondeat
2560 2895 2923 2987 potentia
2965 2895 3259 2977 activa,
3298 2901 3585 2988 potens

2035 3029 2216 3081 eam
2277 3011 2375 3081 ab
2412 3012 2691 3082 eadem
2749 3011 3040 3083 ducere
3089 3036 3102 3081 ε
3150 3031 3339 3083 nam
3399 3032 3584 3083 cum

2035 3126 2395 3200 activum
2437 3132 2516 3200 et
2561 3126 2977 3219 passivum
3047 3126 3209 3200 sint
3266 3127 3357 3199 de
3411 3147 3583 3220 per-

2035 3243 2386 3318 fectione
2467 3244 2854 3324 universi,
2920 3243 2987 3315 si
3046 3248 3264 3317 esset
3334 3245 3582 3336 passi·

2034 3380 2222 3431 vum
2295 3364 2375 3432 et
2421 3378 2578 3430 non
2639 3363 2855 3432 esset
2916 3358 3302 3440 activum,
3367 3364 3583 3434 esset

2036 3475 2505 3546 universum
2558 3474 3164 3567 incomplotum,
3213 3476 3416 3566 quod
3459 3480 3583 3549 cst

2036 3588 2539 3684 impossibile
2605 3616 2616 3658 :
2681 3589 2890 3664 sicut
2937 3591 3163 3683 ponit
3222 3590 3582 3664 Philoso-

2038 3707 2240 3800 phus
2284 3706 2742 3799 exemplum
2782 3708 2860 3779 in
2889 3710 2956 3779 2.
3014 3711 3182 3776 Coeli
3218 3723 3279 3777 et
3317 3712 3576 3791 Mundi,

2035 3838 2193 3893 text.
2259 3828 2370 3898 50.
2433 3823 2728 3906 dicenS,
2803 3824 3008 3915 quod
3080 3823 3581 3916 impossibile

2036 3940 2166 4021 sit,
2225 3941 2431 4031 quod
2475 3940 2730 4013 stellae
2767 3940 2928 4013 sint
2983 3940 3320 4013 mobiles
3355 3943 3577 4013 motu

2036 4056 2672 4149 progressioniS,
2727 4061 2807 4129 et
2848 4061 3147 4131 natura
3180 4077 3341 4129 non
3372 4056 3580 4131 dedit

2033 4173 2128 4245 ad
2161 4173 2311 4246 hoc
2345 4174 2460 4245 eis
2498 4174 3070 4247 instrumenta.

2125 4292 2354 4371 Item,
2395 4290 2744 4363 materia
2775 4290 3076 4363 dicitur
3108 4291 3202 4362 ad
3229 4290 3578 4364 formam
3671 4317 3877 4365 Secun-

2032 4411 2119 4480 ut
2165 4406 2527 4498 potentia
2573 4407 2666 4477 ad
2709 4410 3010 4486 actum,
3056 4427 3264 4479 nunc
3307 4411 3578 4479 autem
3683 4379 3831 4427 dum·

2035 4523 2101 4594 si
2135 4524 2511 4594 volumus
2552 4524 2823 4595 videre
2860 4524 3173 4614 quando
3205 4523 3582 4598 differant

2036 4639 2445 4732 potentiae,
2496 4644 2822 4732 oportet
2864 4640 2959 4711 ad
3002 4644 3234 4714 actus
3280 4642 3583 4733 aspice-

2038 4778 2122 4827 re
2161 4782 2174 4825 :
2217 4756 2416 4828 unde
2461 4756 2528 4827 si
2583 4760 2815 4829 actus
2860 4756 3241 4832 differunt
3287 4759 3579 4851 specie,

2033 4874 2282 4946 etiam
2320 4872 2735 4966 potentiae;
2773 4873 2945 4946 etsi
2978 4873 3341 4947 videmus
3380 4877 3584 4968 quod

2036 5007 2195 5058 una
2265 4988 2628 5079 potentia
2695 4987 2955 5079 possit
3018 4986 3097 5059 in
3153 5007 3398 5059 unum
3461 5008 3584 5060 ac-

2037 5107 2208 5175 tum
2260 5105 2693 5174 secundum
2749 5102 3125 5194 speciem,
3173 5107 3254 5177 ct
3299 5103 3462 5175 alia
3505 5103 3587 5175 in

2036 5218 2313 5301 alium,
2386 5224 2465 5292 et
2537 5239 2696 5290 non
2768 5220 2846 5290 in
2917 5218 3172 5301 illum,
3245 5218 3584 5292 dicimus

2039 5336 2246 5427 quod
2298 5335 2680 5427 potentiae
2723 5335 3105 5408 differunt
3149 5336 3439 5428 specie,
3496 5341 3584 5410 ut

2038 5451 2398 5525 auditiva
2442 5456 2522 5526 et
2577 5451 2893 5524 visiva:
2943 5452 3009 5523 si
3042 5456 3316 5524 autem
3376 5473 3580 5543 quae-

2038 5568 2233 5642 libet
2284 5569 2650 5661 potentia
2696 5572 2969 5660 posset
3014 5567 3092 5640 in
3145 5569 3578 5660 quemlibet
