4252 6393
1773 428 2134 504 QUAES'l'lO
2182 431 2340 494 xvn

354 608 506 662 non
595 593 866 682 potest
944 587 1328 679 intelligi,
1412 588 1570 661 nisi
1649 588 1890 660 simul

351 706 548 797 quod
591 706 932 786 additur,
979 726 1161 777 cum
1223 727 1319 777 eo
1375 705 1502 776 cui
1543 705 1886 786 additur,

346 822 591 897 faciat
633 843 879 894 unum
939 843 1308 903 numer0‚
1366 822 1734 913 quamvis
1780 822 1890 893 in-

347 940 647 1014 tensius
693 967 706 1010 :
757 941 963 1030 quod
995 959 1156 1011 non
1199 944 1414 1012 esset
1460 959 1787 1011 necesse
1822 941 1891 1011 si

342 1058 489 1130 duo
532 1056 856 1130 habitus
897 1055 1261 1128 distincti
1312 1056 1665 1148 ejusdem
1719 1077 1889 1148 spe·

344 1174 491 1247 ciei
565 1179 895 1266 possent
970 1174 1210 1245 simul
1270 1195 1447 1245 8558
1491 1174 1569 1245 in
1611 1174 1887 1245 eodem

345 1292 729 1384 subjecto,

426 1410 660 1489 Item,
708 1406 1156 1479 accidentia
1187 1406 1540 1498 ejusdem
1588 1407 1885 1500 speciei

344 1524 773 1597 secundum
844 1522 1205 1595 eamdem
1279 1525 1683 1598 rationem
1753 1523 1888 1594 ha-

341 1642 520 1715 bent
552 1663 730 1714 esse
764 1641 844 1713 in
887 1644 1248 1736 subjecto
1285 1640 1604 1714 ratione
1648 1641 1885 1712 unius

344 1762 749 1852 potentiae,
824 1765 904 1834 et
953 1780 1115 1834 non
1154 1758 1449 1832 habent
1493 1759 1886 1851 perficere

341 1877 787 1970 subjectum
826 1877 1103 1950 ordine
1136 1876 1437 1967 aliquo,
1492 1894 1635 1948 nec
1681 1876 1884 1948 ordi-

338 2015 431 2066 ne
476 1995 711 2076 situs,
756 2015 901 2068 nec
956 1994 1233 2066 ordine
1276 1996 1592 2064 natura}
1646 2021 1658 2062 z
1710 2013 1883 2084 quae

339 2110 859 2184 autemtalia
913 2114 1124 2190 sunt,
1183 2109 1422 2181 simul
1484 2130 1663 2180 esse
1723 2129 1884 2179 non

339 2230 679 2318 possunt
743 2226 821 2297 in
882 2225 1161 2297 eodem
1223 2223 1614 2316 subjecto,
1693 2224 1880 2314 quin

340 2342 500 2416 sint
542 2362 790 2414 unum
824 2361 1193 2416 numero.

422 2462 588 2532 Nec
620 2464 746 2532 est
780 2458 1172 2531 instantia
1203 2459 1294 2529 de
1328 2439 1677 2549 corpore
1720 2457 1885 2546 glo-

341 2576 686 2659 rificatO,
734 2576 943 2667 quod
986 2575 1229 2646 simul
1289 2578 1410 2645 est
1475 2594 1656 2644 eum
1718 2573 1882 2644 alio

336 2712 493 2763 non
523 2692 989 2783 glorificato
1024 2719 1036 2760 ε
1083 2692 1268 2782 quia
1293 2690 1494 2764 talia
1524 2691 1677 2762 duo
1710 2711 1884 2762 cor-

337 2828 539 2899 pora
581 2807 823 2880 simul
874 2806 1313 2881 existentia
1367 2826 1528 2877 non
1587 2804 1883 2879 habent

335 2925 700 2997 eumdem
728 2922 1462 2997 modumexistendi
1491 2923 1568 2994 in
1594 2923 1774 2994 loco
1805 2923 1882 2994 in

335 3063 491 3134 quo
522 3046 711 3114 sunt
750 3042 984 3133 :quia
1020 3059 1264 3111 unum
1298 3044 1419 3111 est
1459 3059 1600 3132 per
1635 3060 1719 3111 se
1748 3039 1876 3121 ibi,

327 3163 405 3233 et
450 3159 854 3239 localiter,
910 3162 990 3231 et
1026 3158 1290 3250 ipsum
1326 3156 1598 3230 locum
1650 3177 1878 3228 occu-

338 3281 470 3371 pat
503 3306 517 3348 :
548 3276 764 3350 aliud
788 3282 1059 3350 autem
1095 3296 1253 3349 non
1279 3276 1420 3356 sic,
1449 3276 1578 3347 sed
1615 3276 1879 3346 solum

336 3398 413 3469 in
436 3396 717 3468 eodem
752 3396 929 3467 loco
958 3397 1079 3466 est
1105 3414 1289 3466 cum
1316 3392 1478 3466 alio
1504 3413 1878 3486 corpore,

335 3515 812 3607 inquantum
872 3511 1412 3583 dimensiones
1465 3532 1627 3583 sua}
1671 3509 1880 3603 posi-

330 3636 432 3706 tae
478 3635 692 3711 sunt,
750 3630 876 3701 vel
930 3629 1253 3702 situatae
1296 3628 1532 3720 juxta
1584 3628 1878 3699 dimen-

328 3748 602 3820 siones
663 3746 1009 3818 alterius
1078 3746 1483 3837 corporis,
1549 3764 1706 3815 non
1770 3744 1880 3815 in-

328 3869 725 3955 quantum
786 3868 974 3937 sunt
1032 3865 1521 3954 occupantes
1579 3861 1875 3942 locum,

327 3987 407 4055 et
438 3980 627 4053 aliis
665 3981 1167 4054 resistentes,
1203 3979 1423 4051 Unde
1456 4000 1598 4050 nec
1635 3999 1880 4050 unum

330 4102 454 4172 est
489 4099 573 4171 in
614 4096 802 4179 alio,
851 4102 939 4169 ut
981 4097 1063 4169 in
1107 4095 1497 4187 subjecto,
1535 4115 1679 4166 nec
1723 4114 1885 4165 am-

327 4214 424 4285 bo
486 4214 572 4286 in
636 4212 913 4292 tertio,
986 4216 1074 4285 ut
1142 4212 1223 4283 in
1286 4210 1674 4301 subjecte,
1751 4212 1882 4282 sed

330 4334 522 4403 sunt
558 4329 799 4402 simul
834 4329 913 4400 in
944 4328 1218 4400 eodem
1254 4327 1432 4399 loco
1471 4355 1483 4396 ε
1524 4332 1600 4397 et
1637 4347 1878 4397 unum

329 4468 629 4539 corpus
672 4446 937 4519 utitur
981 4445 1312 4516 omnino
1369 4444 1537 4516 suis
1579 4443 1883 4515 ‹limen-

327 4560 719 4641 sionibus‚
767 4559 980 4630 aliud
1021 4578 1218 4628 vcro
1275 4578 1460 4638 non,
1562 4562 1640 4630 et
1713 4557 1881 4628 ideo

331 4676 578 4749 simul
627 4678 966 4769 possunt
1022 4696 1224 4746 esse.
1286 4675 1430 4746 Sed
1479 4675 1631 4745 duo
1676 4673 1885 4746 acci-

325 4795 603 4868 dentia
639 4794 706 4866 si
772 4797 1185 4885 ponantur
1254 4792 1332 4862 in
1381 4792 1658 4863 eodem
1711 4793 1884 4863 sub-

320 4908 550 5000 jecto
604 4909 869 4989 simul,
936 4907 1229 4979 habent
1289 4907 1653 4979 eumdem
1727 4928 1886 4979 mo-

328 5026 519 5097 dum
553 5025 889 5106 essendi,
930 5024 1102 5098 ideo
1138 5044 1297 5095 non
1333 5028 1677 5116 possunt
1722 5024 1886 5116 plu-

335 5161 428 5211 ra
472 5142 715 5213 simul
757 5162 935 5213 esse
972 5141 1051 5212 in
1082 5141 1359 5213 eodem
1405 5140 1792 5232 5ιι1ῄ88ῐο.

419 5261 730 5331 Verum
799 5262 1072 5330 autem
1123 5259 1246 5328 est
1311 5261 1888 5347 argumentum

338 5377 419 5448 in
457 5375 974 5468 oppositum;
1025 5374 1211 5465 quia
1254 5374 1467 5446 sicut
1507 5375 1660 5445 duo
1709 5394 1890 5446 cor-

341 5512 554 5586 pora
637 5512 794 5563 non
865 5489 1351 5581 glorificata,
1442 5490 1568 5562 vel
1639 5490 1890 5563 etiam

345 5607 838 5699 glorificata,
913 5606 1099 5699 quia
1166 5604 1462 5680 habent
1527 5606 1892 5680 eumdem

3452 413 3571 495 097

2009 593 2329 663 modum
2371 591 2684 663 essendi
2756 592 2832 666 in
2879 591 3079 670 loco,
3150 597 3323 662 'non
3366 612 3549 684 pos-

2006 713 2195 784 sunt
2228 709 2470 782 simul
2523 731 2725 791 esse,
2800 710 2913 782 sic
2951 730 3092 781 nec
3145 710 3299 780 duo
3344 710 3553 781 acci-

2001 827 2271 898 dentia
2336 826 2691 917 ejusdem
2772 825 3065 919 speciei
3149 826 3387 897 simul
3472 826 3548 898 in

2001 942 2279 1015 eodem
2321 942 2527 1015 1000.

2088 1061 2255 1131 Nec
2294 1062 2418 1131 est
2461 1060 2922 1152 accipienda
2955 1060 3132 1150 ejus
3175 1079 3551 1130 numero-

2003 1177 2233 1259 sitas,
2289 1177 2413 1247 vel
2470 1177 2903 1251 multitudo
2979 1196 3121 1269 per
3181 1201 3317 1245 esse
3373 1176 3545 1248 sub-

2002 1293 2398 1367 sistentiae
2443 1292 2733 1374 solum,
2796 1313 2954 1364 non
2999 1291 3542 1382 intelligendo,

2002 1412 2209 1504 quod
2267 1409 2702 1484 diversitas
2743 1434 2877 1478 esse
2933 1410 3390 1482 existentiae
3452 1411 3545 1482 ad

1998 1529 2174 1620 ejus
2217 1527 2855 1601 numerositates
2910 1526 3058 1599 hoc
3120 1527 3393 1608 faciat,
3460 1531 3547 1600 ut

1997 1647 2382 1728 dica-mus,
2433 1646 2637 1737 quod
2682 1646 2852 1717 ideo
2902 1645 3073 1717 duae
3144 1644 3546 1716 albedines

1997 1783 2342 1836 numero
2409 1761 2814 1841 differunt,
2919 1759 3104 1852 quia
3183 1764 3367 1833 sunt
3465 1760 3547 1832 in

1996 1878 2341 1952 diversis
2431 1877 2817 1971 subjectis
2914 1878 3203 1951 solum.
3299 1878 3548 1970 Cujus

2001 1994 2218 2068 ratio
2249 2000 2400 2076 est,
2448 1994 2636 2086 quia
2686 1994 2916 2086 prius
2963 2015 3092 2064 res
3154 1992 3549 2066 naturali-

1998 2115 2126 2185 ter
2158 2109 2453 2184 habent
2494 2135 2651 2195 esse,
2690 2131 2929 2202 quam
2962 2111 3145 2182 dent
3178 2134 3312 2178 esse
3363 2109 3547 2180 aliis

1997 2228 2487 2310 formaliter,
2572 2228 2759 2319 quia
2852 2246 3174 2319 semper
3234 2225 3549 2297 absolu-

1996 2351 2172 2419 tum
2243 2347 2626 2440 praecedit
2699 2347 3050 2419 relatum
3127 2372 3141 2415 :
3212 2348 3294 2417 et
3370 2345 3545 2416 idco

1996 2465 2361 2537 naturali
2434 2464 2711 2535 ordine
2780 2461 3056 2533 albedo
3130 2460 3356 2552 prius
3425 2462 3546 2531 est

1997 2583 2210 2660 actu,
2271 2600 2509 2669 quam
2560 2580 2688 2652 det
2742 2601 2875 2645 esse
2916 2576 3185 2647 album
3248 2573 3550 2666 subjec-

1998 2703 2081 2771 to
2141 2720 2154 2763 ε
2212 2696 2404 2768 illud
2471 2700 2747 2768 autem
2813 2717 2970 2774 esse,
3046 2713 3203 2784 quo
3270 2690 3547 2763 albedo

1996 2818 2145 2895 est,
2218 2811 2735 2886 convertitur
2811 2831 2993 2881 cum
3062 2813 3271 2882 ente.
3366 2809 3547 2878 Ideo

1994 2932 2196 3014 dice,
2237 2930 2443 3022 quod
2476 2928 2925 3001 accidentia
2964 2927 3325 3021 ejusdem
3373 2946 3549 3016 spe-

1994 3048 2147 3121 ciei
2191 3046 2487 3140 prime,
2533 3047 2610 3117 et
2657 3064 2803 3137 per
2865 3065 2948 3116 se
3007 3045 3551 3114 numerantur

1997 3186 2141 3261 per
2201 3187 2334 3233 esse
2382 3161 2733 3237 actualis
2792 3159 3253 3234 existentiae
3324 3183 3339 3228 t
3415 3156 3548 3227 sed

1995 3284 2183 3376 quia
2214 3284 2337 3371 (ut
2370 3271 2742 3368 'ostendii
2766 3278 2843 3349 in
2878 3278 3154 3349 eodem
3181 3273 3546 3367 subjecto

1991 3421 2150 3475 non
2175 3401 2516 3491 possunt
2541 3394 2840 3466 habere
2863 3390 3310 3466 accidentia
3334 3391 3404 3484 ej
3419 3413 3546 3464 us-

1990 3518 2167 3591 dem
2212 3512 2509 3606 speciei
2570 3511 2806 3582 varia
2863 3534 2996 3577 esse
3054 3508 3545 3597 existentiae,

1992 3633 2125 3705 sed
2171 3632 2434 3703 solum
2481 3628 2557 3700 in
2609 3626 2979 3706 diversis,
3020 3626 3193 3697 ideo
3239 3647 3384 3718 per
3426 3647 3551 3698 ac-
3592 3672 3601 3683 ·

1993 3750 2264 3822 cidens
2324 3747 2866 3817 numerantur
2936 3762 3079 3835 per
3149 3742 3539 3834 subjecta.
3582 3746 3634 3791 -’

2089 3870 2192 3939 Et
2236 3864 2478 3957 hujus
2559 3862 2885 3951 signum
2953 3864 3108 3939 est,
3175 3859 3363 3950 quia
3433 3880 3557 3931 ac·
3660 3949 3664 3953 .

1998 3982 2347 4057 cidentia
2388 3981 2901 4053 diversarum
2955 3976 3412 4069 specierum
3468 3976 3550 4047 in

1993 4098 2272 4171 eodem
2317 4095 2682 4186 subjecto
2730 4113 2890 4164 non
2935 4091 3198 4163 solum
3251 4093 3543 4183 specie,
3652 4076 3655 4081 ’

1999 4215 2131 4286 sed
2172 4213 2422 4286 etiam
2491 4229 2834 4282 numero
2903 4207 3543 4299 distinguuntur,

1997 4327 2187 4419 quia
2234 4325 2525 4397 liabent
2561 4323 2637 4395 in
2672 4345 2765 4394 eo
2810 4321 3133 4393 diversa
3173 4344 3306 4388 esse
3344 4320 3549 4391 exis-

1993 4442 2273 4515 tentiae
2313 4469 2325 4510 z
2365 4444 2445 4513 et
2486 4440 2759 4511 eodem
2820 4439 3053 4509 modo
3090 4436 3158 4507 si
3192 4435 3553 4509 acciden-

1996 4562 2115 4633 tia
2148 4559 2508 4650 ejusdem
2543 4556 2839 4649 speciei
2884 4559 3218 4647 possent
3253 4553 3552 4625 habere

1999 4678 2077 4748 in
2112 4678 2391 4748 eodem
2427 4675 2793 4766 subjecto
2826 4672 3150 4745 diversa
3181 4695 3315 4739 esse
3345 4669 3555 4743 exis-

1999 4793 2301 4873 tentiae,
2364 4790 2606 4861 simul
2661 4792 3301 4860 numerarentur
3369 4807 3551 4860 cum

1997 4932 2116 4982 eo.
2157 4909 2330 4981 Hoc
2376 4911 2598 4999 patet
2648 4907 2739 4978 de
2780 4904 3277 4977 albedinibus
3331 4924 3555 4996 sepa-

2003 5023 2207 5097 ratis
2251 5023 2332 5093 in
2402 5021 2935 5092 Sacramento
2999 5019 3319 5099 altaris,
3374 5038 3550 5109 quae

1998 5141 2617 5230 distinguuntur
2662 5159 2804 5230 per
2869 5160 3003 5204 esse
3060 5135 3547 5215 existentife,

2000 5279 2159 5329 non
2216 5255 2792 5329 subsistentiae.
2860 5256 3123 5327 Causa
3163 5272 3359 5341 ergo
3402 5274 3547 5324 nu-

2003 5371 2511 5445 merositatis
2535 5369 2987 5443 numeralis
3014 5369 3552 5442 accidentium

2001 5491 2361 5582 ejusdem
2425 5489 2721 5582 speciei
2766 5510 2910 5580 per
2954 5509 3061 5567 se,
3127 5492 3250 5560 est
3300 5487 3557 5560 diver-

2009 5609 2214 5682 sitas
2277 5612 2607 5681 actuum
2648 5603 3131 5685 existentiae,
3178 5608 3257 5677 et
3309 5624 3558 5677 causa
