4252 6393
686 397 808 460 704

687 557 901 629 enim
949 576 1107 629 non
1161 559 1666 649 sequeretur,
1712 575 1912 647 ergo
1963 556 2232 636 simul,

688 673 815 746 vel
849 673 929 745 in
961 674 1238 747 eodem
1302 673 1642 748 instanti
1689 672 2001 746 instans
2058 693 2233 747 cor·

684 797 1014 887 ruptum
1044 796 1192 875 est,
1255 797 1335 867 et
1367 813 1524 866 non
1550 795 1698 866 est.
1734 792 1985 866 Debet
2018 792 2233 864 enim

686 910 1152 1003 imaginari,
1191 911 1395 1002 quod
1420 910 1733 983 instans
1776 908 2235 1001 corrumpi-

686 1030 847 1112 tur,
896 1029 970 1102 id
1000 1032 1150 1113 est,
1194 1028 1487 1103 desinit
1551 1028 1878 1100 omnino
1931 1048 2108 1099 esse
2153 1027 2232 1099 in

687 1144 997 1238 seipso;
1033 1166 1177 1218 nce
1214 1165 1447 1218 suum
1481 1167 1616 1214 ηοη
1646 1167 1779 1214 esse
1818 1143 2058 1217 habet
2093 1142 2234 1215 ali-

688 1282 928 1354 quam
975 1281 1467 1344 mensuram,
1522 1260 1680 1334 nisi
1734 1266 2055 1353 tempus
2117 1280 2233 1331 se-

685 1382 988 1462 cutum,
1038 1379 1241 1471 quod
1276 1382 1400 1452 est
1453 1399 1835 1451 mensura
1906 1378 2030 1451 sui
2097 1400 2230 1448 non

682 1517 817 1566 esse
855 1515 1001 1589 per
1054 1495 1421 1569 accidens
1488 1519 1503 1564 τ
1564 1496 1639 1567 in
1705 1515 1859 1587 quo
1914 1495 2230 1587 quidem

684 1620 1052 1709 tempore
1096 1615 1460 1709 sequenti
1513 1613 1750 1689 habet
1804 1634 2039 1687 suum
2097 1637 2235 1682 non

681 1754 842 1816 esse,
902 1736 984 1808 et
1048 1733 1219 1806 idco
1284 1734 1364 1806 in
1424 1736 1796 1825 tempore
1858 1731 2230 1823 sequenti

682 1849 1277 1945 corrumpitur,
1317 1851 1384 1923 si
1418 1849 1844 1942 corruptio
1888 1853 2234 1923 vocetur

677 1992 815 2040 non
844 1991 1000 2039 esse.
1041 1968 1123 2042 Si
1145 1988 1345 2041 vero
1377 1968 1721 2041 vocetur
1747 1968 2051 2037 desinere
2070 1988 2227 2046 esse,

682 2086 763 2157 in
806 2085 1073 2178 seipso
1114 2085 1731 2177 corrumpitur:
1778 2101 1937 2155 non
1980 2081 2232 2156 etiam

680 2208 805 2279 est
856 2224 1240 2278 mensura
1292 2204 1371 2276 in
1423 2222 1568 2277 suo
1610 2226 1766 2285 esse,
1830 2205 1910 2275 et
1953 2200 2032 2272 in
2085 2218 2230 2271 suo

680 2344 819 2393 non
847 2344 1005 2395 esse.

771 2440 973 2514 Dico
1009 2440 1291 2531 igitur,
1330 2439 1537 2531 quod
1565 2438 1879 2511 instans
1912 2455 2072 2508 non
2107 2440 2232 2509 est

683 2558 870 2630 actu
916 2556 1424 2648 intempore,
1472 2553 1628 2625 nisi
1686 2552 1764 2625 in
1816 2550 2228 2644 principio

570 2764 575 2771 .
681 2676 759 2745 et
820 2672 975 2744 fine
1023 2670 1451 2765 temporiS‚
1509 2669 1961 2764 supposit0‚
2027 2667 2230 2759 quod

678 2793 1001 2883 tempus
1026 2788 1317 2863 habeat
1344 2786 1834 2881 principium
1858 2789 1937 2860 et
1960 2786 2226 2857 finem.

679 2910 845 2982 Nec
878 2908 1133 2991 video,
1182 2908 1386 3001 quod
1441 2906 1639 2980 talia
1675 2904 2069 2980 instantia
2105 2923 2228 2977 ac-

681 3032 765 3101 tu
800 3028 918 3116 (ut
951 3025 1112 3099 dixi
1167 3025 1399 3115 alias)
1432 3024 1701 3099 dicant
1745 3023 2062 3115 aliquid
2091 3042 2230 3115 po-

680 3144 958 3227 sitivo;
992 3142 1121 3216 sed
1157 3142 1471 3216 instans
1510 3142 1585 3215 in
1612 3140 2015 3237 principio
2038 3139 2231 3216 dicit

681 3261 1225 3355 privationem
1252 3259 1709 3334 durationis
1748 3257 2222 3340 anterioriS,

678 3383 755 3452 et
800 3379 1297 3472 positionem
1345 3376 1871 3470 posterioris;
1913 3377 2227 3449 instans

681 3495 760 3567 in
792 3497 946 3567 sine
982 3494 1174 3568 dicit
1214 3493 1759 3587 privationem
1799 3490 2228 3564 ulterioris

675 3613 1162 3694 durationiS,
1210 3616 1292 3686 ct
1338 3611 1829 3705 positionem
1888 3609 2223 3703 prioris.

668 3733 867 3805 Cum
903 3729 1117 3802 enim
1150 3730 1464 3802 instans
1494 3732 1575 3801 et
1614 3729 1798 3801 actu
1833 3731 1911 3800 et
1954 3731 2231 3820 poten-

671 3847 789 3918 tia
824 3845 1197 3938 Sequitur
1238 3858 1564 3913 nullatum
1607 3866 1763 3926 esse,
1808 3843 1883 3914 in
1931 3841 2225 3936 princi·

670 3963 802 4055 pio
842 3961 1240 4055 temporis
1276 3964 1357 4035 et
1403 3964 1870 4044 motuS‚n0n
1895 3965 2021 4034 est
2069 3960 2221 4031 ins-

670 4084 853 4154 tans
890 4079 1236 4174 positive
1268 4079 1598 4162 dictum,
1639 4078 1825 4171 quia
1872 4078 1951 4150 in
2009 4077 2225 4170 prin-

669 4197 884 4291 cipio
937 4217 1100 4270 non
1154 4201 1275 4270 cst
1326 4210 1652 4267 mutatum
1722 4220 1897 4279 esse,·
1943 4195 2020 4266 in
2066 4197 2221 4265 fine

670 4319 946 4390 autom
986 4318 1256 4389 motus
1290 4326 1615 4383 mutatum
1653 4334 1814 4397 esse,
1853 4314 1994 4384 aut
2026 4311 2222 4385 dicit

672 4432 1121 4524 idem‚quod
1146 4430 1682 4505 terminatum
1707 4450 1883 4500 esse
1911 4453 1925 4511 ;
1955 4431 2034 4501 et
2070 4427 2220 4500 hoc

668 4568 827 4621 uno
866 4549 1101 4621 modo
1138 4546 1542 4638 significat
1571 4546 1799 4627 idem,
1830 4545 2033 4636 quod
2061 4563 2221 4618 non

666 4663 1021 4757 amplius
1058 4664 1379 4746 durare,
1418 4666 1497 4735 et
1533 4661 1648 4734 sic
1684 4660 2061 4733 nondicit
2089 4681 2221 4753 po-

666 4780 1035 4863 sitivum3
1082 4783 1223 4855 aut
1267 4778 1674 4872 significat
1729 4775 1956 4860 idem,
2009 4777 2216 4868 quod

663 4901 1348 4980 consummatum,
1396 4899 1472 4968 et
1512 4895 1964 4988 perfectum
2004 4914 2211 4974 esse,

662 5013 867 5106 quod
895 5034 1057 5087 non
1097 5018 1220 5088 est
1265 5010 1506 5093 aliud,
1553 5030 1790 5103 quam
1836 5008 2214 5084 ultimam

658 5136 977 5226 partem
1038 5131 1157 5206 rei
1218 5131 1542 5206 habere.
1599 5132 1700 5203 Et
1762 5129 1920 5202 isto
1984 5129 2216 5202 modo

659 5264 982 5324 „tutatum
1022 5273 1157 5322 esse
1197 5248 1391 5323 dicit
1429 5247 1899 5342 positivum,
1946 5249 2027 5321 ct
2085 5248 2212 5318 cst

663 5390 854 5464 pars
915 5370 1209 5445 ultima
1273 5372 1574 5450 motu&
1662 5367 1744 5438 in
1820 5369 2218 5456 quantum

659 5492 928 5562 motus
957 5492 1082 5563 est
1124 5486 1491 5560 accidens
1533 5482 1931 5557 naturale.
1982 5485 2081 5556 Et
2119 5482 2216 5554 is-

661 5608 744 5678 to
787 5605 1019 5679 modo
1062 5603 1378 5680 instans
1422 5601 1568 5678 tali
1607 5610 1859 5669 mutato
1889 5617 2216 5671 essecor-

1861 397 1961 458 DE
2006 394 2276 460 RERUM
2323 394 2710 460 PRINCIPIO

2349 558 2839 649 respondens
2890 560 3013 631 est
3060 556 3366 649 aliquid
3421 556 3879 649 positivum,

2347 677 2514 747 tam
2551 675 2630 746 in
2681 674 3082 768 principio
3137 693 3378 766 quam
3424 673 3506 746 in
3548 674 3726 754 fine,
3785 673 3886 746 in-

2348 796 2738 883 quantum
2796 794 3063 866 motus
3091 812 3307 863 verae
3352 791 3496 874 rei,
3544 812 3725 883 quae
3753 812 3889 884 per

2349 915 2660 984 motum
2704 911 3190 1003 acquiritur,
3248 909 3490 984 habet
3531 909 3885 1002 primum

2351 1033 2432 1102 et
2485 1029 2888 1112 ultimum,
2946 1029 3133 1121 quia
3176 1027 3625 1102 minimum.

2438 1147 2582 1219 Sed
2613 1147 2772 1221 isto
2820 1147 3052 1220 modo
3085 1166 3247 1219 non
3281 1145 3686 1238 accipitur
3719 1164 3888 1237 pro·

2349 1262 2521 1353 prie
2565 1266 2847 1345 instans,
2893 1264 3078 1355 quia
3123 1262 3239 1336 sic
3281 1264 3702 1354 acceptum
3736 1278 3888 1331 non
3989 1264 3990 1267 ’

2346 1384 2471 1453 est
2516 1380 2729 1452 aliud
2783 1400 3022 1472 quam
3070 1379 3494 1452 minimum
3547 1383 3885 1469 tempus,

2350 1502 2435 1571 ut
2471 1519 2556 1568 su
2575 1497 2848 1590 perius
2872 1501 2996 1570 est
3031 1502 3478 1578 ostensum,
3507 1499 3586 1569 et
3622 1515 3889 1567 secun—

2312 1616 2531 1719 dum
2564 1615 2811 1688 istum
2859 1616 3178 1688 modum
3216 1613 3293 1686 in
3320 1617 3543 1687 motu
3588 1616 3664 1684 et
3701 1616 3889 1686 tem-

2353 1752 2546 1824 pore
2589 1731 3003 1813 continuo,
3050 1751 3211 1804 non
3270 1734 3392 1804 est
3446 1730 3763 1803 instans
3816 1730 3891 1801 in

2349 1850 2751 1943 principio
2796 1852 2872 1922 et
2917 1850 3095 1931 fine,
3134 1848 3288 1922 nisi
3337 1848 3741 1942 privative
3774 1869 3891 1921 ac-

2347 1972 2672 2060 ceptum
2720 1994 2732 2037 :
2774 1968 2852 2040 in
2903 1970 3121 2041 motu
3159 1987 3354 2040 vero
3389 1970 3468 2042 et
3519 1971 3888 2059 tempore

2347 2087 2434 2159 ut
2479 2088 2665 2158 sunt
2718 2085 2901 2177 quid
2951 2086 3354 2166 naturale,
3409 2086 3534 2158 est
3579 2084 3890 2158 instans

2348 2200 2425 2273 in
2471 2201 2875 2295 principio
2900 2207 2980 2277 et
3003 2204 3155 2275 fine
3181 2201 3529 2295 positive
3559 2200 3887 2281 dictum,

2349 2319 2831 2411 inquantum
2918 2323 3179 2389 instans
3263 2317 3671 2411 accipitur
3743 2336 3889 2409 pro

2347 2437 2712 2510 minimo.
2775 2439 3039 2506 lustaus
3119 2439 3393 2511 autem
3465 2440 3893 2529 acceptum

2345 2554 2736 2648 potentia,
2773 2553 2898 2626 vel
2944 2553 3487 2647 significatum
3526 2556 3714 2626 actu
3755 2573 3895 2646 per

2345 2671 3049 2763 imaginationem,
3145 2670 3382 2744 habet
3484 2670 3891 2745 rationem

2346 2789 2871 2883 privationis3
2921 2788 3109 2882 quia
3154 2808 3313 2861 non
3345 2792 3469 2863 est
3502 2787 3720 2860 aliud
3755 2793 3894 2858 ins-

2344 2920 2491 2976 tans
2534 2910 2948 3000 sumptum
2984 2906 3373 2999 potentia,
3429 2904 3585 2978 nisi
3628 2905 3895 2998 priva-

2303 3025 2459 3100 .tio
2494 3023 3064 3099 continuitatis
3099 3024 3591 3117 inpotentia,
3622 3026 3707 3096 et
3744 3023 3895 3095 ins-

2342 3148 2527 3219 tans
2572 3140 3114 3236 imaginatum
3156 3145 3368 3225 actu,
3413 3141 3571 3215 nisi
3617 3145 3894 3216 aetua-

2345 3262 2442 3334 lis
2491 3260 2806 3343 divisiO,
2865 3260 3033 3333 sive
3078 3259 3432 3353 privatio
3483 3258 3895 3333 continui-

2340 3377 2539 3452 tatis
2574 3375 2793 3449 sacta
2834 3375 2932 3448 ab
2968 3376 3580 3468 imaginatione.

2468 3495 2548 3567 Si
2593 3497 2866 3569 autem
2911 3498 3170 3565 instans
3200 3494 3542 3578 dicatur,
3598 3512 3768 3566 non
3802 3490 3899 3564 ab

2341 3611 2730 3686 instantia
2769 3611 3299 3694 solummodo,
3348 3610 3481 3684 sed
3521 3608 3901 3702 quamvis

2343 3728 2449 3802 sit
2502 3726 2903 3810 instabile,
2956 3725 3256 3799 dicitur
3312 3728 3583 3798 tamen
3634 3730 3904 3795 instans

2340 3847 2438 3919 ab
2479 3846 2792 3916 instando
2832 3849 2911 3918 ct
2950 3846 3579 3935 appropinquand0‚
3627 3864 3903 3936 quem—

2339 3962 2766 4035 admodum
2794 3961 3278 4035 indivisibile
3319 3981 3681 4054 praesens
3715 3961 3904 4035 dici-

2338 4081 2475 4150 tur
2537 4079 2877 4161 instans,
2938 4079 3143 4170 quod
3220 4082 3496 4151 tamen
3570 4098 3906 4172 semper

2338 4199 2460 4268 cst
2495 4195 2709 4266 aliud
2742 4198 2822 4269 et
2856 4194 3094 4277 aliud,
3127 4194 3334 4287 quod
3369 4194 3686 4287 quidem
3714 4196 3906 4268 dici·

2338 4313 2474 4383 tur
2545 4315 2826 4392 instans,
2893 4311 3078 4402 quia
3143 4310 3397 4384 instat
3465 4315 3547 4384 et
3600 4330 3904 4404 appro-

2341 4425 2699 4517 pinquat,
2766 4431 2846 4500 et
2911 4446 3053 4519 per
3110 4425 3286 4518 ejus
3339 4430 3762 4510 naturam,
3822 4430 3901 4499 et

2335 4542 2792 4625 entitatem,
2851 4563 3026 4634 quae
3089 4542 3388 4616 suflicit
3441 4545 3534 4616 ad
3593 4543 3905 4618 entita-

2339 4662 2502 4732 tem
2539 4660 3108 4744 suecessioniS,
3137 4663 3217 4734 et
3241 4681 3384 4753 per
3408 4661 3901 4752 quodetiam

2337 4782 2657 4869 tempus
2690 4777 2936 4851 dicitu
2955 4798 2992 4848 r
3033 4778 3300 4861 breve,
3337 4778 3465 4850 vel
3522 4778 3899 4868 longum,

2336 4895 2727 4988 priuser
2746 4895 3277 4988 posterius3ut
3303 4919 3402 4969 ex
3427 4901 3662 4991 parte
3683 4898 3906 4990 prio-

2337 5013 2433 5096 ri,
2473 5012 2785 5087 scilicct
2814 5011 3218 5105 praeteriti
3252 5013 3679 5108 temporis,
3709 5015 3903 5089 dici-

2331 5133 2472 5203 tur
2528 5129 2783 5223 prius,
2833 5131 3038 5223 quod
3091 5132 3270 5224 plus
3309 5131 3559 5205 distat
3591 5149 3639 5203 a
3689 5151 3902 5224 prae-

2335 5251 2570 5333 senti,
2609 5252 2689 5322 ct
2728 5249 2916 5322 illud
2951 5248 3199 5323 etiam
3225 5248 3551 5320 brevius
3585 5253 3666 5322 ct
3706 5270 3903 5341 pos-

2334 5365 2618 5448 teriuS,
2650 5365 2856 5457 quod
2892 5365 3158 5437 minus
3189 5364 3437 5438 distat
3470 5384 3515 5436 a*
3541 5384 3903 5457 praesen—

2333 5483 2393 5557 ti
2437 5503 2534 5555 ex
2581 5486 2813 5574 parte
2851 5481 3319 5575 posteriori,
3358 5487 3438 5555 et
3474 5500 3520 5552 a
3551 5486 3896 5557 contra-

2335 5597 2460 5670 rio
2494 5602 2885 5691 quantum
2920 5598 3014 5670 ad
3049 5595 3573 5690 prioritatem
3594 5600 3682 5671 et
3717 5618 3902 5690 pos-

4028 3468 4079 3518 10
