4252 6393
374 1610 527 1662 11:17.

341 3169 384 3223 A
396 3184 475 3233 ry.
510 3171 531 3221 1

279 5348 603 5401 Secundum.

648 392 719 456 18

620 549 955 623 effectus
1026 547 1436 642 impedire,
1519 550 1654 641 qui
1728 548 2165 621 secundum

621 687 921 760 corpus
964 667 1288 740 coeleste
1339 666 1664 740 venturi
1705 671 2002 739 essent.
2062 668 2165 739 Et

622 784 796 858 idco
844 782 1038 857 dicit
1074 782 1559 856 Ptolemaeus
1593 782 1672 854 in
1706 781 2164 872 Centilogio

625 921 797 982 δυο,
845 899 1411 993 propositione
1457 903 1524 972 5.
1567 902 1850 990 Sapiens
1887 901 2165 969 astrolo-

622 1042 742 1107 (μω
781 1021 991 1088 mulla
1029 1021 1211 1088 mala
1258 1020 1612 1108 prohibere
1635 1030 1872 1107 potest,
1907 1040 2051 1108 quo:
2070 1042 2165 1086 se·

625 1136 915 1203 cundum
940 1138 1169 1204 stellas
1188 1147 1397 1203 essent
1417 1147 1725 1204 ventura.
1752 1137 1851 1208 Et
1875 1134 1956 1206 in
1985 1155 2165 1227 pro·

626 1250 1031 1341 positione
1068 1254 1133 1322 8.
1179 1250 1374 1324 dicit
1415 1252 1623 1342 quod
1660 1255 1927 1342 sapiens
1955 1264 2164 1321 astro-

625 1371 810 1460 loqus
828 1371 1094 1463 juvabit
1125 1391 1288 1458 opus
1315 1372 1685 1454 stellarum,
1748 1371 2164 1461 quemadmo-

621 1488 782 1558 dum
818 1491 1184 1556 seminator
1212 1489 1388 1555 vires
1422 1490 1801 1556 herbarum.

716 1604 828 1677 Ad
850 1603 1123 1685 aliam,
1155 1603 1527 1695 sequitur
1551 1605 1756 1695 quod
1783 1606 1967 1691 finis,
2005 1609 2160 1677 etc.

627 1721 1003 1802 concedO,
1042 1722 1248 1813 quod
1282 1721 1463 1793 finis
1496 1721 1845 1813 alicujus
1890 1741 2166 1793 secun·

623 1837 853 1910 (laria
921 1838 1369 1911 intentione
1417 1838 1611 1910 bene
1682 1838 2001 1931 regitur
2050 1860 2164 1909 se-

624 1955 967 2026 cundum
1011 1955 1507 2046 exigentiam
1563 1954 1825 2036 istius,
1888 1954 2022 2027 sed
2071 1954 2165 2025 de

622 2070 777 2142 fine
848 2071 1245 2164 primaria
1313 2071 1762 2145 intentione
1822 2092 1979 2143 non
2040 2078 2165 2145 est

623 2209 933 2271 verum,
989 2210 1175 2261 nam
1210 2210 1566 2281 corpora
1606 2188 1972 2264 coelestia
2004 2210 2165 2262 non

622 2310 875 2397 agunt
910 2305 1308 2398 primaria
1343 2304 1792 2379 intentione
1827 2311 2167 2400 propter

625 2420 785 2493 ista
818 2419 1239 2494 inferiora.

1037 2741 1495 2828 QUAESTlo
1603 2739 1724 2808 lv.

744 2950 977 3018 Uerum
1026 2947 1254 3014 coelum
1292 2944 1379 3011 sil
1417 2941 1500 3008 de
1542 2949 1785 3008 natura
1818 2934 2046 3023 iym's?

715 3119 1116 3214 Arguitur
1177 3113 1382 3208 quod
1452 3109 1594 3193 sic,
1645 3106 1829 3200 quia
1875 3102 2163 3177 coelum

628 3245 753 3316 est
784 3240 875 3313 dc
907 3241 1206 3311 natura
1250 3228 1670 3308 elementi;
1724 3224 1981 3315 igitur
2018 3244 2165 3295 coe·

627 3361 793 3431 lum
850 3359 975 3429 est
1034 3355 1124 3426 de
1193 3353 1491 3422 natura
1571 3343 1807 3436 ignis.
1873 3345 2164 3416 Conse-

625 3473 953 3569 quentia
1002 3472 1247 3550 tenet‚
1294 3466 1482 3559 quia
1534 3460 1794 3551 magis
1845 3458 2166 3533 videtur

624 3614 803 3666 esse
832 3592 924 3666 de
946 3591 1244 3661 natura
1269 3582 1507 3675 ignis,
1540 3598 1780 3672 quam
1814 3576 2163 3669 alicujus

626 3710 982 3783 aliorum
1015 3696 2163 3777 elementorum.·Antecedens

627 3826 1050 3918 probatur,
1091 3820 1277 3913 quia
1320 3818 1393 3891 id
1445 3816 1654 3908 quod
1702 3817 1827 3887 est
1883 3832 2158 3903 grave,

624 3945 753 4017 vel
785 3943 983 4022 leve,
1014 3942 1138 4012 est
1162 3939 1251 4009 de
1285 3939 1585 4008 natura
1629 3931 2112 4004 inferiorum
2143 3953 2158 4010 ;

629 4061 764 4134 sed
804 4059 1091 4132 coelum
1120 4059 1244 4130 est
1277 4073 1552 4146 grave,
1600 4050 1725 4123 vel
1772 4050 1979 4130 leve3
2019 4046 2165 4138 igi-

631 4184 770 4252 tur
802 4178 925 4248 est
983 4174 1073 4245 de
1114 4175 1411 4244 natura
1444 4169 1957 4243 inferiorum.
1998 4167 2163 4238 Ma-

1804 388 1948 450 LlB.
1998 388 2043 450 1.
2090 385 2635 452 METEoRonUM

2281 546 2502 619 ribus
2575 545 3081 638 simplicibus
3157 550 3420 618 totum
3479 551 3560 619 et
3632 566 3823 639 pars

2281 668 2468 736 sunt
2529 662 2888 755 ejusdem
2950 666 3294 735 naturae.
3364 664 3466 735 Et
3511 666 3822 735 antece-

2275 779 2466 853 dens
2565 779 2985 872 probatur,
3060 779 3250 872 quia
3321 777 3662 853 Galaxia
3744 783 3825 850 et

2280 898 2520 970 stella
2557 902 2885 971 comata
2918 901 3105 972 sunt
3161 902 3436 989 partes
3487 896 3695 978 coeli,
3742 902 3822 969 et

2282 1013 2634 1086 maxime
2703 1013 3069 1095 Galaxia‚
3133 1018 3221 1086 ut
3277 1016 3558 1105 postea
3609 1017 3821 1105 pate·

2279 1129 2419 1212 bit,
2458 1134 2539 1204 et
2600 1130 2738 1204 illa
2782 1134 2969 1204 sunt
3002 1130 3094 1201 de
3135 1132 3435 1203 natura
3471 1128 3705 1221 ignis,
3736 1134 3822 1203 ut

2281 1250 2508 1339 patet
2552 1247 2819 1340 primo
2852 1245 3120 1340 hujus.

2367 1363 2669 1446 Tertio,
2765 1364 2903 1437 illa
2974 1385 3332 1459 corpora
3412 1366 3818 1461 simplicia

2282 1485 2470 1555 sunt
2573 1481 2928 1573 ejusdem
3024 1487 3367 1565 naturae,
3470 1504 3818 1577 quorum

2281 1596 2487 1671 idem
2520 1602 2645 1672 est
2678 1605 2949 1673 motus
2992 1600 3339 1694 simplex
3388 1601 3858 1696 secundum,

2281 1719 2700 1797 naturam;
2741 1718 2877 1790 sed
2909 1717 3291 1811 corporis
3324 1718 3704 1799 coelestis,
3742 1725 3822 1792 et

2284 1825 2536 1919 ipsius
2599 1828 2809 1920 ignis
2871 1835 2997 1903 est
3045 1830 3249 1903 idem
3312 1836 3583 1905 motus
3640 1830 3824 1904 sim-

2283 1944 2466 2038 plex
2509 1949 2944 2021 secundum
2989 1955 3410 2032 naturam3
3455 1969 3656 2040 ergo
3684 1948 3823 2022 illa

2281 2067 2467 2134 sunt
2500 2063 2856 2157 ejusdem
2901 2071 3243 2141 naturae.
3293 2067 3569 2160 Maj0r
3601 2073 3823 2162 patet

2275 2181 2500 2270 primo
2530 2182 2612 2249 de
2636 2185 2834 2265 Coelo,
2861 2181 2992 2255 ubi
3025 2183 3329 2258 dicitur
3352 2186 3561 2276 quod
3584 2185 3822 2258 unius

2282 2297 2664 2388 corporis
2699 2297 3101 2392 simplicis
3133 2305 3261 2375 est
3305 2301 3571 2375 solum
3618 2324 3821 2375 unus

2281 2416 2551 2486 motus
2573 2414 2916 2509 simplex
2952 2420 3386 2491 secundum
3412 2425 3816 2495 naturam.

2281 2531 2382 2603 Et
2408 2529 2679 2604 minor
2709 2541 3077 2625 apparet,
3105 2540 3482 2610 namtam
3501 2536 3816 2619 coelum,

2281 2667 2522 2738 quam
2576 2647 2785 2739 ignis
2831 2655 3208 2725 movetur
3260 2653 3814 2728 circulariter.

2369 2770 2704 2847 QuartO,
2755 2765 2912 2838 illae
2964 2773 3152 2841 sunt
3198 2769 3551 2861 ejusdem
3595 2776 3817 2844 natu-

2281 2903 2417 2964 rae,
2492 2904 2666 2974 quae
2714 2883 3008 2959 liabent
3061 2888 3494 2960 materiam
3561 2888 3819 2961 consi·

2281 3000 2594 3082 milem;
2635 3002 2768 3073 sed
2791 3023 3089 3095 corpus
3115 3005 3462 3085 coeleste,
3499 3011 3579 3078 et
3612 3005 3821 3096 ignis

2279 3116 2573 3191 habent
2612 3118 3048 3193 materiam
3108 3124 3656 3205 consimilem;
3702 3143 3821 3195 er-

2282 3255 2410 3325 g0,
2456 3242 2607 3310 etc.
2649 3238 2923 3332 Major
2967 3245 3210 3331 patet,
3259 3242 3446 3332 quia
3472 3240 3820 3314 materia

2278 3356 2405 3426 est
2471 3358 2770 3427 natura
2831 3382 2845 3424 :
2911 3357 3082 3450 jam
3155 3357 3316 3440 illa,
3392 3380 3566 3451 quae
3635 3363 3820 3432 sunt

2277 3469 2634 3562 ejusdem
2726 3475 3093 3548 materiae
3186 3481 3374 3549 sunt
3466 3477 3822 3570 ejusdem

2279 3590 2622 3660 naturae.
2688 3591 2787 3664 Et
2833 3591 3127 3673 minor,
3175 3593 3364 3683 quia
3422 3594 3502 3665 in
3573 3594 3820 3666 omni-

2277 3701 2424 3774 bus
2493 3708 2618 3779 est
2697 3709 3045 3781 materia
3134 3710 3490 3802 eJusdem
3573 3713 3817 3785 ratio·

2279 3823 2429 3904 nis,
2489 3828 2578 3897 ut
2647 3829 2868 3918 patet
2904 3829 2998 3898 ·1.
3059 3829 3520 3915 Plzysicorum.
3583 3831 3816 3902 Modo

2277 3943 2566 4017 coelum
2643 3942 2881 4016 habet
2952 3946 3410 4027 materiam,
3473 3967 3657 4018 cum
3714 3947 3820 4019 sit

2277 4081 2581 4154 corpus
2624 4060 2944 4143 sensile,
2982 4065 3061 4133 et
3098 4081 3331 4134 omne
3383 4062 3547 4136 tale
3580 4062 3818 4136 habet

2278 4178 2738 4260 materiam,
2807 4182 2892 4252 ut
2955 4177 3147 4252 dicit
3200 4181 3819 4252 Commentator

622 4296 762 4387 jor
803 4295 1050 4386 patet,
1101 4291 1285 4382 quia
1321 4291 1714 4379 gravitas,
1753 4297 1833 4365 et
1870 4286 2161 4360 levitas
2270 4297 2497 4384 primo
2536 4296 2617 4364 de
2651 4298 2855 4364 Coelo.

2365 4410 2688 4494 Quinte,
2759 4411 2944 4503 quia
3005 4410 3144 4484 illa
3202 4414 3389 4484 sunt
3458 4410 3814 4503 ejusdem
3855 4433 4166 4487 Quintum.

628 4415 816 4485 sunt
860 4409 1296 4502 qualitates
1354 4409 1745 4489 secunda»,
1807 4428 2161 4501 praesup-

626 4532 1014 4622 ponentes
1049 4526 1441 4608 action-OS,
1481 4525 1651 4597 sive
1674 4546 2162 4616 consequen-

626 4651 746 4720 tes
771 4646 1133 4719 actiones
1159 4643 1614 4736 primarum
1643 4643 2158 4734 qualitatum.

626 4766 727 4838 Et
762 4763 1031 4836 minor
1055 4767 1422 4855 apparet,
1462 4762 1647 4853 quia
1682 4783 1983 4853 corpus
2018 4783 2162 4832 coe-

630 4882 855 4961 leste,
928 4878 1056 4951 vel
1107 4878 1383 4970 aliqua
1430 4876 1605 4970 ejus
1650 4898 1841 4969 pars
1887 4898 2163 4950 secun-

620 4999 806 5071 dum
838 4996 1134 5069 lineam
1173 5001 1478 5071 rectam
1523 4995 1998 5087 quandoque
2038 4998 2164 5066 est

628 5113 1166 5206 propinquior
1210 5111 1463 5194 nobis,
1522 5097 2164 5203 quandoque're-

628 5229 956 5304 metior.

723 5348 1104 5444 Secundo,
1153 5344 1425 5437 aliqua
1467 5365 1658 5437 pars
1701 5345 1875 5416 coeli
1912 5351 2034 5417 est
2075 5344 2167 5414 (le

630 5468 927 5538 natura
982 5462 1231 5554 ignis;
1287 5482 1487 5552 ergo
1534 5466 1796 5536 totum
1842 5459 2160 5534 coelum.

630 5577 1225 5670 Consequentia
1264 5582 1507 5657 tenet,
1550 5577 1841 5669 quia'in
1880 5599 2165 5670 corpo-

2277 4532 2618 4608 naturae,
2679 4526 2964 4618 quibus
3035 4526 3309 4601 insunt
3363 4526 3818 4620 proprieta-

2277 4647 2424 4724 tes,
2471 4647 2551 4715 et
2618 4644 3136 4735 operationes
3193 4643 3688 4724 consimiles,
3738 4648 3818 4718 et

2279 4758 2728 4833 accidentia
2770 4760 3271 4842 consimilia3
3321 4762 3454 4834 sed
3488 4759 3689 4835 coelo
3734 4765 3814 4833 et

2280 4876 2446 4965 igni
2483 4876 2759 4949 insunt
2799 4876 3289 4970 hujusmodi,
3336 4882 3489 4951 etc.
3548 4878 3818 4971 Major

2282 4998 2528 5086 patet,
2621 4994 2808 5086 quia
2891 4995 3187 5068 eaedem
3266 4993 3813 5086 operationes,

2279 5114 2572 5184 eassdem
2610 5113 3188 5205 proprietates,
3244 5117 3323 5184 et
3355 5112 3814 5186 consimilia

2280 5229 2724 5301 accidentia
2771 5250 2928 5301 non
2964 5235 3303 5323 possunt
3357 5230 3619 5303 inesse
3660 5229 3816 5303 nisi

2281 5344 2362 5418 in
2398 5345 2585 5426 illis,
2626 5368 2800 5439 qua=
2835 5350 3019 5419 sunt
3059 5348 3415 5440 ejusdem
3470 5352 3812 5421 naturae.

2281 5466 2381 5537 Et
2452 5460 2744 5545 minor,
2803 5461 2988 5556 quia
3075 5465 3661 5557 proprietatos,
3740 5471 3821 5538 et

2284 5580 2807 5672 operationes
2855 5580 3062 5670 ignis
3098 5586 3285 5655 sunt
3321 5578 3814 5660 illuminare,

3880 1381 4169 1432 Ter-cium.

3871 2786 4184 2841 Quartum.
