<?xml version="1.0" encoding="UTF-8"?>
<!DOCTYPE html PUBLIC "-//W3C//DTD XHTML 1.0 Transitional//EN"
    "http://www.w3.org/TR/xhtml1/DTD/xhtml1-transitional.dtd">
<html xmlns="http://www.w3.org/1999/xhtml" xml:lang="en" lang="en">
 <head>
  <title>
</title>
<meta http-equiv="Content-Type" content="text/html;charset=utf-8" />
  <meta name='ocr-system' content='tesseract 3.04.00' />
  <meta name='ocr-capabilities' content='ocr_page ocr_carea ocr_par ocr_line ocrx_word'/>
</head>
<body>
  <div class='ocr_page' id='page_1' title='image "./joannisdunsscot03waddgoog_0552.png"; bbox 0 0 4252 6393; ppageno 0'>
   <div class='ocr_carea' id='block_1_1' title="bbox 669 389 787 451">
    <p class='ocr_par' dir='ltr' id='par_1_1' title="bbox 669 389 787 451">
     <span class='ocr_line' id='line_1_1' title="bbox 669 389 787 451; baseline 0.017 -2"><span class='ocrx_word' id='word_1_1' title='bbox 669 389 787 451; x_wconf 78' lang='lat'>522</span> 
     </span>
    </p>
   </div>
   <div class='ocr_carea' id='block_1_2' title="bbox 653 553 2209 5683">
    <p class='ocr_par' dir='ltr' id='par_1_2' title="bbox 655 553 2207 2171">
     <span class='ocr_line' id='line_1_2' title="bbox 658 553 2203 629; baseline 0.003 -6"><span class='ocrx_word' id='word_1_2' title='bbox 658 553 1121 628; x_wconf 79' lang='lat' dir='ltr'>sensatione</span> <span class='ocrx_word' id='word_1_3' title='bbox 1164 574 1406 626; x_wconf 86' lang='lat' dir='ltr'>unam</span> <span class='ocrx_word' id='word_1_4' title='bbox 1467 555 1873 629; x_wconf 80' lang='lat' dir='ltr'>actionem</span> <span class='ocrx_word' id='word_1_5' title='bbox 1932 575 2203 628; x_wconf 90' lang='lat' dir='ltr'>nume-</span> 
     </span>
     <span class='ocr_line' id='line_1_3' title="bbox 660 672 2204 767; baseline 0.005 -27"><span class='ocrx_word' id='word_1_6' title='bbox 660 690 779 751; x_wconf 89' lang='lat' dir='ltr'>ro,</span> <span class='ocrx_word' id='word_1_7' title='bbox 838 691 1023 744; x_wconf 91' lang='lat' dir='ltr'>cum</span> <span class='ocrx_word' id='word_1_8' title='bbox 1077 672 1153 744; x_wconf 92' lang='lat' dir='ltr'>ei</span> <span class='ocrx_word' id='word_1_9' title='bbox 1210 673 1762 766; x_wconf 74' lang='lat' dir='ltr'>conjungitur,</span> <span class='ocrx_word' id='word_1_10' title='bbox 1810 678 1896 746; x_wconf 93' lang='lat' dir='ltr'>ut</span> <span class='ocrx_word' id='word_1_11' title='bbox 1938 674 2204 767; x_wconf 87' lang='lat' dir='ltr'>patuit</span> 
     </span>
     <span class='ocr_line' id='line_1_4' title="bbox 660 791 2203 885; baseline 0.003 -26"><span class='ocrx_word' id='word_1_12' title='bbox 660 809 935 881; x_wconf 86' lang='lat' dir='ltr'>supra,</span> <span class='ocrx_word' id='word_1_13' title='bbox 983 795 1253 883; x_wconf 89' lang='lat' dir='ltr'>potest</span> <span class='ocrx_word' id='word_1_14' title='bbox 1293 791 1445 864; x_wconf 88' lang='lat' dir='ltr'>dici</span> <span class='ocrx_word' id='word_1_15' title='bbox 1485 812 1629 885; x_wconf 89' lang='lat' dir='ltr'>per</span> <span class='ocrx_word' id='word_1_16' title='bbox 1669 791 2037 865; x_wconf 90' lang='lat' dir='ltr'>accidens</span> <span class='ocrx_word' id='word_1_17' title='bbox 2077 811 2203 863; x_wconf 87' lang='lat' dir='ltr'>or—</span> 
     </span>
     <span class='ocr_line' id='line_1_5' title="bbox 658 907 2203 1002; baseline 0.002 -24"><span class='ocrx_word' id='word_1_18' title='bbox 658 907 972 995; x_wconf 83' lang='lat' dir='ltr'>ganica,</span> <span class='ocrx_word' id='word_1_19' title='bbox 1038 910 1268 982; x_wconf 91' lang='lat' dir='ltr'>modo</span> <span class='ocrx_word' id='word_1_20' title='bbox 1316 931 1564 1002; x_wconf 89' lang='lat' dir='ltr'>supra</span> <span class='ocrx_word' id='word_1_21' title='bbox 1611 909 2067 990; x_wconf 86' lang='lat' dir='ltr'>declarato,</span> <span class='ocrx_word' id='word_1_22' title='bbox 2123 913 2203 982; x_wconf 89' lang='lat' dir='ltr'>et</span> 
     </span>
     <span class='ocr_line' id='line_1_6' title="bbox 661 1024 2204 1120; baseline 0 -24"><span class='ocrx_word' id='word_1_23' title='bbox 661 1044 805 1116; x_wconf 90' lang='lat' dir='ltr'>per</span> <span class='ocrx_word' id='word_1_24' title='bbox 843 1045 1343 1117; x_wconf 85' lang='lat' dir='ltr'>consequens</span> <span class='ocrx_word' id='word_1_25' title='bbox 1386 1026 1560 1120; x_wconf 88' lang='lat' dir='ltr'>ejus</span> <span class='ocrx_word' id='word_1_26' title='bbox 1614 1026 1828 1102; x_wconf 87' lang='lat' dir='ltr'>aetio</span> <span class='ocrx_word' id='word_1_27' title='bbox 1885 1024 2204 1117; x_wconf 86' lang='lat' dir='ltr'>organi-</span> 
     </span>
     <span class='ocr_line' id='line_1_7' title="bbox 657 1140 2204 1236; baseline 0.001 -23"><span class='ocrx_word' id='word_1_28' title='bbox 657 1161 776 1213; x_wconf 90' lang='lat' dir='ltr'>ca.</span> <span class='ocrx_word' id='word_1_29' title='bbox 824 1140 1058 1217; x_wconf 87' lang='lat' dir='ltr'>Actio</span> <span class='ocrx_word' id='word_1_30' title='bbox 1100 1149 1376 1217; x_wconf 89' lang='lat' dir='ltr'>autem</span> <span class='ocrx_word' id='word_1_31' title='bbox 1413 1144 1825 1226; x_wconf 82' lang='lat' dir='ltr'>ressexiva,</span> <span class='ocrx_word' id='word_1_32' title='bbox 1864 1164 2019 1236; x_wconf 87' lang='lat' dir='ltr'>qua</span> <span class='ocrx_word' id='word_1_33' title='bbox 2056 1143 2204 1215; x_wconf 90' lang='lat' dir='ltr'>sci-</span> 
     </span>
     <span class='ocr_line' id='line_1_8' title="bbox 658 1258 2205 1354; baseline 0.001 -23"><span class='ocrx_word' id='word_1_34' title='bbox 658 1258 848 1333; x_wconf 80' lang='lat' dir='ltr'>licet</span> <span class='ocrx_word' id='word_1_35' title='bbox 892 1260 1278 1351; x_wconf 89' lang='lat' dir='ltr'>intelligit</span> <span class='ocrx_word' id='word_1_36' title='bbox 1338 1283 1421 1334; x_wconf 90' lang='lat' dir='ltr'>se</span> <span class='ocrx_word' id='word_1_37' title='bbox 1475 1261 1717 1354; x_wconf 88' lang='lat' dir='ltr'>hujus</span> <span class='ocrx_word' id='word_1_38' title='bbox 1779 1260 2205 1335; x_wconf 88' lang='lat' dir='ltr'>actualita-</span> 
     </span>
     <span class='ocr_line' id='line_1_9' title="bbox 656 1375 2203 1470; baseline 0 -22"><span class='ocrx_word' id='word_1_39' title='bbox 656 1379 821 1448; x_wconf 89' lang='lat' dir='ltr'>tem</span> <span class='ocrx_word' id='word_1_40' title='bbox 862 1375 1318 1451; x_wconf 82' lang='lat' dir='ltr'>existentiae</span> <span class='ocrx_word' id='word_1_41' title='bbox 1353 1377 1835 1470; x_wconf 83' lang='lat' dir='ltr'>intelligere,</span> <span class='ocrx_word' id='word_1_42' title='bbox 1873 1382 1952 1449; x_wconf 88' lang='lat' dir='ltr'>et</span> <span class='ocrx_word' id='word_1_43' title='bbox 1987 1377 2203 1449; x_wconf 88' lang='lat' dir='ltr'>actio</span> 
     </span>
     <span class='ocr_line' id='line_1_10' title="bbox 657 1490 2204 1584; baseline -0.001 -22"><span class='ocrx_word' id='word_1_44' title='bbox 657 1490 1068 1573; x_wconf 88' lang='lat' dir='ltr'>collativa,</span> <span class='ocrx_word' id='word_1_45' title='bbox 1119 1513 1275 1584; x_wconf 90' lang='lat' dir='ltr'>qua</span> <span class='ocrx_word' id='word_1_46' title='bbox 1315 1491 1638 1566; x_wconf 83' lang='lat' dir='ltr'>confert</span> <span class='ocrx_word' id='word_1_47' title='bbox 1674 1491 1899 1564; x_wconf 88' lang='lat' dir='ltr'>illam</span> <span class='ocrx_word' id='word_1_48' title='bbox 1934 1494 2204 1563; x_wconf 91' lang='lat' dir='ltr'>actua-</span> 
     </span>
     <span class='ocr_line' id='line_1_11' title="bbox 659 1606 2200 1690; baseline -0.002 -11"><span class='ocrx_word' id='word_1_49' title='bbox 659 1607 975 1682; x_wconf 87' lang='lat' dir='ltr'>litatem</span> <span class='ocrx_word' id='word_1_50' title='bbox 1064 1609 1158 1680; x_wconf 90' lang='lat' dir='ltr'>ad</span> <span class='ocrx_word' id='word_1_51' title='bbox 1250 1606 1754 1690; x_wconf 87' lang='lat' dir='ltr'>universale,</span> <span class='ocrx_word' id='word_1_52' title='bbox 1843 1606 2200 1686; x_wconf 89' lang='lat' dir='ltr'>dicendo,</span> 
     </span>
     <span class='ocr_line' id='line_1_12' title="bbox 659 1723 2203 1817; baseline 0 -23"><span class='ocrx_word' id='word_1_53' title='bbox 659 1726 865 1817; x_wconf 82' lang='lat' dir='ltr'>quod</span> <span class='ocrx_word' id='word_1_54' title='bbox 917 1725 1057 1799; x_wconf 92' lang='lat' dir='ltr'>illa</span> <span class='ocrx_word' id='word_1_55' title='bbox 1118 1724 1396 1798; x_wconf 82' lang='lat' dir='ltr'>albedo</span> <span class='ocrx_word' id='word_1_56' title='bbox 1465 1729 1589 1798; x_wconf 86' lang='lat' dir='ltr'>est</span> <span class='ocrx_word' id='word_1_57' title='bbox 1646 1723 1881 1798; x_wconf 89' lang='lat' dir='ltr'>color</span> <span class='ocrx_word' id='word_1_58' title='bbox 1946 1749 1958 1792; x_wconf 93' lang='lat'>:</span> <span class='ocrx_word' id='word_1_59' title='bbox 2026 1724 2203 1796; x_wconf 79' lang='lat' dir='ltr'>istae</span> 
     </span>
     <span class='ocr_line' id='line_1_13' title="bbox 655 1840 2200 1935; baseline -0.002 -21"><span class='ocrx_word' id='word_1_60' title='bbox 655 1843 851 1924; x_wconf 82' lang='lat' dir='ltr'>duae,</span> <span class='ocrx_word' id='word_1_61' title='bbox 892 1842 1246 1935; x_wconf 85' lang='lat' dir='ltr'>inquam,</span> <span class='ocrx_word' id='word_1_62' title='bbox 1293 1841 1659 1916; x_wconf 77' lang='lat' dir='ltr'>actiones</span> <span class='ocrx_word' id='word_1_63' title='bbox 1714 1840 2200 1924; x_wconf 87' lang='lat' dir='ltr'>intellectus,</span> 
     </span>
     <span class='ocr_line' id='line_1_14' title="bbox 655 1959 2207 2053; baseline -0.001 -21"><span class='ocrx_word' id='word_1_64' title='bbox 655 1959 876 2033; x_wconf 92' lang='lat' dir='ltr'>nullo</span> <span class='ocrx_word' id='word_1_65' title='bbox 921 1961 1152 2034; x_wconf 89' lang='lat' dir='ltr'>modo</span> <span class='ocrx_word' id='word_1_66' title='bbox 1189 1965 1375 2034; x_wconf 90' lang='lat' dir='ltr'>sunt</span> <span class='ocrx_word' id='word_1_67' title='bbox 1410 1960 1842 2050; x_wconf 71' lang='lat' dir='ltr'>organicae,</span> <span class='ocrx_word' id='word_1_68' title='bbox 1881 1980 2025 2032; x_wconf 91' lang='lat' dir='ltr'>nec</span> <span class='ocrx_word' id='word_1_69' title='bbox 2061 1980 2207 2053; x_wconf 90' lang='lat' dir='ltr'>per</span> 
     </span>
     <span class='ocr_line' id='line_1_15' title="bbox 660 2080 1571 2171; baseline 0.002 -24"><span class='ocrx_word' id='word_1_70' title='bbox 660 2097 771 2160; x_wconf 93' lang='lat' dir='ltr'>se,</span> <span class='ocrx_word' id='word_1_71' title='bbox 806 2098 952 2151; x_wconf 92' lang='lat' dir='ltr'>nec</span> <span class='ocrx_word' id='word_1_72' title='bbox 986 2099 1130 2171; x_wconf 87' lang='lat' dir='ltr'>per</span> <span class='ocrx_word' id='word_1_73' title='bbox 1170 2080 1571 2152; x_wconf 89' lang='lat' dir='ltr'>accidens.</span> 
     </span>
    </p>

    <p class='ocr_par' dir='ltr' id='par_1_3' title="bbox 653 2194 2209 5683">
     <span class='ocr_line' id='line_1_16' title="bbox 747 2194 2202 2270; baseline 0 -4"><span class='ocrx_word' id='word_1_74' title='bbox 747 2195 1046 2269; x_wconf 87' lang='lat' dir='ltr'>Eodem</span> <span class='ocrx_word' id='word_1_75' title='bbox 1087 2197 1319 2270; x_wconf 89' lang='lat' dir='ltr'>modo</span> <span class='ocrx_word' id='word_1_76' title='bbox 1374 2196 1549 2269; x_wconf 88' lang='lat' dir='ltr'>dico</span> <span class='ocrx_word' id='word_1_77' title='bbox 1591 2195 1681 2268; x_wconf 88' lang='lat' dir='ltr'>de</span> <span class='ocrx_word' id='word_1_78' title='bbox 1733 2194 2057 2269; x_wconf 90' lang='lat' dir='ltr'>actione</span> <span class='ocrx_word' id='word_1_79' title='bbox 2095 2194 2202 2266; x_wconf 91' lang='lat' dir='ltr'>in-</span> 
     </span>
     <span class='ocr_line' id='line_1_17' title="bbox 656 2309 2203 2393; baseline -0.002 -10"><span class='ocrx_word' id='word_1_80' title='bbox 656 2310 1029 2385; x_wconf 90' lang='lat' dir='ltr'>tellectus</span> <span class='ocrx_word' id='word_1_81' title='bbox 1094 2311 1499 2393; x_wconf 87' lang='lat' dir='ltr'>intuitiva,</span> <span class='ocrx_word' id='word_1_82' title='bbox 1566 2309 1976 2391; x_wconf 81' lang='lat' dir='ltr'>ressexiva,</span> <span class='ocrx_word' id='word_1_83' title='bbox 2044 2309 2203 2383; x_wconf 93' lang='lat' dir='ltr'>col-</span> 
     </span>
     <span class='ocr_line' id='line_1_18' title="bbox 659 2427 2197 2519; baseline -0.001 -20"><span class='ocrx_word' id='word_1_84' title='bbox 659 2427 911 2503; x_wconf 89' lang='lat' dir='ltr'>lativa</span> <span class='ocrx_word' id='word_1_85' title='bbox 1002 2427 1098 2500; x_wconf 88' lang='lat' dir='ltr'>ad</span> <span class='ocrx_word' id='word_1_86' title='bbox 1191 2432 1464 2503; x_wconf 89' lang='lat' dir='ltr'>actum</span> <span class='ocrx_word' id='word_1_87' title='bbox 1555 2427 2197 2519; x_wconf 81' lang='lat' dir='ltr'>imaginationis,</span> 
     </span>
     <span class='ocr_line' id='line_1_19' title="bbox 657 2542 2203 2634; baseline 0.002 -23"><span class='ocrx_word' id='word_1_88' title='bbox 657 2546 1047 2634; x_wconf 85' lang='lat' dir='ltr'>quantum</span> <span class='ocrx_word' id='word_1_89' title='bbox 1091 2544 1184 2616; x_wconf 89' lang='lat' dir='ltr'>ad</span> <span class='ocrx_word' id='word_1_90' title='bbox 1227 2545 1623 2619; x_wconf 90' lang='lat' dir='ltr'>unitatem</span> <span class='ocrx_word' id='word_1_91' title='bbox 1692 2545 1773 2617; x_wconf 91' lang='lat' dir='ltr'>et</span> <span class='ocrx_word' id='word_1_92' title='bbox 1838 2542 2203 2615; x_wconf 84' lang='lat' dir='ltr'>differen-</span> 
     </span>
     <span class='ocr_line' id='line_1_20' title="bbox 658 2659 2198 2752; baseline -0.003 -19"><span class='ocrx_word' id='word_1_93' title='bbox 658 2659 884 2742; x_wconf 90' lang='lat' dir='ltr'>tiam,</span> <span class='ocrx_word' id='word_1_94' title='bbox 934 2659 1143 2732; x_wconf 90' lang='lat' dir='ltr'>sicut</span> <span class='ocrx_word' id='word_1_95' title='bbox 1192 2659 1381 2743; x_wconf 81' lang='lat' dir='ltr'>dixi,</span> <span class='ocrx_word' id='word_1_96' title='bbox 1444 2664 1819 2752; x_wconf 89' lang='lat' dir='ltr'>respectu</span> <span class='ocrx_word' id='word_1_97' title='bbox 1888 2680 2198 2731; x_wconf 87' lang='lat' dir='ltr'>sensus.</span> 
     </span>
     <span class='ocr_line' id='line_1_21' title="bbox 657 2776 2206 2869; baseline -0.001 -22"><span class='ocrx_word' id='word_1_98' title='bbox 657 2777 758 2850; x_wconf 79' lang='lat' dir='ltr'>Et</span> <span class='ocrx_word' id='word_1_99' title='bbox 793 2776 978 2868; x_wconf 90' lang='lat' dir='ltr'>quia</span> <span class='ocrx_word' id='word_1_100' title='bbox 1014 2776 1344 2849; x_wconf 84' lang='lat' dir='ltr'>reflexio</span> <span class='ocrx_word' id='word_1_101' title='bbox 1379 2782 1458 2850; x_wconf 91' lang='lat' dir='ltr'>et</span> <span class='ocrx_word' id='word_1_102' title='bbox 1490 2776 1824 2851; x_wconf 88' lang='lat' dir='ltr'>collatio</span> <span class='ocrx_word' id='word_1_103' title='bbox 1856 2796 2206 2869; x_wconf 81' lang='lat' dir='ltr'>praesup-</span> 
     </span>
     <span class='ocr_line' id='line_1_22' title="bbox 664 2890 2206 2985; baseline 0.001 -22"><span class='ocrx_word' id='word_1_104' title='bbox 664 2897 971 2984; x_wconf 90' lang='lat' dir='ltr'>ponunt</span> <span class='ocrx_word' id='word_1_105' title='bbox 1066 2893 1522 2985; x_wconf 86' lang='lat' dir='ltr'>simplicem</span> <span class='ocrx_word' id='word_1_106' title='bbox 1619 2890 2206 2985; x_wconf 88' lang='lat' dir='ltr'>apprehensio-</span> 
     </span>
     <span class='ocr_line' id='line_1_23' title="bbox 655 3008 2201 3100; baseline 0.001 -21"><span class='ocrx_word' id='word_1_107' title='bbox 655 3028 867 3091; x_wconf 88' lang='lat' dir='ltr'>nem,</span> <span class='ocrx_word' id='word_1_108' title='bbox 937 3009 1140 3091; x_wconf 84' lang='lat' dir='ltr'>dico,</span> <span class='ocrx_word' id='word_1_109' title='bbox 1206 3009 1411 3100; x_wconf 88' lang='lat' dir='ltr'>quod</span> <span class='ocrx_word' id='word_1_110' title='bbox 1477 3008 1835 3082; x_wconf 88' lang='lat' dir='ltr'>naturali</span> <span class='ocrx_word' id='word_1_111' title='bbox 1920 3009 2201 3081; x_wconf 89' lang='lat' dir='ltr'>ordine</span> 
     </span>
     <span class='ocr_line' id='line_1_24' title="bbox 658 3126 2204 3221; baseline -0.001 -20"><span class='ocrx_word' id='word_1_112' title='bbox 658 3126 1117 3202; x_wconf 88' lang='lat' dir='ltr'>intellectus</span> <span class='ocrx_word' id='word_1_113' title='bbox 1170 3128 1434 3221; x_wconf 90' lang='lat' dir='ltr'>primo</span> <span class='ocrx_word' id='word_1_114' title='bbox 1489 3128 2019 3221; x_wconf 72' lang='lat' dir='ltr'>apprehendit</span> <span class='ocrx_word' id='word_1_115' title='bbox 2080 3148 2204 3200; x_wconf 91' lang='lat' dir='ltr'>ac-</span> 
     </span>
     <span class='ocr_line' id='line_1_25' title="bbox 656 3246 2198 3330; baseline -0.001 -9"><span class='ocrx_word' id='word_1_116' title='bbox 656 3246 1119 3321; x_wconf 86' lang='lat' dir='ltr'>tualitatem</span> <span class='ocrx_word' id='word_1_117' title='bbox 1153 3246 1581 3320; x_wconf 77' lang='lat' dir='ltr'>existentis</span> <span class='ocrx_word' id='word_1_118' title='bbox 1611 3246 1728 3319; x_wconf 92' lang='lat' dir='ltr'>rei</span> <span class='ocrx_word' id='word_1_119' title='bbox 1755 3246 2198 3330; x_wconf 83' lang='lat' dir='ltr'>sensibilis,</span> 
     </span>
     <span class='ocr_line' id='line_1_26' title="bbox 653 3362 2204 3456; baseline -0.001 -21"><span class='ocrx_word' id='word_1_120' title='bbox 653 3369 735 3439; x_wconf 91' lang='lat' dir='ltr'>et</span> <span class='ocrx_word' id='word_1_121' title='bbox 757 3365 856 3436; x_wconf 91' lang='lat' dir='ltr'>ab</span> <span class='ocrx_word' id='word_1_122' title='bbox 890 3364 1045 3437; x_wconf 92' lang='lat' dir='ltr'>ista</span> <span class='ocrx_word' id='word_1_123' title='bbox 1081 3366 1349 3456; x_wconf 90' lang='lat' dir='ltr'>potest</span> <span class='ocrx_word' id='word_1_124' title='bbox 1376 3362 1853 3437; x_wconf 71' lang='lat' dir='ltr'>abstrahere</span> <span class='ocrx_word' id='word_1_125' title='bbox 1888 3362 2204 3435; x_wconf 79' lang='lat' dir='ltr'>univer-</span> 
     </span>
     <span class='ocr_line' id='line_1_27' title="bbox 656 3478 2203 3569; baseline 0 -17"><span class='ocrx_word' id='word_1_126' title='bbox 656 3482 824 3552; x_wconf 88' lang='lat' dir='ltr'>sale</span> <span class='ocrx_word' id='word_1_127' title='bbox 867 3484 1053 3553; x_wconf 89' lang='lat' dir='ltr'>ante</span> <span class='ocrx_word' id='word_1_128' title='bbox 1096 3483 1370 3555; x_wconf 89' lang='lat' dir='ltr'>actum</span> <span class='ocrx_word' id='word_1_129' title='bbox 1414 3478 2029 3569; x_wconf 73' lang='lat' dir='ltr'>imaginationis</span> <span class='ocrx_word' id='word_1_130' title='bbox 2082 3499 2203 3552; x_wconf 88' lang='lat' dir='ltr'>ra-</span> 
     </span>
     <span class='ocr_line' id='line_1_28' title="bbox 654 3594 2203 3670; baseline -0.004 0"><span class='ocrx_word' id='word_1_131' title='bbox 654 3597 874 3670; x_wconf 91' lang='lat' dir='ltr'>tione</span> <span class='ocrx_word' id='word_1_132' title='bbox 911 3594 1427 3668; x_wconf 88' lang='lat' dir='ltr'>universalis.</span> <span class='ocrx_word' id='word_1_133' title='bbox 1476 3596 1835 3669; x_wconf 78' lang='lat' dir='ltr'>Secundo</span> <span class='ocrx_word' id='word_1_134' title='bbox 1870 3599 2203 3669; x_wconf 91' lang='lat' dir='ltr'>natura-</span> 
     </span>
     <span class='ocr_line' id='line_1_29' title="bbox 653 3710 2202 3806; baseline -0.004 -19"><span class='ocrx_word' id='word_1_135' title='bbox 653 3715 710 3787; x_wconf 92' lang='lat' dir='ltr'>li</span> <span class='ocrx_word' id='word_1_136' title='bbox 758 3713 1035 3785; x_wconf 83' lang='lat' dir='ltr'>ordine</span> <span class='ocrx_word' id='word_1_137' title='bbox 1086 3710 1616 3806; x_wconf 85' lang='lat' dir='ltr'>apprehendit</span> <span class='ocrx_word' id='word_1_138' title='bbox 1673 3716 1948 3786; x_wconf 87' lang='lat' dir='ltr'>actum</span> <span class='ocrx_word' id='word_1_139' title='bbox 2013 3711 2202 3782; x_wconf 91' lang='lat' dir='ltr'>ima-</span> 
     </span>
     <span class='ocr_line' id='line_1_30' title="bbox 654 3829 2201 3924; baseline -0.002 -20"><span class='ocrx_word' id='word_1_140' title='bbox 654 3830 1125 3924; x_wconf 80' lang='lat' dir='ltr'>ginationiS,</span> <span class='ocrx_word' id='word_1_141' title='bbox 1171 3835 1250 3905; x_wconf 90' lang='lat' dir='ltr'>et</span> <span class='ocrx_word' id='word_1_142' title='bbox 1297 3850 1469 3902; x_wconf 88' lang='lat' dir='ltr'>rem</span> <span class='ocrx_word' id='word_1_143' title='bbox 1519 3829 2083 3921; x_wconf 77' lang='lat' dir='ltr'>imaginatam,</span> <span class='ocrx_word' id='word_1_144' title='bbox 2123 3832 2201 3901; x_wconf 84' lang='lat' dir='ltr'>et</span> 
     </span>
     <span class='ocr_line' id='line_1_31' title="bbox 654 3944 2201 4041; baseline -0.003 -23"><span class='ocrx_word' id='word_1_145' title='bbox 654 3948 752 4020; x_wconf 85' lang='lat' dir='ltr'>ab</span> <span class='ocrx_word' id='word_1_146' title='bbox 812 3948 973 4021; x_wconf 89' lang='lat' dir='ltr'>isto</span> <span class='ocrx_word' id='word_1_147' title='bbox 1036 3951 1303 4041; x_wconf 90' lang='lat' dir='ltr'>potest</span> <span class='ocrx_word' id='word_1_148' title='bbox 1350 3946 1830 4021; x_wconf 87' lang='lat' dir='ltr'>abstrahere</span> <span class='ocrx_word' id='word_1_149' title='bbox 1887 3944 2201 4016; x_wconf 78' lang='lat' dir='ltr'>univer-</span> 
     </span>
     <span class='ocr_line' id='line_1_32' title="bbox 656 4060 2201 4157; baseline -0.001 -23"><span class='ocrx_word' id='word_1_150' title='bbox 656 4063 824 4135; x_wconf 90' lang='lat' dir='ltr'>sale</span> <span class='ocrx_word' id='word_1_151' title='bbox 884 4084 1030 4157; x_wconf 90' lang='lat' dir='ltr'>per</span> <span class='ocrx_word' id='word_1_152' title='bbox 1087 4064 1847 4145; x_wconf 86' lang='lat' dir='ltr'>considerationem,</span> <span class='ocrx_word' id='word_1_153' title='bbox 1918 4066 1996 4133; x_wconf 87' lang='lat' dir='ltr'>et</span> <span class='ocrx_word' id='word_1_154' title='bbox 2085 4060 2201 4132; x_wconf 88' lang='lat' dir='ltr'>sic</span> 
     </span>
     <span class='ocr_line' id='line_1_33' title="bbox 656 4177 2202 4272; baseline -0.004 -19"><span class='ocrx_word' id='word_1_155' title='bbox 656 4180 763 4254; x_wconf 86' lang='lat' dir='ltr'>sit</span> <span class='ocrx_word' id='word_1_156' title='bbox 802 4201 1113 4261; x_wconf 87' lang='lat' dir='ltr'>verum,</span> <span class='ocrx_word' id='word_1_157' title='bbox 1173 4180 1378 4272; x_wconf 87' lang='lat' dir='ltr'>quod</span> <span class='ocrx_word' id='word_1_158' title='bbox 1429 4179 1971 4272; x_wconf 85' lang='lat' dir='ltr'>apprehensio</span> <span class='ocrx_word' id='word_1_159' title='bbox 2035 4177 2202 4248; x_wconf 92' lang='lat' dir='ltr'>uni-</span> 
     </span>
     <span class='ocr_line' id='line_1_34' title="bbox 654 4294 2203 4388; baseline -0.002 -21"><span class='ocrx_word' id='word_1_160' title='bbox 654 4296 1002 4369; x_wconf 83' lang='lat' dir='ltr'>versalis</span> <span class='ocrx_word' id='word_1_161' title='bbox 1064 4316 1385 4388; x_wconf 87' lang='lat' dir='ltr'>semper</span> <span class='ocrx_word' id='word_1_162' title='bbox 1426 4299 1546 4368; x_wconf 87' lang='lat' dir='ltr'>est</span> <span class='ocrx_word' id='word_1_163' title='bbox 1604 4294 2020 4388; x_wconf 86' lang='lat' dir='ltr'>posterior</span> <span class='ocrx_word' id='word_1_164' title='bbox 2061 4314 2203 4385; x_wconf 88' lang='lat' dir='ltr'>ap-</span> 
     </span>
     <span class='ocr_line' id='line_1_35' title="bbox 659 4413 2203 4507; baseline -0.002 -21"><span class='ocrx_word' id='word_1_165' title='bbox 659 4413 1194 4507; x_wconf 86' lang='lat' dir='ltr'>prehensione</span> <span class='ocrx_word' id='word_1_166' title='bbox 1255 4413 1812 4506; x_wconf 88' lang='lat' dir='ltr'>particularis.</span> <span class='ocrx_word' id='word_1_167' title='bbox 1872 4413 2015 4486; x_wconf 73' lang='lat' dir='ltr'>Sed</span> <span class='ocrx_word' id='word_1_168' title='bbox 2057 4433 2203 4504; x_wconf 92' lang='lat' dir='ltr'>·po-</span> 
     </span>
     <span class='ocr_line' id='line_1_36' title="bbox 656 4531 2203 4624; baseline -0.001 -21"><span class='ocrx_word' id='word_1_169' title='bbox 656 4536 819 4606; x_wconf 89' lang='lat' dir='ltr'>test</span> <span class='ocrx_word' id='word_1_170' title='bbox 858 4552 1036 4603; x_wconf 87' lang='lat' dir='ltr'>esse</span> <span class='ocrx_word' id='word_1_171' title='bbox 1082 4531 1310 4623; x_wconf 89' lang='lat' dir='ltr'>prior</span> <span class='ocrx_word' id='word_1_172' title='bbox 1346 4531 1990 4624; x_wconf 87' lang='lat' dir='ltr'>apprehensione</span> <span class='ocrx_word' id='word_1_173' title='bbox 2028 4551 2203 4622; x_wconf 89' lang='lat' dir='ltr'>par-</span> 
     </span>
     <span class='ocr_line' id='line_1_37' title="bbox 660 4647 2195 4739; baseline -0.004 -16"><span class='ocrx_word' id='word_1_174' title='bbox 660 4647 1034 4723; x_wconf 89' lang='lat' dir='ltr'>ticularis</span> <span class='ocrx_word' id='word_1_175' title='bbox 1122 4647 1337 4722; x_wconf 84' lang='lat' dir='ltr'>facta</span> <span class='ocrx_word' id='word_1_176' title='bbox 1426 4649 1522 4719; x_wconf 88' lang='lat' dir='ltr'>ab</span> <span class='ocrx_word' id='word_1_177' title='bbox 1628 4647 2195 4739; x_wconf 78' lang='lat' dir='ltr'>imaginativa,</span> 
     </span>
     <span class='ocr_line' id='line_1_38' title="bbox 660 4764 2201 4858; baseline 0 -23"><span class='ocrx_word' id='word_1_178' title='bbox 660 4766 847 4858; x_wconf 85' lang='lat' dir='ltr'>quia</span> <span class='ocrx_word' id='word_1_179' title='bbox 885 4769 1149 4858; x_wconf 84' lang='lat' dir='ltr'>potest</span> <span class='ocrx_word' id='word_1_180' title='bbox 1184 4764 1548 4836; x_wconf 84' lang='lat' dir='ltr'>abstrahi</span> <span class='ocrx_word' id='word_1_181' title='bbox 1594 4765 1691 4835; x_wconf 87' lang='lat' dir='ltr'>ab</span> <span class='ocrx_word' id='word_1_182' title='bbox 1737 4765 1911 4856; x_wconf 88' lang='lat' dir='ltr'>ipso</span> <span class='ocrx_word' id='word_1_183' title='bbox 1957 4764 2201 4835; x_wconf 76' lang='lat' dir='ltr'>sensi-</span> 
     </span>
     <span class='ocr_line' id='line_1_39' title="bbox 660 4882 2202 4975; baseline 0.001 -23"><span class='ocrx_word' id='word_1_184' title='bbox 660 4883 802 4955; x_wconf 90' lang='lat' dir='ltr'>bili</span> <span class='ocrx_word' id='word_1_185' title='bbox 848 4884 926 4955; x_wconf 91' lang='lat' dir='ltr'>in</span> <span class='ocrx_word' id='word_1_186' title='bbox 969 4902 1204 4956; x_wconf 88' lang='lat' dir='ltr'>sensu</span> <span class='ocrx_word' id='word_1_187' title='bbox 1257 4882 1768 4975; x_wconf 85' lang='lat' dir='ltr'>particulari,</span> <span class='ocrx_word' id='word_1_188' title='bbox 1835 4882 1950 4954; x_wconf 90' lang='lat' dir='ltr'>ita</span> <span class='ocrx_word' id='word_1_189' title='bbox 1995 4883 2202 4974; x_wconf 82' lang='lat' dir='ltr'>quod</span> 
     </span>
     <span class='ocr_line' id='line_1_40' title="bbox 658 4999 2206 5091; baseline -0.003 -17"><span class='ocrx_word' id='word_1_190' title='bbox 658 5004 899 5075; x_wconf 87' lang='lat' dir='ltr'>antea</span> <span class='ocrx_word' id='word_1_191' title='bbox 945 5018 1351 5091; x_wconf 82' lang='lat' dir='ltr'>cognosco</span> <span class='ocrx_word' id='word_1_192' title='bbox 1396 4999 1812 5089; x_wconf 87' lang='lat' dir='ltr'>singulare</span> <span class='ocrx_word' id='word_1_193' title='bbox 1856 4999 1933 5070; x_wconf 91' lang='lat' dir='ltr'>in</span> <span class='ocrx_word' id='word_1_194' title='bbox 1979 4999 2206 5071; x_wconf 84' lang='lat' dir='ltr'>intel-</span> 
     </span>
     <span class='ocr_line' id='line_1_41' title="bbox 658 5115 2204 5210; baseline -0.002 -20"><span class='ocrx_word' id='word_1_195' title='bbox 658 5120 896 5202; x_wconf 85' lang='lat' dir='ltr'>lectu,</span> <span class='ocrx_word' id='word_1_196' title='bbox 956 5137 1196 5210; x_wconf 89' lang='lat' dir='ltr'>quam</span> <span class='ocrx_word' id='word_1_197' title='bbox 1248 5115 1794 5207; x_wconf 84' lang='lat' dir='ltr'>imaginemur</span> <span class='ocrx_word' id='word_1_198' title='bbox 1856 5117 2204 5208; x_wconf 87' lang='lat' dir='ltr'>particu-</span> 
     </span>
     <span class='ocr_line' id='line_1_42' title="bbox 659 5233 2206 5329; baseline -0.003 -20"><span class='ocrx_word' id='word_1_199' title='bbox 659 5238 833 5309; x_wconf 86' lang='lat' dir='ltr'>lare</span> <span class='ocrx_word' id='word_1_200' title='bbox 890 5256 1032 5329; x_wconf 87' lang='lat' dir='ltr'>per</span> <span class='ocrx_word' id='word_1_201' title='bbox 1086 5233 1788 5325; x_wconf 85' lang='lat' dir='ltr'>imaginationem,</span> <span class='ocrx_word' id='word_1_202' title='bbox 1850 5238 1929 5306; x_wconf 89' lang='lat' dir='ltr'>et</span> <span class='ocrx_word' id='word_1_203' title='bbox 1993 5239 2206 5307; x_wconf 87' lang='lat' dir='ltr'>ante-</span> 
     </span>
     <span class='ocr_line' id='line_1_43' title="bbox 659 5349 2208 5446; baseline -0.003 -21"><span class='ocrx_word' id='word_1_204' title='bbox 659 5374 901 5446; x_wconf 90' lang='lat' dir='ltr'>quam</span> <span class='ocrx_word' id='word_1_205' title='bbox 961 5351 1423 5425; x_wconf 88' lang='lat' dir='ltr'>intellectus</span> <span class='ocrx_word' id='word_1_206' title='bbox 1477 5349 1885 5439; x_wconf 81' lang='lat' dir='ltr'>intelligat</span> <span class='ocrx_word' id='word_1_207' title='bbox 1942 5350 2208 5435; x_wconf 78' lang='lat' dir='ltr'>singu-</span> 
     </span>
     <span class='ocr_line' id='line_1_44' title="bbox 657 5467 2206 5562; baseline -0.004 -21"><span class='ocrx_word' id='word_1_208' title='bbox 657 5472 832 5542; x_wconf 86' lang='lat' dir='ltr'>larc</span> <span class='ocrx_word' id='word_1_209' title='bbox 868 5470 945 5540; x_wconf 88' lang='lat' dir='ltr'>in</span> <span class='ocrx_word' id='word_1_210' title='bbox 988 5468 1582 5562; x_wconf 81' lang='lat' dir='ltr'>phantasmate.</span> <span class='ocrx_word' id='word_1_211' title='bbox 1624 5467 1767 5537; x_wconf 66' lang='lat' dir='ltr'>Sed</span> <span class='ocrx_word' id='word_1_212' title='bbox 1801 5487 2206 5558; x_wconf 78' lang='lat' dir='ltr'>nunquam</span> 
     </span>
     <span class='ocr_line' id='line_1_45' title="bbox 665 5584 2209 5683; baseline -0.001 -24"><span class='ocrx_word' id='word_1_213' title='bbox 665 5586 1205 5683; x_wconf 87' lang='lat' dir='ltr'>apprehensio</span> <span class='ocrx_word' id='word_1_214' title='bbox 1253 5584 1738 5660; x_wconf 73' lang='lat' dir='ltr'>1,1niversalis</span> <span class='ocrx_word' id='word_1_215' title='bbox 1790 5588 2052 5677; x_wconf 85' lang='lat' dir='ltr'>potest</span> <span class='ocrx_word' id='word_1_216' title='bbox 2094 5608 2209 5657; x_wconf 84' lang='lat' dir='ltr'>es-</span> 
     </span>
    </p>
   </div>
   <div class='ocr_carea' id='block_1_3' title="bbox 1808 393 2653 459">
    <p class='ocr_par' dir='ltr' id='par_1_4' title="bbox 1808 393 2653 459">
     <span class='ocr_line' id='line_1_46' title="bbox 1808 393 2653 459; baseline 0.007 -6"><span class='ocrx_word' id='word_1_217' title='bbox 1808 393 1909 455; x_wconf 90' lang='lat' dir='ltr'>DE</span> <span class='ocrx_word' id='word_1_218' title='bbox 1953 393 2220 456; x_wconf 70' lang='lat' dir='ltr'>RERUM</span> <span class='ocrx_word' id='word_1_219' title='bbox 2268 393 2653 459; x_wconf 73' lang='lat' dir='ltr'>PRINCIPIO</span> 
     </span>
    </p>
   </div>
   <div class='ocr_carea' id='block_1_4' title="bbox 2315 553 3848 2631">
    <p class='ocr_par' dir='ltr' id='par_1_5' title="bbox 2315 553 3848 2631">
     <span class='ocr_line' id='line_1_47' title="bbox 2318 553 3838 650; baseline -0.001 -22"><span class='ocrx_word' id='word_1_220' title='bbox 2318 579 2400 628; x_wconf 86' lang='lat' dir='ltr'>se</span> <span class='ocrx_word' id='word_1_221' title='bbox 2435 561 2620 631; x_wconf 90' lang='lat' dir='ltr'>ante</span> <span class='ocrx_word' id='word_1_222' title='bbox 2654 557 3386 650; x_wconf 88' lang='lat' dir='ltr'>apprehensionem</span> <span class='ocrx_word' id='word_1_223' title='bbox 3419 553 3838 646; x_wconf 81' lang='lat' dir='ltr'>singularis</span> 
     </span>
     <span class='ocr_line' id='line_1_48' title="bbox 2319 677 3838 770; baseline 0.003 -22"><span class='ocrx_word' id='word_1_224' title='bbox 2319 699 2461 770; x_wconf 91' lang='lat' dir='ltr'>per</span> <span class='ocrx_word' id='word_1_225' title='bbox 2495 700 2817 750; x_wconf 83' lang='lat' dir='ltr'>sensum</span> <span class='ocrx_word' id='word_1_226' title='bbox 2854 678 3128 770; x_wconf 87' lang='lat' dir='ltr'>aliquo</span> <span class='ocrx_word' id='word_1_227' title='bbox 3166 680 3399 752; x_wconf 91' lang='lat' dir='ltr'>modo</span> <span class='ocrx_word' id='word_1_228' title='bbox 3442 677 3838 770; x_wconf 87' lang='lat' dir='ltr'>originali-</span> 
     </span>
     <span class='ocr_line' id='line_1_49' title="bbox 2315 795 3839 888; baseline 0 -20"><span class='ocrx_word' id='word_1_229' title='bbox 2315 798 2468 868; x_wconf 86' lang='lat' dir='ltr'>ter.</span> <span class='ocrx_word' id='word_1_230' title='bbox 2547 799 2641 869; x_wconf 60' lang='lat' dir='ltr'>lsst</span> <span class='ocrx_word' id='word_1_231' title='bbox 2703 797 2816 868; x_wconf 86' lang='lat' dir='ltr'>sic</span> <span class='ocrx_word' id='word_1_232' title='bbox 2895 795 3448 888; x_wconf 86' lang='lat' dir='ltr'>comparando</span> <span class='ocrx_word' id='word_1_233' title='bbox 3511 795 3839 868; x_wconf 91' lang='lat' dir='ltr'>intellec-</span> 
     </span>
     <span class='ocr_line' id='line_1_50' title="bbox 2317 911 3840 1004; baseline -0.002 -19"><span class='ocrx_word' id='word_1_234' title='bbox 2317 918 2490 986; x_wconf 91' lang='lat' dir='ltr'>tum</span> <span class='ocrx_word' id='word_1_235' title='bbox 2542 915 2634 985; x_wconf 91' lang='lat' dir='ltr'>ad</span> <span class='ocrx_word' id='word_1_236' title='bbox 2690 913 3386 1004; x_wconf 89' lang='lat' dir='ltr'>imaginationem,</span> <span class='ocrx_word' id='word_1_237' title='bbox 3436 911 3840 1004; x_wconf 85' lang='lat' dir='ltr'>aliquando</span> 
     </span>
     <span class='ocr_line' id='line_1_51' title="bbox 2318 1031 3841 1122; baseline 0 -21"><span class='ocrx_word' id='word_1_238' title='bbox 2318 1031 2851 1122; x_wconf 83' lang='lat' dir='ltr'>cognoscitur</span> <span class='ocrx_word' id='word_1_239' title='bbox 2878 1031 3337 1103; x_wconf 77' lang='lat' dir='ltr'>universale</span> <span class='ocrx_word' id='word_1_240' title='bbox 3362 1031 3587 1122; x_wconf 91' lang='lat' dir='ltr'>prius</span> <span class='ocrx_word' id='word_1_241' title='bbox 3620 1049 3841 1122; x_wconf 90' lang='lat' dir='ltr'>quam</span> 
     </span>
     <span class='ocr_line' id='line_1_52' title="bbox 2323 1147 3838 1242; baseline -0.001 -23"><span class='ocrx_word' id='word_1_242' title='bbox 2323 1149 2827 1242; x_wconf 83' lang='lat' dir='ltr'>particulare</span> <span class='ocrx_word' id='word_1_243' title='bbox 2898 1172 2910 1212; x_wconf 78' lang='grc' dir='ltr'>ε</span> <span class='ocrx_word' id='word_1_244' title='bbox 2982 1150 3060 1220; x_wconf 88' lang='lat' dir='ltr'>et</span> <span class='ocrx_word' id='word_1_245' title='bbox 3131 1147 3285 1221; x_wconf 91' lang='lat' dir='ltr'>hoc</span> <span class='ocrx_word' id='word_1_246' title='bbox 3353 1150 3475 1220; x_wconf 88' lang='lat' dir='ltr'>est</span> <span class='ocrx_word' id='word_1_247' title='bbox 3543 1165 3838 1229; x_wconf 87' lang='lat' dir='ltr'>verum,</span> 
     </span>
     <span class='ocr_line' id='line_1_53' title="bbox 2317 1263 3843 1341; baseline -0.002 -4"><span class='ocrx_word' id='word_1_248' title='bbox 2317 1266 2502 1337; x_wconf 91' lang='lat' dir='ltr'>dum</span> <span class='ocrx_word' id='word_1_249' title='bbox 2559 1266 3018 1341; x_wconf 89' lang='lat' dir='ltr'>intellectus</span> <span class='ocrx_word' id='word_1_250' title='bbox 3078 1263 3486 1339; x_wconf 85' lang='lat' dir='ltr'>abstrahit</span> <span class='ocrx_word' id='word_1_251' title='bbox 3547 1263 3843 1335; x_wconf 82' lang='lat' dir='ltr'>univer·</span> 
     </span>
     <span class='ocr_line' id='line_1_54' title="bbox 2320 1382 3843 1476; baseline -0.003 -21"><span class='ocrx_word' id='word_1_252' title='bbox 2320 1385 2488 1456; x_wconf 88' lang='lat' dir='ltr'>sale</span> <span class='ocrx_word' id='word_1_253' title='bbox 2566 1406 2611 1456; x_wconf 91' lang='lat' dir='ltr'>a</span> <span class='ocrx_word' id='word_1_254' title='bbox 2689 1383 3051 1457; x_wconf 89' lang='lat' dir='ltr'>sensibili</span> <span class='ocrx_word' id='word_1_255' title='bbox 3128 1382 3635 1476; x_wconf 89' lang='lat' dir='ltr'>apprehenso</span> <span class='ocrx_word' id='word_1_256' title='bbox 3713 1401 3843 1474; x_wconf 89' lang='lat' dir='ltr'>per</span> 
     </span>
     <span class='ocr_line' id='line_1_55' title="bbox 2319 1497 3843 1594; baseline -0.002 -22"><span class='ocrx_word' id='word_1_257' title='bbox 2319 1522 2646 1573; x_wconf 90' lang='lat' dir='ltr'>sensum</span> <span class='ocrx_word' id='word_1_258' title='bbox 2717 1499 3328 1594; x_wconf 90' lang='lat' dir='ltr'>particularem.</span> <span class='ocrx_word' id='word_1_259' title='bbox 3410 1497 3843 1591; x_wconf 85' lang='lat' dir='ltr'>Aliquando</span> 
     </span>
     <span class='ocr_line' id='line_1_56' title="bbox 2321 1615 3839 1711; baseline -0.003 -23"><span class='ocrx_word' id='word_1_260' title='bbox 2321 1618 2547 1711; x_wconf 88' lang='lat' dir='ltr'>prius</span> <span class='ocrx_word' id='word_1_261' title='bbox 2634 1617 3169 1709; x_wconf 85' lang='lat' dir='ltr'>cognoscitur</span> <span class='ocrx_word' id='word_1_262' title='bbox 3247 1615 3745 1708; x_wconf 84' lang='lat' dir='ltr'>particulare</span> <span class='ocrx_word' id='word_1_263' title='bbox 3827 1640 3839 1684; x_wconf 93' lang='lat'>:</span> 
     </span>
     <span class='ocr_line' id='line_1_57' title="bbox 2323 1733 3848 1829; baseline 0 -25"><span class='ocrx_word' id='word_1_264' title='bbox 2323 1737 2528 1828; x_wconf 88' lang='lat' dir='ltr'>quod</span> <span class='ocrx_word' id='word_1_265' title='bbox 2575 1735 2891 1829; x_wconf 88' lang='lat' dir='ltr'>quidem</span> <span class='ocrx_word' id='word_1_266' title='bbox 2943 1735 3055 1816; x_wconf 77' lang='lat' dir='ltr'>fit,</span> <span class='ocrx_word' id='word_1_267' title='bbox 3101 1735 3288 1806; x_wconf 90' lang='lat' dir='ltr'>dum</span> <span class='ocrx_word' id='word_1_268' title='bbox 3349 1733 3848 1807; x_wconf 87' lang='lat' dir='ltr'>abstrahitur</span> 
     </span>
     <span class='ocr_line' id='line_1_58' title="bbox 2322 1850 3842 1944; baseline -0.001 -20"><span class='ocrx_word' id='word_1_269' title='bbox 2322 1853 2537 1926; x_wconf 89' lang='lat' dir='ltr'>ratio</span> <span class='ocrx_word' id='word_1_270' title='bbox 2594 1851 3084 1924; x_wconf 78' lang='lat' dir='ltr'>universalis</span> <span class='ocrx_word' id='word_1_271' title='bbox 3153 1873 3200 1922; x_wconf 88' lang='lat' dir='ltr'>a</span> <span class='ocrx_word' id='word_1_272' title='bbox 3260 1850 3842 1944; x_wconf 87' lang='lat' dir='ltr'>phantasmate,</span> 
     </span>
     <span class='ocr_line' id='line_1_59' title="bbox 2320 1968 3847 2062; baseline 0 -22"><span class='ocrx_word' id='word_1_273' title='bbox 2320 1993 2456 2042; x_wconf 92' lang='lat' dir='ltr'>seu</span> <span class='ocrx_word' id='word_1_274' title='bbox 2494 1989 2539 2041; x_wconf 86' lang='lat' dir='ltr'>a</span> <span class='ocrx_word' id='word_1_275' title='bbox 2582 1991 2670 2042; x_wconf 89' lang='lat' dir='ltr'>re</span> <span class='ocrx_word' id='word_1_276' title='bbox 2704 1969 3220 2062; x_wconf 88' lang='lat' dir='ltr'>particulari,</span> <span class='ocrx_word' id='word_1_277' title='bbox 3260 1974 3348 2043; x_wconf 87' lang='lat' dir='ltr'>ut</span> <span class='ocrx_word' id='word_1_278' title='bbox 3378 1973 3501 2042; x_wconf 90' lang='lat' dir='ltr'>est</span> <span class='ocrx_word' id='word_1_279' title='bbox 3547 1969 3644 2058; x_wconf 52' lang='lat' dir='ltr'>in,</span> <span class='ocrx_word' id='word_1_280' title='bbox 3670 1968 3847 2041; x_wconf 88' lang='lat' dir='ltr'>ima·</span> 
     </span>
     <span class='ocr_line' id='line_1_60' title="bbox 2321 2085 3847 2180; baseline -0.001 -21"><span class='ocrx_word' id='word_1_281' title='bbox 2321 2088 2709 2179; x_wconf 81' lang='lat' dir='ltr'>ginativa.</span> <span class='ocrx_word' id='word_1_282' title='bbox 2778 2086 3339 2180; x_wconf 90' lang='lat' dir='ltr'>Comparando</span> <span class='ocrx_word' id='word_1_283' title='bbox 3408 2090 3682 2162; x_wconf 88' lang='lat' dir='ltr'>autem</span> <span class='ocrx_word' id='word_1_284' title='bbox 3749 2085 3847 2159; x_wconf 87' lang='lat' dir='ltr'>in·</span> 
     </span>
     <span class='ocr_line' id='line_1_61' title="bbox 2320 2202 3848 2295; baseline -0.003 -17"><span class='ocrx_word' id='word_1_285' title='bbox 2320 2204 2733 2278; x_wconf 88' lang='lat' dir='ltr'>tellectum</span> <span class='ocrx_word' id='word_1_286' title='bbox 2826 2204 2920 2277; x_wconf 89' lang='lat' dir='ltr'>ad</span> <span class='ocrx_word' id='word_1_287' title='bbox 3008 2223 3336 2276; x_wconf 86' lang='lat' dir='ltr'>sensum</span> <span class='ocrx_word' id='word_1_288' title='bbox 3415 2202 3848 2295; x_wconf 89' lang='lat' dir='ltr'>particula-</span> 
     </span>
     <span class='ocr_line' id='line_1_62' title="bbox 2319 2320 3843 2416; baseline 0.003 -21"><span class='ocrx_word' id='word_1_289' title='bbox 2319 2343 2517 2404; x_wconf 88' lang='lat' dir='ltr'>rem,</span> <span class='ocrx_word' id='word_1_290' title='bbox 2567 2321 2798 2416; x_wconf 89' lang='lat' dir='ltr'>prior</span> <span class='ocrx_word' id='word_1_291' title='bbox 2846 2325 2970 2396; x_wconf 85' lang='lat' dir='ltr'>est</span> <span class='ocrx_word' id='word_1_292' title='bbox 3023 2320 3322 2396; x_wconf 89' lang='lat' dir='ltr'>notitia</span> <span class='ocrx_word' id='word_1_293' title='bbox 3386 2320 3843 2411; x_wconf 76' lang='lat' dir='ltr'>singularis,</span> 
     </span>
     <span class='ocr_line' id='line_1_63' title="bbox 2317 2437 3845 2531; baseline -0.002 -19"><span class='ocrx_word' id='word_1_294' title='bbox 2317 2444 2393 2512; x_wconf 89' lang='lat' dir='ltr'>et</span> <span class='ocrx_word' id='word_1_295' title='bbox 2437 2461 2484 2512; x_wconf 91' lang='lat' dir='ltr'>a</span> <span class='ocrx_word' id='word_1_296' title='bbox 2527 2461 2792 2521; x_wconf 85' lang='lat' dir='ltr'>sensu,</span> <span class='ocrx_word' id='word_1_297' title='bbox 2839 2443 2918 2513; x_wconf 88' lang='lat' dir='ltr'>et</span> <span class='ocrx_word' id='word_1_298' title='bbox 2959 2440 3057 2512; x_wconf 88' lang='lat' dir='ltr'>ab</span> <span class='ocrx_word' id='word_1_299' title='bbox 3108 2437 3551 2520; x_wconf 86' lang='lat' dir='ltr'>intellectu,</span> <span class='ocrx_word' id='word_1_300' title='bbox 3615 2458 3845 2531; x_wconf 88' lang='lat' dir='ltr'>quam</span> 
     </span>
     <span class='ocr_line' id='line_1_64' title="bbox 2316 2556 3168 2631; baseline -0.004 -3"><span class='ocrx_word' id='word_1_301' title='bbox 2316 2556 2611 2631; x_wconf 89' lang='lat' dir='ltr'>notitia</span> <span class='ocrx_word' id='word_1_302' title='bbox 2654 2557 3168 2630; x_wconf 68' lang='lat' dir='ltr'>universalis</span> 
     </span>
    </p>
   </div>
   <div class='ocr_carea' id='block_1_5' title="bbox 2701 2891 3469 2974">
    <p class='ocr_par' dir='ltr' id='par_1_6' title="bbox 2701 2891 3469 2974">
     <span class='ocr_line' id='line_1_65' title="bbox 2701 2891 3469 2974; baseline -0.003 -12"><span class='ocrx_word' id='word_1_303' title='bbox 2701 2891 3158 2974; x_wconf 68' lang='lat' dir='ltr'>QUJESTIO</span> <span class='ocrx_word' id='word_1_304' title='bbox 3256 2892 3469 2963; x_wconf 78' lang='lat' dir='ltr'>XIV.</span> 
     </span>
    </p>
   </div>
   <div class='ocr_carea' id='block_1_6' title="bbox 2314 3091 3854 3759">
    <p class='ocr_par' dir='ltr' id='par_1_7' title="bbox 2314 3091 3854 3759">
     <span class='ocr_line' id='line_1_66' title="bbox 2314 3091 3850 3180; baseline 0.002 -27"><span class='ocrx_word' id='word_1_305' title='bbox 2314 3093 2671 3179; x_wconf 71' lang='lat' dir='ltr'>Supposilo</span> <span class='ocrx_word' id='word_1_306' title='bbox 2711 3091 2884 3178; x_wconf 77' lang='lat' dir='ltr'>qnod</span> <span class='ocrx_word' id='word_1_307' title='bbox 2925 3092 3294 3158; x_wconf 74' lang='lat' dir='ltr'>intellectus</span> <span class='ocrx_word' id='word_1_308' title='bbox 3330 3095 3724 3180; x_wconf 73' lang='lat' dir='ltr'>conjunctus</span> <span class='ocrx_word' id='word_1_309' title='bbox 3751 3092 3850 3158; x_wconf 83' lang='lat' dir='ltr'>di-</span> 
     </span>
     <span class='ocr_line' id='line_1_67' title="bbox 2404 3209 3851 3295; baseline 0.001 -22"><span class='ocrx_word' id='word_1_310' title='bbox 2404 3221 2576 3274; x_wconf 76' lang='lat' dir='ltr'>reete</span> <span class='ocrx_word' id='word_1_311' title='bbox 2642 3210 2976 3295; x_wconf 71' lang='lat' dir='ltr'>intelliyat</span> <span class='ocrx_word' id='word_1_312' title='bbox 3042 3209 3421 3295; x_wconf 65' lang='grc' dir='ltr'>εἱηῃιιίανε,</span> <span class='ocrx_word' id='word_1_313' title='bbox 3495 3211 3851 3276; x_wconf 77' lang='lat' dir='ltr'>secundum</span> 
     </span>
     <span class='ocr_line' id='line_1_68' title="bbox 2408 3324 3850 3413; baseline 0.003 -26"><span class='ocrx_word' id='word_1_314' title='bbox 2408 3324 2668 3389; x_wconf 77' lang='lat' dir='ltr'>modum</span> <span class='ocrx_word' id='word_1_315' title='bbox 2709 3325 2783 3389; x_wconf 78' lang='lat' dir='ltr'>in</span> <span class='ocrx_word' id='word_1_316' title='bbox 2827 3324 3230 3411; x_wconf 67' lang='lat' dir='ltr'>praecedenti</span> <span class='ocrx_word' id='word_1_317' title='bbox 3274 3326 3630 3411; x_wconf 74' lang='lat' dir='ltr'>quoestimw</span> <span class='ocrx_word' id='word_1_318' title='bbox 3660 3347 3850 3413; x_wconf 62' lang='lat' dir='ltr'>empo-</span> 
     </span>
     <span class='ocr_line' id='line_1_69' title="bbox 2401 3439 3852 3530; baseline 0.001 -27"><span class='ocrx_word' id='word_1_319' title='bbox 2401 3441 2624 3519; x_wconf 78' lang='lat' dir='ltr'>se&#39;lum,</span> <span class='ocrx_word' id='word_1_320' title='bbox 2663 3451 2882 3505; x_wconf 75' lang='lat' dir='ltr'>ulrum</span> <span class='ocrx_word' id='word_1_321' title='bbox 2917 3439 3073 3505; x_wconf 77' lang='lat' dir='ltr'>talis</span> <span class='ocrx_word' id='word_1_322' title='bbox 3109 3440 3477 3508; x_wconf 74' lang='lat' dir='ltr'>intellectus</span> <span class='ocrx_word' id='word_1_323' title='bbox 3523 3441 3852 3530; x_wconf 73' lang='lat' dir='ltr'>inlelliqal</span> 
     </span>
     <span class='ocr_line' id='line_1_70' title="bbox 2405 3556 3854 3643; baseline 0.002 -23"><span class='ocrx_word' id='word_1_324' title='bbox 2405 3556 2806 3633; x_wconf 73' lang='lat' dir='ltr'>uniuersale,</span> <span class='ocrx_word' id='word_1_325' title='bbox 2836 3558 2938 3623; x_wconf 79' lang='lat' dir='ltr'>vel</span> <span class='ocrx_word' id='word_1_326' title='bbox 2965 3558 3404 3642; x_wconf 76' lang='lat' dir='ltr'>particulare,</span> <span class='ocrx_word' id='word_1_327' title='bbox 3437 3578 3560 3643; x_wconf 80' lang='lat' dir='ltr'>per</span> <span class='ocrx_word' id='word_1_328' title='bbox 3576 3560 3854 3643; x_wconf 78' lang='lat' dir='ltr'>speciem</span> 
     </span>
     <span class='ocr_line' id='line_1_71' title="bbox 2405 3673 3680 3759; baseline 0.002 -23"><span class='ocrx_word' id='word_1_329' title='bbox 2405 3674 2700 3758; x_wconf 73' lang='lat' dir='ltr'>aliquam</span> <span class='ocrx_word' id='word_1_330' title='bbox 2755 3674 2823 3737; x_wconf 81' lang='lat' dir='ltr'>in</span> <span class='ocrx_word' id='word_1_331' title='bbox 2871 3673 3208 3739; x_wconf 74' lang='lat' dir='ltr'>intellectu</span> <span class='ocrx_word' id='word_1_332' title='bbox 3237 3674 3680 3759; x_wconf 76' lang='lat' dir='ltr'>impressam?</span> 
     </span>
    </p>
   </div>
   <div class='ocr_carea' id='block_1_7' title="bbox 2315 3864 3854 4650">
    <p class='ocr_par' dir='ltr' id='par_1_8' title="bbox 2315 3864 3854 4650">
     <span class='ocr_line' id='line_1_72' title="bbox 2315 3864 3854 3937; baseline 0.002 -17"><span class='ocrx_word' id='word_1_333' title='bbox 2315 3866 2537 3937; x_wconf 80' lang='lat' dir='ltr'>August.</span> <span class='ocrx_word' id='word_1_334' title='bbox 2592 3864 2676 3920; x_wconf 80' lang='grc'>12.</span> <span class='ocrx_word' id='word_1_335' title='bbox 2711 3865 2773 3918; x_wconf 77' lang='lat' dir='ltr'>de</span> <span class='ocrx_word' id='word_1_336' title='bbox 2827 3867 3030 3921; x_wconf 79' lang='lat' dir='ltr'>Trinit.</span> <span class='ocrx_word' id='word_1_337' title='bbox 3083 3883 3130 3921; x_wconf 89' lang='lat' dir='ltr'>c.</span> <span class='ocrx_word' id='word_1_338' title='bbox 3185 3864 3269 3920; x_wconf 74' lang='grc'>14.</span> <span class='ocrx_word' id='word_1_339' title='bbox 3307 3873 3354 3921; x_wconf 79' lang='lat' dir='ltr'>ct</span> <span class='ocrx_word' id='word_1_340' title='bbox 3395 3864 3488 3921; x_wconf 79' lang='lat' dir='ltr'>lib.</span> <span class='ocrx_word' id='word_1_341' title='bbox 3533 3868 3615 3924; x_wconf 85' lang='lat'>13.</span> <span class='ocrx_word' id='word_1_342' title='bbox 3651 3884 3698 3923; x_wconf 84' lang='lat' dir='ltr'>c.</span> <span class='ocrx_word' id='word_1_343' title='bbox 3728 3872 3779 3927; x_wconf 77' lang='lat'>4.</span> <span class='ocrx_word' id='word_1_344' title='bbox 3808 3876 3854 3923; x_wconf 77' lang='lat' dir='ltr'>ee</span> 
     </span>
     <span class='ocr_line' id='line_1_73' title="bbox 2389 3936 3853 4006; baseline 0.005 -16"><span class='ocrx_word' id='word_1_345' title='bbox 2389 3940 2483 3991; x_wconf 79' lang='lat' dir='ltr'>h‘b.</span> <span class='ocrx_word' id='word_1_346' title='bbox 2531 3937 2617 3993; x_wconf 74' lang='lat'>15.</span> <span class='ocrx_word' id='word_1_347' title='bbox 2650 3954 2695 3994; x_wconf 79' lang='lat' dir='ltr'>c,</span> <span class='ocrx_word' id='word_1_348' title='bbox 2727 3940 2780 3991; x_wconf 87' lang='grc'>7.</span> <span class='ocrx_word' id='word_1_349' title='bbox 2815 3943 2861 3991; x_wconf 78' lang='lat' dir='ltr'>et</span> <span class='ocrx_word' id='word_1_350' title='bbox 2891 3940 2982 3993; x_wconf 90' lang='grc'>21.</span> <span class='ocrx_word' id='word_1_351' title='bbox 3017 3939 3080 3993; x_wconf 91' lang='lat' dir='ltr'>D.</span> <span class='ocrx_word' id='word_1_352' title='bbox 3123 3936 3311 3993; x_wconf 86' lang='lat' dir='ltr'>Thom.</span> <span class='ocrx_word' id='word_1_353' title='bbox 3357 3939 3406 3994; x_wconf 88' lang='lat'>1.</span> <span class='ocrx_word' id='word_1_354' title='bbox 3451 3955 3508 4006; x_wconf 79' lang='lat' dir='ltr'>p.</span> <span class='ocrx_word' id='word_1_355' title='bbox 3559 3956 3610 4006; x_wconf 76' lang='lat' dir='ltr'>‘l-</span> <span class='ocrx_word' id='word_1_356' title='bbox 3651 3942 3742 3996; x_wconf 77' lang='grc'>24.</span> <span class='ocrx_word' id='word_1_357' title='bbox 3790 3943 3853 3997; x_wconf 91' lang='lat' dir='ltr'>D.</span> 
     </span>
     <span class='ocr_line' id='line_1_74' title="bbox 2391 4008 3853 4078; baseline 0.004 -15"><span class='ocrx_word' id='word_1_358' title='bbox 2391 4010 2591 4063; x_wconf 79' lang='lat' dir='ltr'>Bonav.</span> <span class='ocrx_word' id='word_1_359' title='bbox 2619 4012 2681 4063; x_wconf 77' lang='lat' dir='ltr'>in</span> <span class='ocrx_word' id='word_1_360' title='bbox 2710 4012 2763 4062; x_wconf 91' lang='grc'>2.</span> <span class='ocrx_word' id='word_1_361' title='bbox 2797 4010 2925 4064; x_wconf 77' lang='lat' dir='ltr'>dist.</span> <span class='ocrx_word' id='word_1_362' title='bbox 2960 4008 3010 4065; x_wconf 90' lang='grc'>3.</span> <span class='ocrx_word' id='word_1_363' title='bbox 3045 4014 3156 4065; x_wconf 71' lang='lat' dir='ltr'>art.</span> <span class='ocrx_word' id='word_1_364' title='bbox 3191 4008 3240 4064; x_wconf 71' lang='lat'>2.</span> <span class='ocrx_word' id='word_1_365' title='bbox 3277 4025 3328 4078; x_wconf 86' lang='lat' dir='ltr'>q.</span> <span class='ocrx_word' id='word_1_366' title='bbox 3377 4013 3420 4066; x_wconf 86' lang='lat'>1.</span> <span class='ocrx_word' id='word_1_367' title='bbox 3463 4009 3712 4069; x_wconf 70' lang='lat' dir='ltr'>mebant.</span> <span class='ocrx_word' id='word_1_368' title='bbox 3744 4019 3853 4069; x_wconf 73' lang='lat' dir='ltr'>art.</span> 
     </span>
     <span class='ocr_line' id='line_1_75' title="bbox 2385 4079 3852 4152; baseline 0.005 -18"><span class='ocrx_word' id='word_1_369' title='bbox 2385 4084 2437 4138; x_wconf 84' lang='lat'>5.</span> <span class='ocrx_word' id='word_1_370' title='bbox 2469 4097 2521 4147; x_wconf 76' lang='lat' dir='ltr'>Q.</span> <span class='ocrx_word' id='word_1_371' title='bbox 2561 4083 2609 4137; x_wconf 90' lang='lat'>1.</span> <span class='ocrx_word' id='word_1_372' title='bbox 2643 4079 2845 4136; x_wconf 83' lang='lat' dir='ltr'>Alhert.</span> <span class='ocrx_word' id='word_1_373' title='bbox 2889 4088 3000 4135; x_wconf 77' lang='lat' dir='ltr'>art.</span> <span class='ocrx_word' id='word_1_374' title='bbox 3039 4082 3121 4136; x_wconf 84' lang='lat'>15.</span> <span class='ocrx_word' id='word_1_375' title='bbox 3157 4081 3393 4152; x_wconf 74' lang='lat' dir='ltr'>Capi-eol.</span> <span class='ocrx_word' id='word_1_376' title='bbox 3435 4099 3490 4151; x_wconf 84' lang='lat' dir='ltr'>q.</span> <span class='ocrx_word' id='word_1_377' title='bbox 3530 4080 3583 4137; x_wconf 77' lang='lat'>2.</span> <span class='ocrx_word' id='word_1_378' title='bbox 3637 4092 3745 4140; x_wconf 78' lang='lat' dir='ltr'>are.</span> <span class='ocrx_word' id='word_1_379' title='bbox 3803 4086 3852 4141; x_wconf 89' lang='grc'><strong>3.</strong></span> 
     </span>
     <span class='ocr_line' id='line_1_76' title="bbox 2389 4152 3852 4223; baseline 0.003 -16"><span class='ocrx_word' id='word_1_380' title='bbox 2389 4152 2552 4223; x_wconf 81' lang='lat' dir='ltr'>Cajet.</span> <span class='ocrx_word' id='word_1_381' title='bbox 2591 4152 2641 4208; x_wconf 92' lang='grc'>1.</span> <span class='ocrx_word' id='word_1_382' title='bbox 2671 4157 2822 4219; x_wconf 81' lang='lat' dir='ltr'>part.</span> <span class='ocrx_word' id='word_1_383' title='bbox 2855 4168 2907 4220; x_wconf 87' lang='lat' dir='ltr'>q.</span> <span class='ocrx_word' id='word_1_384' title='bbox 2943 4153 3027 4207; x_wconf 78' lang='lat'>55.</span> <span class='ocrx_word' id='word_1_385' title='bbox 3056 4155 3265 4208; x_wconf 72' lang='lat' dir='ltr'>Fet-rar.</span> <span class='ocrx_word' id='word_1_386' title='bbox 3291 4156 3342 4208; x_wconf 90' lang='lat'>3.</span> <span class='ocrx_word' id='word_1_387' title='bbox 3367 4154 3428 4207; x_wconf 76' lang='lat' dir='ltr'>de</span> <span class='ocrx_word' id='word_1_388' title='bbox 3459 4157 3657 4211; x_wconf 78' lang='lat' dir='ltr'>Anim.</span> <span class='ocrx_word' id='word_1_389' title='bbox 3689 4171 3739 4223; x_wconf 86' lang='lat' dir='ltr'>q.</span> <span class='ocrx_word' id='word_1_390' title='bbox 3771 4155 3852 4213; x_wconf 85' lang='lat'>13.</span> 
     </span>
     <span class='ocr_line' id='line_1_77' title="bbox 2388 4223 3850 4298; baseline 0.003 -19"><span class='ocrx_word' id='word_1_391' title='bbox 2388 4224 2560 4294; x_wconf 83' lang='lat' dir='ltr'>Apoll.</span> <span class='ocrx_word' id='word_1_392' title='bbox 2595 4240 2645 4291; x_wconf 82' lang='lat' dir='ltr'>q.</span> <span class='ocrx_word' id='word_1_393' title='bbox 2681 4226 2732 4279; x_wconf 83' lang='lat'>6.</span> <span class='ocrx_word' id='word_1_394' title='bbox 2765 4223 2923 4279; x_wconf 83' lang='lat' dir='ltr'>Jand.</span> <span class='ocrx_word' id='word_1_395' title='bbox 2953 4240 3006 4292; x_wconf 86' lang='lat' dir='ltr'>q.</span> <span class='ocrx_word' id='word_1_396' title='bbox 3044 4224 3129 4279; x_wconf 89' lang='grc'>15.</span> <span class='ocrx_word' id='word_1_397' title='bbox 3172 4224 3349 4296; x_wconf 80' lang='lat' dir='ltr'>AEgid.</span> <span class='ocrx_word' id='word_1_398' title='bbox 3399 4228 3646 4294; x_wconf 69' lang='lat' dir='ltr'>quodlib.</span> <span class='ocrx_word' id='word_1_399' title='bbox 3697 4229 3748 4284; x_wconf 85' lang='lat'>5.</span> <span class='ocrx_word' id='word_1_400' title='bbox 3801 4246 3850 4298; x_wconf 83' lang='lat' dir='ltr'>q.</span> 
     </span>
     <span class='ocr_line' id='line_1_78' title="bbox 2388 4294 3854 4367; baseline 0.003 -18"><span class='ocrx_word' id='word_1_401' title='bbox 2388 4296 2475 4351; x_wconf 74' lang='grc'>21.</span> <span class='ocrx_word' id='word_1_402' title='bbox 2511 4294 2748 4350; x_wconf 82' lang='lat' dir='ltr'>Durand.</span> <span class='ocrx_word' id='word_1_403' title='bbox 2787 4299 2848 4349; x_wconf 84' lang='lat' dir='ltr'>in</span> <span class='ocrx_word' id='word_1_404' title='bbox 2877 4295 2926 4349; x_wconf 76' lang='lat'>⁶2..</span> <span class='ocrx_word' id='word_1_405' title='bbox 2955 4299 3083 4352; x_wconf 70' lang='lat' dir='ltr'>dist.</span> <span class='ocrx_word' id='word_1_406' title='bbox 3125 4298 3177 4351; x_wconf 87' lang='lat'>3.</span> <span class='ocrx_word' id='word_1_407' title='bbox 3212 4314 3263 4364; x_wconf 87' lang='lat' dir='ltr'>q.</span> <span class='ocrx_word' id='word_1_408' title='bbox 3309 4295 3361 4351; x_wconf 89' lang='grc'>6.</span> <span class='ocrx_word' id='word_1_409' title='bbox 3400 4295 3649 4356; x_wconf 79' lang='lat' dir='ltr'>Godl&#39;red.</span> <span class='ocrx_word' id='word_1_410' title='bbox 3682 4303 3854 4367; x_wconf 77' lang='lat' dir='ltr'>quod-</span> 
     </span>
     <span class='ocr_line' id='line_1_79' title="bbox 2390 4365 3850 4438; baseline 0.003 -16"><span class='ocrx_word' id='word_1_411' title='bbox 2390 4369 2484 4422; x_wconf 72' lang='lat' dir='ltr'>lib.</span> <span class='ocrx_word' id='word_1_412' title='bbox 2517 4369 2570 4423; x_wconf 85' lang='grc'>9.</span> <span class='ocrx_word' id='word_1_413' title='bbox 2603 4384 2656 4435; x_wconf 82' lang='lat' dir='ltr'>q.</span> <span class='ocrx_word' id='word_1_414' title='bbox 2687 4366 2772 4421; x_wconf 75' lang='lat'>19.</span> <span class='ocrx_word' id='word_1_415' title='bbox 2809 4366 3052 4422; x_wconf 85' lang='lat' dir='ltr'>Conimb.</span> <span class='ocrx_word' id='word_1_416' title='bbox 3087 4365 3138 4422; x_wconf 90' lang='lat'>3.</span> <span class='ocrx_word' id='word_1_417' title='bbox 3171 4370 3234 4421; x_wconf 78' lang='lat' dir='ltr'>de</span> <span class='ocrx_word' id='word_1_418' title='bbox 3264 4370 3494 4438; x_wconf 79' lang='lat' dir='ltr'>Anima,</span> <span class='ocrx_word' id='word_1_419' title='bbox 3523 4387 3570 4427; x_wconf 86' lang='lat' dir='ltr'>c.</span> <span class='ocrx_word' id='word_1_420' title='bbox 3603 4372 3654 4427; x_wconf 89' lang='lat'>3.</span> <span class='ocrx_word' id='word_1_421' title='bbox 3687 4371 3850 4428; x_wconf 81' lang='lat' dir='ltr'>Tolel.</span> 
     </span>
     <span class='ocr_line' id='line_1_80' title="bbox 2384 4438 3852 4509; baseline 0.004 -15"><span class='ocrx_word' id='word_1_422' title='bbox 2384 4459 2437 4507; x_wconf 83' lang='lat' dir='ltr'>q.</span> <span class='ocrx_word' id='word_1_423' title='bbox 2468 4441 2558 4495; x_wconf 85' lang='grc'>21.</span> <span class='ocrx_word' id='word_1_424' title='bbox 2595 4440 2798 4509; x_wconf 80' lang='lat' dir='ltr'>Compi,</span> <span class='ocrx_word' id='word_1_425' title='bbox 2833 4442 2962 4493; x_wconf 67' lang='lat' dir='ltr'>dist.</span> <span class='ocrx_word' id='word_1_426' title='bbox 3001 4438 3081 4494; x_wconf 80' lang='lat'>18.</span> <span class='ocrx_word' id='word_1_427' title='bbox 3112 4441 3175 4493; x_wconf 79' lang='lat' dir='ltr'>dc</span> <span class='ocrx_word' id='word_1_428' title='bbox 3208 4443 3429 4495; x_wconf 80' lang='lat' dir='ltr'>Anima.</span> <span class='ocrx_word' id='word_1_429' title='bbox 3468 4458 3519 4509; x_wconf 79' lang='lat' dir='ltr'>q.</span> <span class='ocrx_word' id='word_1_430' title='bbox 3566 4444 3615 4498; x_wconf 92' lang='lat'>1.</span> <span class='ocrx_word' id='word_1_431' title='bbox 3658 4448 3852 4501; x_wconf 83' lang='lat' dir='ltr'>Aversa</span> 
     </span>
     <span class='ocr_line' id='line_1_81' title="bbox 2387 4508 3851 4584; baseline 0.003 -19"><span class='ocrx_word' id='word_1_432' title='bbox 2387 4518 2515 4565; x_wconf 82' lang='lat' dir='ltr'>tom.</span> <span class='ocrx_word' id='word_1_433' title='bbox 2543 4510 2592 4565; x_wconf 69' lang='lat'>⁶2.</span> <span class='ocrx_word' id='word_1_434' title='bbox 2625 4510 2822 4563; x_wconf 72' lang='lat' dir='ltr'>Philus.</span> <span class='ocrx_word' id='word_1_435' title='bbox 2855 4508 2986 4565; x_wconf 90' lang='lat' dir='ltr'>Vide</span> <span class='ocrx_word' id='word_1_436' title='bbox 3015 4513 3288 4566; x_wconf 72' lang='lat' dir='ltr'>Doctorem</span> <span class='ocrx_word' id='word_1_437' title='bbox 3335 4528 3384 4580; x_wconf 83' lang='lat' dir='ltr'>q.</span> <span class='ocrx_word' id='word_1_438' title='bbox 3432 4513 3483 4568; x_wconf 84' lang='lat'>7.</span> <span class='ocrx_word' id='word_1_439' title='bbox 3526 4516 3590 4568; x_wconf 71' lang='lat' dir='ltr'>do</span> <span class='ocrx_word' id='word_1_440' title='bbox 3631 4518 3851 4584; x_wconf 77' lang='lat' dir='ltr'>Anima,</span> 
     </span>
     <span class='ocr_line' id='line_1_82' title="bbox 2385 4582 3049 4650; baseline 0.003 -15"><span class='ocrx_word' id='word_1_441' title='bbox 2385 4589 2435 4635; x_wconf 77' lang='grc' dir='ltr'>ει</span> <span class='ocrx_word' id='word_1_442' title='bbox 2470 4586 2532 4636; x_wconf 82' lang='lat' dir='ltr'>in</span> <span class='ocrx_word' id='word_1_443' title='bbox 2567 4582 2616 4636; x_wconf 84' lang='lat'>1.</span> <span class='ocrx_word' id='word_1_444' title='bbox 2657 4583 2783 4636; x_wconf 76' lang='lat' dir='ltr'>dist.</span> <span class='ocrx_word' id='word_1_445' title='bbox 2816 4582 2869 4637; x_wconf 89' lang='lat'>3.</span> <span class='ocrx_word' id='word_1_446' title='bbox 2912 4598 2964 4650; x_wconf 82' lang='lat' dir='ltr'>q.</span> <span class='ocrx_word' id='word_1_447' title='bbox 2997 4585 3049 4637; x_wconf 82' lang='lat'>6.</span> 
     </span>
    </p>
   </div>
   <div class='ocr_carea' id='block_1_8' title="bbox 2317 4762 3851 5679">
    <p class='ocr_par' dir='ltr' id='par_1_9' title="bbox 2317 4762 3851 5679">
     <span class='ocr_line' id='line_1_83' title="bbox 2424 4762 3851 4853; baseline 0.002 -18"><span class='ocrx_word' id='word_1_448' title='bbox 2424 4762 2655 4836; x_wconf 86' lang='lat' dir='ltr'>Circa</span> <span class='ocrx_word' id='word_1_449' title='bbox 2748 4762 2988 4834; x_wconf 88' lang='lat' dir='ltr'>istam</span> <span class='ocrx_word' id='word_1_450' title='bbox 3076 4764 3608 4853; x_wconf 77' lang='lat' dir='ltr'>quaestionem</span> <span class='ocrx_word' id='word_1_451' title='bbox 3698 4767 3851 4841; x_wconf 89' lang='lat' dir='ltr'>tria</span> 
     </span>
     <span class='ocr_line' id='line_1_84' title="bbox 2317 4877 3851 4975; baseline 0.003 -26"><span class='ocrx_word' id='word_1_452' title='bbox 2317 4884 2502 4951; x_wconf 85' lang='lat' dir='ltr'>sunt</span> <span class='ocrx_word' id='word_1_453' title='bbox 2530 4877 3050 4950; x_wconf 86' lang='lat' dir='ltr'>declaranda:</span> <span class='ocrx_word' id='word_1_454' title='bbox 3091 4879 3455 4952; x_wconf 85' lang='lat' dir='ltr'>Primum</span> <span class='ocrx_word' id='word_1_455' title='bbox 3495 4886 3645 4965; x_wconf 80' lang='lat' dir='ltr'>est,</span> <span class='ocrx_word' id='word_1_456' title='bbox 3682 4882 3851 4975; x_wconf 85' lang='lat' dir='ltr'>quis</span> 
     </span>
     <span class='ocr_line' id='line_1_85' title="bbox 2317 4996 3850 5087; baseline 0.003 -22"><span class='ocrx_word' id='word_1_457' title='bbox 2317 5000 2440 5068; x_wconf 77' lang='lat' dir='ltr'>est</span> <span class='ocrx_word' id='word_1_458' title='bbox 2485 4996 2764 5066; x_wconf 86' lang='lat' dir='ltr'>modus</span> <span class='ocrx_word' id='word_1_459' title='bbox 2799 5016 3111 5076; x_wconf 90' lang='lat' dir='ltr'>eorum,</span> <span class='ocrx_word' id='word_1_460' title='bbox 3151 4996 3280 5087; x_wconf 83' lang='lat' dir='ltr'>qui</span> <span class='ocrx_word' id='word_1_461' title='bbox 3316 4996 3590 5072; x_wconf 91' lang='lat' dir='ltr'>dicunt</span> <span class='ocrx_word' id='word_1_462' title='bbox 3638 4998 3850 5074; x_wconf 89' lang='lat' dir='ltr'>intel·</span> 
     </span>
     <span class='ocr_line' id='line_1_86' title="bbox 2318 5111 3850 5209; baseline 0.005 -26"><span class='ocrx_word' id='word_1_463' title='bbox 2318 5113 2614 5185; x_wconf 85' lang='lat' dir='ltr'>lectum</span> <span class='ocrx_word' id='word_1_464' title='bbox 2649 5132 2806 5183; x_wconf 91' lang='lat' dir='ltr'>non</span> <span class='ocrx_word' id='word_1_465' title='bbox 2843 5111 3301 5202; x_wconf 82' lang='lat' dir='ltr'>intelligere</span> <span class='ocrx_word' id='word_1_466' title='bbox 3339 5134 3481 5206; x_wconf 89' lang='lat' dir='ltr'>per</span> <span class='ocrx_word' id='word_1_467' title='bbox 3514 5117 3850 5209; x_wconf 88' lang='lat' dir='ltr'>speciem</span> 
     </span>
     <span class='ocr_line' id='line_1_87' title="bbox 2321 5231 3844 5322; baseline 0.001 -20"><span class='ocrx_word' id='word_1_468' title='bbox 2321 5231 2835 5322; x_wconf 84' lang='lat' dir='ltr'>impressam,</span> <span class='ocrx_word' id='word_1_469' title='bbox 2872 5233 2950 5302; x_wconf 90' lang='lat' dir='ltr'>et</span> <span class='ocrx_word' id='word_1_470' title='bbox 2989 5231 3374 5314; x_wconf 86' lang='lat' dir='ltr'>rationes,</span> <span class='ocrx_word' id='word_1_471' title='bbox 3413 5237 3493 5307; x_wconf 89' lang='lat' dir='ltr'>et</span> <span class='ocrx_word' id='word_1_472' title='bbox 3529 5236 3844 5309; x_wconf 81' lang='lat' dir='ltr'>motiva.</span> 
     </span>
     <span class='ocr_line' id='line_1_88' title="bbox 2323 5346 3848 5427; baseline 0.004 -8"><span class='ocrx_word' id='word_1_473' title='bbox 2323 5346 2770 5419; x_wconf 59' lang='lat' dir='ltr'>Secundum</span> <span class='ocrx_word' id='word_1_474' title='bbox 2805 5351 2952 5427; x_wconf 81' lang='lat' dir='ltr'>est,</span> <span class='ocrx_word' id='word_1_475' title='bbox 3007 5348 3325 5421; x_wconf 79' lang='lat' dir='ltr'>solvere</span> <span class='ocrx_word' id='word_1_476' title='bbox 3373 5351 3729 5425; x_wconf 89' lang='lat' dir='ltr'>rationes</span> <span class='ocrx_word' id='word_1_477' title='bbox 3776 5356 3848 5425; x_wconf 87' lang='lat' dir='ltr'>et</span> 
     </span>
     <span class='ocr_line' id='line_1_89' title="bbox 2326 5463 3845 5550; baseline 0.001 -14"><span class='ocrx_word' id='word_1_478' title='bbox 2326 5465 2630 5537; x_wconf 75' lang='lat' dir='ltr'>motiva</span> <span class='ocrx_word' id='word_1_479' title='bbox 2683 5463 3040 5535; x_wconf 86' lang='lat' dir='ltr'>illorum.</span> <span class='ocrx_word' id='word_1_480' title='bbox 3106 5466 3470 5540; x_wconf 85' lang='lat' dir='ltr'>Tertium</span> <span class='ocrx_word' id='word_1_481' title='bbox 3531 5475 3678 5550; x_wconf 88' lang='lat' dir='ltr'>est,</span> <span class='ocrx_word' id='word_1_482' title='bbox 3739 5489 3845 5541; x_wconf 87' lang='lat' dir='ltr'>os·</span> 
     </span>
     <span class='ocr_line' id='line_1_90' title="bbox 2329 5581 3843 5679; baseline 0.003 -25"><span class='ocrx_word' id='word_1_483' title='bbox 2329 5583 2650 5654; x_wconf 82' lang='lat' dir='ltr'>tendere</span> <span class='ocrx_word' id='word_1_484' title='bbox 2695 5582 2898 5674; x_wconf 81' lang='lat' dir='ltr'>quod</span> <span class='ocrx_word' id='word_1_485' title='bbox 2961 5581 3420 5657; x_wconf 85' lang='lat' dir='ltr'>intellectus</span> <span class='ocrx_word' id='word_1_486' title='bbox 3477 5584 3843 5679; x_wconf 85' lang='lat' dir='ltr'>intelligit</span> 
     </span>
    </p>
   </div>
  </div>
 </body>
</html>
