4252 6393
670 385 790 448 750

361 568 568 625 Amase
658 549 744 612 ibi
791 551 1015 626 posset
1081 546 1353 609 concedi
1408 545 1883 627 dependentia,
1942 550 2203 628 proprie

312 639 612 753 ⁰Z‘2{⁸2,;‡2
657 661 874 719 tamen
933 654 1134 718 debet
1190 655 1503 733 appellari
1570 655 1947 718 eminentia.
2008 657 2200 732 Quod

339 767 407 816 ab
434 770 552 819 azia
658 762 912 833 dicitur,
967 768 1046 825 de
1093 779 1343 824 movere
1404 769 1458 824 et
1519 765 1785 835 moveri,
1848 768 1974 825 etc.
2025 765 2198 837 dic0,

656 868 836 947 quod
866 869 1243 949 hujusmodi
1287 870 1653 931 locutiones
1682 875 1836 931 sunt
1866 871 2201 947 metapho-

652 979 835 1050 ricae‚
905 976 1053 1041 vide
1136 981 1408 1057 egregie
1456 980 1516 1041 9.
1573 979 1986 1055 Metaplzysic.
2050 982 2197 1040 etl.

654 1091 871 1161 quaest.
917 1084 975 1146 4.
1026 1089 1083 1146 et
1128 1087 1230 1147 37.
1288 1086 1436 1147 dist.
1475 1088 1536 1147 2.
1591 1090 1659 1146 et
1699 1086 1832 1148 haec
1876 1086 1940 1146 in
1986 1084 2198 1148 littera

651 1192 1060 1270 aliqualiter;
1121 1194 1333 1254 omnis
1389 1195 1562 1254 enini
1608 1209 1804 1254 causa
1859 1199 2083 1255 movet
2123 1209 2198 1256 se

652 1300 719 1361 in
746 1317 866 1362 suo
899 1299 1153 1372 ordine,
1187 1305 1253 1360 et
1284 1297 1451 1362 forte
1498 1301 1793 1362 secunda
1830 1301 2007 1379 prius
2052 1319 2192 1363 ino-

651 1412 763 1472 vet
800 1423 873 1470 se
914 1425 1112 1487 quam
1150 1413 1454 1472 movetur
1484 1426 1518 1471 a
1551 1408 1784 1486 prima,
1837 1407 2197 1471 formaliter

656 1516 800 1579 dico
847 1536 864 1578 ε
913 1519 1040 1580 imo
1087 1533 1318 1579 omnes
1365 1517 1557 1580 simul
1613 1522 1842 1580 natura
1888 1522 1955 1577 et
2005 1516 2195 1579 dura-

310 1612 496 1723 gjfflg
519 1625 629 1722 ἵζ’-ι
656 1623 835 1684 tione
890 1628 1158 1686 movent
1222 1640 1318 1692 se,
1383 1621 1746 1685 efficientes
1803 1624 1970 1686 dico.
2032 1623 2195 1687 Vide

302 1751 603 1810 promove-3
653 1729 718 1791 in
771 1729 1335 1793 TheorematibuS.
1386 1729 1465 1792 Et
1520 1730 1702 1811 quod
1762 1730 2195 1793 communiter

310 1807 630 1936 “Zaapss'f‘
657 1834 912 1911 dicitur,
967 1855 1228 1901 causam
1272 1839 1546 1917 primam
1593 1839 1773 1916 prius
1818 1854 2041 1920 agere,
2089 1838 2197 1900 in·

305 1924 607 2050 “gfflssffessj
655 1945 1082 2025 telligendum
1117 1949 1217 2007 est
1255 1946 1340 2007 de
1387 1947 1719 2025 prioritate
1769 1944 2194 2024 perfectionis

389 2056 527 2102 cum.
652 2059 720 2114 et
779 2054 1078 2127 virtutis,
1148 2058 1221 2115 ut
1283 2055 1386 2116 hic
1440 2054 1595 2116 dicit
1655 2058 1721 2116 et
1783 2054 1892 2117 ubi
1968 2069 2192 2131 supra.

654 2160 958 2224 Similiter
989 2161 1344 2224 dicendum
1379 2170 1478 2224 est
1521 2162 1605 2224 de
1635 2161 2076 2224 medicatione
2129 2167 2196 2223 et

647 2266 1141 2331 immediatione
1181 2271 1544 2331 remotione
1578 2275 1644 2331 et
1681 2269 2192 2348 propinquitate,

647 2381 714 2437 et
751 2377 879 2438 hoc
920 2378 1214 2458 intelligo
1244 2381 1311 2442 in
1343 2379 1557 2441 causis
1587 2394 1707 2456 per
1749 2394 1848 2450 se,
1889 2376 1974 2440 ad
2006 2377 2192 2439 diffe-

642 2486 922 2546 rentiam
950 2484 1557 2551 instrumentorum.
1592 2487 1786 2549 Multa
1817 2486 1940 2549 alia
1976 2484 2192 2547 decla-

639 2597 846 2658 rativa
896 2592 1126 2657 horum
1176 2594 1377 2659 addat
1424 2593 1654 2670 lector,
1707 2595 1860 2674 quia
1915 2594 2189 2656 materia

637 2706 764 2769 ista
809 2711 910 2770 est
955 2704 1242 2785 copiosa,
1287 2709 1354 2766 et
1390 2702 1690 2776 subtilis;
1728 2706 1797 2764 et
1838 2701 2060 2766 multis
2105 2700 2190 2762 ad

637 2831 848 2896 pauca
905 2812 1400 2893 aspicientibus,
1465 2809 1667 2873 multa
1728 2810 1964 2872 horum
2034 2823 2189 2888 quae

635 2925 894 2999 asserit,
925 2922 1307 2986 viderentur
1335 2925 1645 2983 extranea
1670 2916 1863 2980 dicta.

1141 3240 1471 3316 CAPUT
1573 3239 1690 3311 III

639 3449 736 3514 De
783 3447 1044 3534 triplici
1079 3445 1426 3532 primitate
1465 3444 1536 3507 in
1574 3443 1795 3527 primo
1842 3440 2185 3526 principio

1186 3556 1618 3624 ostctulenda.

1053 3758 1105 3824 C
1114 3755 1289 3823 ONC
1294 3757 1346 3822 L
1359 3756 1462 3821 tJS
1468 3754 1501 3820 I
1502 3755 1680 3820 ΘΝΕ
1682 3756 1732 3819 S
1741 3807 1753 3820 .

636 3961 697 4029 1.
797 3958 1038 4043 Aliqua
1070 3965 1163 4019 est
1191 3964 1435 4020 natura
1463 3949 1810 4017 inentibus
1841 3950 2173 4035 effectiva.

630 4076 696 4145 2.
796 4072 1085 4160 Aliquod
1167 4070 1542 4157 effectivum
1608 4078 1701 4133 est
1783 4067 2181 4155 simpliciter

896 4190 1215 4278 primum.

633 4312 700 4379 3.
797 4307 1212 4394 Simpliciter
1274 4304 1570 4391 primum
1637 4301 2012 4387 effectivum
2090 4312 2183 4366 est

905 4420 1338 4489 incausabile.

636 4542 701 4611 4.
800 4539 1215 4626 Simpliciter
1283 4537 1580 4622 primum
1648 4536 2024 4620 effectivum
2092 4546 2185 4599 est

901 4667 1051 4722 actu
1120 4655 1432 4731 existens,
1511 4662 1571 4716 et
1635 4652 1865 4737 aliqua
1934 4661 2185 4716 natura

900 4774 1190 4838 existens
1217 4769 1574 4836 actualiter
1603 4778 1694 4832 est
1724 4768 1820 4831 sic
1847 4767 2177 4853 effectiva.

796 4888 1207 4957 lncausabilc
1237 4897 1328 4952 est
1368 4908 1449 4951 ex
1477 4907 1544 4950 se
1582 4903 1837 4949 neccsse
1868 4903 2023 4949 esse.

794 5007 1160 5075 Necessitas
1191 5003 1448 5072 essendi
1487 5023 1570 5069 (ἀ)
1606 5023 1697 5080 se,
1736 5000 1856 5066 uni
1884 5000 2013 5064 soli
2060 5022 2181 5065 na-

897 5137 1065 5194 turoe
1094 5124 1424 5192 convenit.

790 5244 1038 5331 Aliqua
1070 5253 1162 5309 cst
1193 5251 1436 5308 natura
1479 5238 1554 5303 in
1592 5235 1847 5303 entibus
1874 5234 2171 5317 linitiva.

626 5364 692 5434 8.
791 5361 1083 5450 Aliquod
1118 5360 1461 5443 finitivum
1491 5366 1584 5423 est
1612 5354 2011 5442 simpliciter
2034 5353 2177 5438 pri-

896 5501 1098 5546 mum.

624 5596 692 5669 9.
791 5597 1094 5663 Primum
1131 5595 1472 5679 finitivum
1510 5600 1602 5657 est
1641 5586 2073 5656 incausabile.

629 4894 697 5082 φφ

626 5245 691 5315 >¹

1835 385 1937 449 DE
1979 383 2222 451 PRIMO
2267 385 2661 453 mectpto

2313 551 2419 620 10.
2476 552 2774 617 Primum
2832 553 3169 634 finitivum
3211 565 3305 620 est
3351 565 3499 620 actu
3540 555 3848 634 existens,

2578 678 2639 735 ct
2712 671 2924 736 alicui
2985 681 3247 737 natura}
3320 684 3469 737 actu
3546 672 3854 738 coeistenti

2580 789 2882 853 convenit
2922 790 3050 854 ista
3085 791 3425 875 primitas.

2311 904 2416 972 11.
2474 903 2548 969 ln
2578 906 2843 971 naturis
2865 907 3118 972 entium
3146 908 3375 994 aliqua
3398 919 3490 972 est
3511 907 3851 973 eme-edens.

2312 1020 2417 1088 12.
2472 1020 2716 1107 Aliqua
2774 1032 3035 1088 naturae
3073 1024 3370 1089 eminens
3399 1036 3492 1089 est
3533 1025 3855 1111 simplici-

2576 1150 2675 1206 ter
2698 1140 2927 1227 prima
2957 1142 3311 1209 secundum
3350 1146 3849 1231 perfectionem.

2310 1257 2415 1325 13.
2470 1258 2798 1343 Suprema
2840 1270 3089 1326 natura
3131 1271 3221 1327 est
3262 1261 3718 1328 incausabilis.

2309 1374 2414 1443 14.
2470 1374 2796 1461 Suprema
2829 1388 3073 1442 natura
3106 1388 3198 1444 est
3236 1378 3467 1465 aliqua
3504 1390 3654 1444 actu
3689 1379 3855 1444 earis-

2546 1499 2707 1556 tens.

2307 1604 2411 1674 15.
2467 1606 2692 1671 Alicui
2720 1610 2933 1673 unim²
2964 1621 3223 1675 natura?
3280 1621 3340 1677 et
3424 1612 3635 1677 eidem
3711 1623 3858 1677 actu

2572 1725 2908 1805 eoeistenti,
2945 1727 3116 1792 inest
3138 1729 3391 1816 triplex
3411 1731 3748 1816 primitas,
3792 1731 3859 1794 in

2575 1841 2835 1927 triplici
2872 1841 3110 1908 ordine
3157 1846 3520 1924 essentiali,
3556 1843 3860 1930 efficien-

2578 1960 2704 2036 tice,
2731 1960 2914 2042 finis,
2965 1969 3025 2026 et
3055 1963 3455 2028 eminentia».

2308 2073 2412 2142 16.
2468 2073 2878 2160 Impossibile
2915 2088 3009 2142 est
3043 2077 3219 2143 idem
3258 2079 3351 2144 ad
3381 2078 3513 2145 duo
3543 2082 3854 2147 essentia·

2575 2192 2733 2258 liter
2754 2192 3148 2280 dependere,
3174 2196 3267 2262 ad
3294 2218 3573 2284 quorum
3604 2207 3853 2262 utrum·

2570 2329 2693 2393 que
2732 2312 2873 2396 esus
2911 2310 3358 2399 dependentia
3394 2313 3692 2379 totaliter
3723 2324 3853 2379 ter-

2574 2426 2888 2492 minetur.

2307 2539 2412 2608 17.
2477 2539 2607 2606 Vni
2669 2543 2798 2607 soli
2870 2555 3129 2610 naturae
3198 2547 3368 2612 inest
3434 2569 3853 2636 qucecumque

2564 2659 2881 2744 primitas
2930 2683 3145 2727 causoe
3189 2665 3600 2746 extrinsecoe,
3657 2666 3857 2732 unius

2570 2774 2879 2842 rationis.

2302 2892 2407 2960 18.
2468 2893 2771 2960 Primum
2852 2897 3232 2980 effectivum
3314 2911 3409 2966 cst
3472 2901 3855 2967 actualissi-

2566 3033 2769 3089 mum,
2806 3013 3195 3081 virtualiter
3219 3018 3566 3083 continens
3594 3039 3850 3084 omnem

2563 3131 3044 3202 actualitatem.
3092 3135 3362 3202 Primus
3397 3137 3563 3219 sinis
3610 3148 3706 3204 est
3735 3158 3848 3225 op-

2565 3249 2763 3316 timus
2794 3251 3183 3320 virtualiter
3212 3256 3557 3322 continens
3586 3277 3847 3323 omnem

2558 3364 2938 3435 bonitatem.
3021 3370 3323 3437 Primum
3392 3374 3689 3439 eminens
3752 3382 3848 3439 est

2559 3484 3144 3567 perfectissimum,
3209 3488 3573 3554 eminenter
3629 3489 3846 3555 conti-

2560 3619 2723 3664 nens
2761 3619 3017 3667 omnem
3044 3603 3549 3687 perfectionem.

2296 3713 2399 3781 19.
2465 3714 2607 3779 [sna
2666 3727 2913 3781 natura
2979 3718 3276 3784 existens
3328 3731 3421 3783 est
3473 3722 3724 3807 prima,
3777 3723 3848 3788 in

2582 3831 2843 3919 triplici
2904 3835 3143 3901 ordine
3203 3834 3548 3922 prcedicto‚
3599 3838 3856 3903 scilieet

2560 3952 2970 4036 efficientioe,
3025 3953 3406 4019 eminenticc
3435 3965 3495 4019 et
3532 3955 3695 4036 linis
3726 3981 3749 4021 .·
3786 3967 3850 4020 et

2559 4067 2862 4154 quwlibct
2894 4069 3034 4134 alia
3058 4080 3174 4149 est,
3208 4071 3306 4136 sic
3330 4072 3662 4158 posterior
3684 4073 3837 4150 ista,

2556 4186 3022 4270 proetermissis
3042 4185 3390 4253 ordinibus
3417 4189 3580 4270 finis
3601 4200 3661 4254 et
3680 4191 3840 4255 emi-

2561 4304 2828 4381 nentite,
2865 4323 2950 4368 ecc
3005 4305 3144 4369 solo
3174 4305 3415 4371 ordine
3453 4307 3841 4391 efficientia,-

2563 4420 2680 4504 qui
2726 4421 3076 4505 efficacior
3105 4432 3220 4488 est.
3262 4423 3453 4488 Potes
3479 4422 3842 4510 procedere

2563 4537 2683 4613 ita,
2720 4538 2944 4623 accipe
2990 4538 3190 4624 liujus
3229 4541 3414 4605 tertii
3439 4562 3559 4605 sea:
3580 4540 3843 4627 primas

2564 4653 3037 4733 conclusiones,
3084 4666 3145 4720 et
3171 4667 3376 4721 seoetce
3404 4656 3699 4743 adjuuqe
3729 4656 3839 4726 16.

2569 4770 2675 4840 17.
2741 4770 2847 4839 19.
2908 4772 3100 4835 etsie
3154 4770 3352 4836 habes
3400 4773 3602 4858 hujus
3660 4773 3847 4837 tertii

2563 4907 2794 4951 novem
2835 4887 3307 4952 conclusiones.
3357 4888 3657 4963 Quatuor
3698 4889 3847 4974 pri-

2563 5025 2686 5070 ma²
2743 5003 3146 5070 concludunt
3197 5005 3493 5091 primum
3542 5004 3849 5089 efficiens

2561 5141 2717 5198 esse,
2754 5119 2911 5185 alia»
2941 5121 3229 5207 quinque
3257 5119 3430 5207 quod
3459 5130 3553 5185 est
3583 5130 3843 5186 tantum

2562 5260 2761 5304 unum
2801 5237 3161 5304 secundum
3217 5239 3520 5326 speciem,
3574 5238 3676 5305 vel
3721 5260 3841 5304 na-

2559 5368 2802 5422 turam.
2877 5356 3134 5421 Deinde
3199 5367 3440 5443 quarta
3504 5356 3842 5423 conclusio

2554 5474 2717 5538 satis
2783 5473 2959 5538 valet
3016 5494 3140 5560 per
3196 5474 3375 5538 viam
3450 5473 3841 5557 efficientia·

2552 5609 2695 5677 qua‘
2722 5588 2932 5654 aliam
2972 5588 3280 5676 requirit,
3318 5597 3483 5675 puta
3535 5587 3834 5665 tertiam,
