4252 6393
1686 458 2043 536 ouAEs'rio
2091 462 2200 523 xx

349 615 743 704 (equalitate,
815 628 931 683 aue
988 619 1513 706 sequidiseantia.
1552 618 1652 690 Et
1716 621 1891 710 post

354 749 631 823 pauca,
675 733 810 800 Nos
839 755 974 801 non
1007 735 1434 822 probavimus
1462 736 1543 801 de
1574 746 1887 823 tempore,

347 852 478 916 nisi
518 854 678 938 quia
735 851 979 939 pendet
1011 874 1095 918 ‹3ae
1142 864 1344 931 motu,
1392 863 1452 918 ce
1491 865 1583 918 esc
1624 856 1892 939 affectio

349 971 504 1054 ejus,
572 990 691 1034 nec
730 969 811 1034 de
868 980 1071 1049 motu,
1120 971 1257 1035 nisi
1314 972 1473 1056 quia
1502 972 1718 1036 omnis
1758 993 1889 1036 mo·

345 1097 442 1151 lus
480 1097 906 1152 mensuratur
946 1098 1256 1174 tempore.
1294 1088 1378 1152 Ee
1441 1100 1716 1173 propter
1770 1092 1890 1154 has

340 1201 764 1289 probatio-nes
802 1224 933 1270 non
1004 1216 1281 1290 oportet,
1330 1215 1395 1268 ιιι
1465 1226 1887 1292 unumquem-

342 1341 461 1406 que
501 1331 747 1385 motum
794 1320 1144 1386 comitetur
1168 1342 1291 1406 per
1328 1342 1395 1385 sc
1452 1331 1705 1407 tempus
1731 1344 1884 1407 pro-

333 1438 583 1522 prium,
680 1458 798 1502 nec
834 1447 1088 1521 oportet
1149 1447 1215 1500 uc
1255 1437 1582 1523 quidquid
1631 1460 1883 1503 mensu-

336 1564 438 1618 rae
477 1553 766 1639 aliquid,
819 1553 908 1617 sie
982 1552 1290 1617 accidens
1348 1554 1479 1619 illi.
1529 1553 1646 1622 Ex
1717 1552 1882 1642 qui-

335 1668 476 1740 bus
530 1672 777 1761 patet,
825 1669 1033 1761 quod
1101 1672 1416 1760 tempus
1462 1674 1881 1743 mensura-t

337 1806 615 1857 omnes
670 1788 967 1867 motus,
1040 1787 1118 1857 et
1152 1805 1310 1856 non
1343 1790 1466 1859 est
1504 1786 1583 1857 in
1608 1786 1879 1876 aliquo

336 1905 539 1978 utin
574 1904 966 1995 subjecto,
1012 1903 1170 1975 nisi
1204 1903 1284 1975 in
1327 1923 1511 1984 uno,
1568 1903 1880 1978 scilicet

337 2020 581 2112 primi
619 2018 971 2093 mobilis

145 2166 238 2240 11..
420 2136 502 2209 Si
593 2136 1035 2229 objiciatur
1092 2155 1191 2209 ex
1268 2137 1723 2227 Augustino
1767 2141 1873 2208 11.

137 2239 278 2291 '³⁶⁸⁰‘
334 2257 635 2340 Confess.
703 2278 848 2341 cap.
917 2256 1030 2326 23.
1105 2253 1311 2344 quod
1380 2253 1446 2325 Si
1517 2258 1879 2326 cessaret

333 2374 607 2442 motus
651 2370 893 2462 primi
930 2370 1276 2451 mobilis,
1313 2369 1566 2442 adhuc
1611 2375 1878 2443 motus

329 2487 587 2567 fieret,
646 2491 726 2561 et
768 2486 902 2559 ille
938 2491 1204 2560 motus
1263 2506 1421 2557 non
1468 2508 1878 2560 mensura-

334 2609 589 2685 retur,
636 2603 793 2676 nisi
856 2609 1225 2695 tempore
1261 2632 1274 2673 ε
1312 2623 1513 2694 ergo
1554 2607 1877 2696 tempus

329 2742 489 2794 non
521 2726 648 2796 est
682 2721 761 2793 in
827 2725 1048 2795 motu
1088 2721 1329 2813 primi
1394 2722 1712 2794 mobilis
1752 2745 1878 2796 ve-

332 2838 450 2913 lut
487 2838 569 2910 in
611 2836 1017 2927 subjecto,
1075 2837 1264 2928 quia
1311 2841 1497 2911 tunc
1531 2838 1673 2911 illo
1715 2861 1876 2911 ces-

135 2966 261 3020 lulio-
331 2960 566 3029 sante
634 2960 1020 3030 cessaret.
1067 2957 1368 3031 Dicunt
1426 2957 1631 3048 quod
1692 2976 1875 3028 eum

328 3076 602 3146 motus
653 3072 829 3146 coeli
870 3073 976 3146 sit
1017 3092 1264 3146 causa
1316 3073 1680 3146 omnium
1715 3092 1876 3143 mo·

322 3192 557 3262 tuum
592 3188 1105 3273 inferiorum,
1152 3194 1232 3265 et
1292 3194 1662 3264 cessante
1695 3210 1874 3262 cau-

326 3328 441 3389 sa,
497 3312 762 3381 cesset
823 3308 1182 3389 effeetus,
1250 3307 1422 3398 Jam
1492 3327 1636 3379 nec
1691 3310 1873 3378 rota

325 3424 585 3515 figuli,
629 3444 773 3497 nee
819 3445 949 3495 res
985 3424 1259 3515 aliqua
1314 3424 1658 3496 inferior
1694 3430 1873 3515 pos-

328 3543 447 3611 set
486 3539 800 3612 moveri
836 3539 973 3612 illo
1029 3544 1250 3612 motu
1283 3543 1679 3619 cessante,
1714 3538 1873 3609 vir-

323 3659 502 3728 tute
539 3655 942 3736 inferiori,
1012 3656 1144 3728 sed
1197 3656 1505 3729 virtute
1573 3655 1868 3736 divina,

324 3772 451 3844 vel
535 3771 848 3862 Angeli‚
906 3776 986 3845 ct
1056 3775 1678 3844 mensuraretur
1738 3771 1872 3844 ille

326 3892 599 3961 motus
662 3892 1056 3979 tempore,
1148 3908 1306 3958 non
1348 3888 1529 3968 ist0‚
1595 3908 1738 3958 nec
1774 3888 1873 3957 si·

328 4004 533 4085 mili,
613 4004 743 4076 sed
804 4005 1149 4076 alterius
1201 4004 1550 4094 generis.

126 4161 298 4210 inuh..
415 4122 563 4195 Sed
644 4123 807 4194 ista
890 4121 1312 4214 responsio
1383 4140 1543 4192 non
1599 4121 1866 4192 valet:

123 4224 281 4337 {⁶s‘ssot.
324 4238 518 4330 quia
560 4238 933 4331 quamvis
978 4243 1248 4311 motus
1290 4237 1469 4309 coeli
1531 4258 1676 4329 per
1744 4258 1873 4329 ap-

123 4345 1044 4471 s{2323proximationem,
1123 4358 1204 4426 et
1271 4354 1874 4444 elongationem

321 4489 772 4562 corporum
868 4468 1344 4548 coelestium,
1446 4469 1551 4542 sit
1628 4488 1876 4542 causa

325 4591 597 4661 motus
683 4585 1268 4677 generationis,
1325 4585 1870 4668 alterationis,

322 4707 401 4776 et
476 4703 1073 4794 corruptionis,
1162 4720 1326 4774 non
1410 4706 1683 4776 autem
1750 4707 1875 4778 est

322 4839 577 4892 causa
642 4821 1040 4898 motuum,
1107 4817 1242 4910 qui
1323 4818 1763 4910 procedunt
1830 4839 1876 4889 a

318 4935 771 5015 voluntate,
842 4933 1124 5026 quales
1172 4939 1358 5008 sunt
1428 4938 1698 5008 motus
1750 4955 1875 5007 ar-

323 5052 726 5134 tificiales,
774 5054 853 5124 et
899 5055 1171 5125 motus
1216 5055 1419 5126 rotae
1472 5052 1723 5142 figuli.

414 5168 804 5249 SecundO,
869 5168 1058 5259 quia
1150 5172 1418 5241 motus
1486 5168 1772 5241 localis
1833 5188 1879 5238 a

323 5303 831 5375 quocumque
906 5286 1198 5371 agente
1281 5283 1446 5361 ssat,
1531 5282 1879 5374 speciem

325 5420 488 5472 non
526 5398 844 5473 variat:
887 5398 1060 5470 idco
1108 5402 1380 5471 motus
1416 5403 1619 5472 rotae
1655 5398 1879 5488 figuli

323 5521 452 5591 est
492 5515 852 5609 eiusdem
906 5514 1230 5607 speciei,
1276 5520 1356 5588 et
1420 5536 1561 5607 per
1609 5537 1882 5588 conse-

331 5649 585 5722 quens
654 5627 1016 5702 eamdem
1085 5626 1321 5701 habet
1388 5648 1881 5708 mensuram,

3455 462 3568 529 661

2012 620 2181 693 sive
2215 627 2644 697 moveatur
2693 643 2738 694 a,
2775 622 2961 715 pede
3011 622 3262 713 figuli,
3317 626 3558 698 sivea

2005 738 2320 811 virtute
2354 740 2665 828 Angeli.

2095 856 2176 928 Si
2240 857 2587 929 secundo
2659 858 3126 949 objiciatur,
3175 863 3379 952 quod
3430 866 3551 935 est
3606 898 3871 947 secunda

2006 976 2439 1049 seeundum
2538 977 3071 1049 Aristotelem
3121 981 3185 1050 [ι.
3278 984 3546 1066 Phys-ic.
3656 959 3897 1022 ⁰bj⁶⁶‘²'⁰·

2003 1108 2163 1161 text.
2200 1117 2363 1161 com.
2430 1098 2538 1163 93.
2596 1095 2660 1165 si
2712 1098 2986 1167 essent
3024 1094 3176 1166 duo
3222 1095 3555 1168 mobilia

2000 1230 2225 1301 aeqne
2286 1209 2575 1301 prima,
2633 1209 2885 1282 adhuc
2945 1215 3162 1284 esset
3231 1214 3549 1305 tempus

2003 1346 2276 1407 unum,
2345 1327 2550 1418 quod
2618 1347 2795 1397 esse
2856 1346 3013 1397 non
3090 1332 3389 1419 posset,
3481 1329 3547 1400 si

2000 1448 2320 1534 tempus
2365 1443 2440 1514 in
2485 1443 2624 1514 illo
2671 1448 3058 1534 tanquam
3103 1442 3184 1515 in
3237 1444 3544 1535 subjec-

1999 1563 2083 1633 to
2115 1564 2372 1632 esset:
2424 1560 2635 1650 quia,
2683 1563 2768 1631 ut
2814 1564 3231 1631 ostensum
3272 1564 3394 1633 est
3466 1562 3545 1634 in

1996 1676 2160 1749 alia
2221 1676 2670 1768 quaestione
2703 1681 2749 1758 ⁶,
2823 1677 3191 1750 accidens
3252 1679 3872 1793 salte1ng3q·1⁷·n·

1998 1815 2143 1886 per
2184 1795 2552 1868 accidens
2595 1798 3080 1868 numeratur
3121 1795 3214 1865 ad
3274 1815 3544 1867 nume-
3612 1783 3625 1797 “

1999 1910 2402 1983 rationem
2483 1910 2849 2003 subjecti.
2930 1911 3252 1993 Dicunt,
3337 1913 3541 2003 quod

1994 2026 2145 2099 hoe
2181 2046 2339 2097 non
2370 2027 3080 2100 ‹lieitAristoteles
3124 2054 3136 2095 :
3188 2027 3320 2100 sed
3350 2027 3542 2101 dicit
3573 2029 3880 2093 [mmmm-

1995 2143 2109 2215 sic
2175 2144 2400 2215 cirea
2457 2143 2947 2236 principium
3007 2145 3097 2215 de
3150 2150 3538 2237 ternpore,

1996 2259 2125 2331 ubi
2163 2260 2304 2341 ait,
2353 2260 2560 2350 quod
2603 2264 2920 2351 tempus
2964 2280 3123 2330 non
3182 2263 3306 2334 est
3376 2281 3544 2332 mo-

1992 2379 2123 2448 tus
2172 2376 2411 2468 primi
2451 2377 2798 2449 mobilis.
2841 2376 3117 2448 Prima
3162 2376 3377 2450 ratio
3428 2380 3543 2450 ta-

1995 2491 2095 2564 lis
2128 2496 2278 2573 est,
2314 2516 2472 2581 pars
2501 2496 2935 2561 revolutionis
2964 2515 3099 2559 non
3130 2507 3223 2561 ese
3253 2518 3347 2576 re,
3385 2498 3536 2566 ete.

1995 2609 2442 2682 Secundam
2485 2608 2578 2679 ad
2650 2608 2719 2680 id
2766 2611 3073 2699 ponunt
3138 2608 3283 2681 sub
3359 2609 3540 2682 istis

1994 2725 2346 2815 intelligi
2399 2725 2750 2816 amplius
2806 2751 2819 2793 :
2883 2728 2963 2792 Si
3032 2726 3262 2814 plures
3324 2741 3536 2794 essene

1992 2847 2161 2923 cwli,
2206 2847 2525 2911 similiter
2554 2857 2714 2910 esset
2756 2856 3009 2931 tempus
3046 2845 3393 2931 cujaewlibee
3443 2847 3541 2932 ip-

1989 2983 2213 3029 sorum
2255 2974 2485 3039 υιοιιιε,
2560 2981 2766 3046 quare
2805 2960 3017 3026 multa
3063 2962 3266 3027 simul
3296 2971 3538 3047 tempo-

1989 3102 2092 3144 ra.
2176 3074 2472 3147 Dicunt
2542 3073 2677 3145 isti
2748 3074 2955 3163 quod
3031 3072 3192 3147 ista
3261 3074 3541 3149 littera

1991 3212 2148 3263 non
2206 3190 2423 3272 dicit,
2463 3190 2653 3281 quia.
2688 3190 2755 3261 si
2791 3193 3065 3264 essent
3099 3191 3251 3262 ‹luo
3298 3192 3540 3265 mobi-

1994 3309 2101 3379 lia
2149 3328 2375 3398 aoque
2411 3307 2703 3399 prima,
2749 3305 3005 3378 adhuc
3065 3310 3282 3379 esset
3345 3311 3542 3379 tem-

1994 3448 2139 3518 pus
2211 3443 2482 3495 unum.
2548 3424 2718 3495 Imo
2791 3422 3283 3496 Aristoteles
3344 3423 3538 3496 dicit

1989 3537 2528 3619 eontrarium,
2600 3537 3017 3610 intendens
3102 3536 3372 3610 facere
3433 3541 3545 3608 ta·

1992 3656 2146 3727 lem
2178 3656 2583 3728 rationem
2607 3680 2620 3735 ;
2643 3655 2707 3726 si
2736 3654 3008 3746 plures
3030 3659 3303 3727 essent
3329 3655 3539 3736 coeli,

1992 3773 2266 3865 plures
2325 3775 2594 3843 essent
2669 3771 3223 3843 revolutiones
3267 3771 3537 3852 simul,

1990 3888 2121 3959 scd
2156 3907 2313 3958 non
2350 3892 2686 3979 possunt
2719 3907 2896 3960 esse
2960 3887 3194 3980 plura
3235 3890 3539 3978 tempo-

1991 4024 2085 4076 ra
2172 4004 2470 4075 simul:
2546 4021 2746 4094 ergo
2805 4006 3125 4096 tempus
3193 4023 3356 4075 non
3411 4005 3539 4078 est

1993 4122 2428 4195 revolutio.

2081 4240 2224 4312 Sed
2284 4259 2428 4312 nee
2493 4239 2650 4311 ista
2721 4237 3145 4330 responsio
3212 4236 3534 4310 videtur
3676 4257 3807 4332 15..

1991 4355 2517 4427 satisfacere:
2558 4353 2746 4446 quia
2803 4354 2988 4426 (lato
3051 4353 3258 4445 quod
3316 4323 3855 4448 Aris-Ne‘}⁶‡'0‘¹2·{²,⁸‘

1989 4473 2284 4545 toteles
2329 4471 2478 4544 hoc
2524 4491 2682 4542 non
2715 4471 2951 4550 (licat,
3001 4470 3533 4544 nihilominus

1993 4609 2139 4659 nos
2171 4586 2537 4667 dicimus,
2587 4588 2791 4678 quod
2834 4589 3047 4660 Deus
3101 4592 3369 4681 potest
3428 4588 3538 4660 fa-

1991 4724 2174 4775 cere
2234 4702 2488 4774 alium
2528 4703 2935 4785 mundum,
2973 4709 3053 4778 et
3096 4705 3312 4778 aliud
3389 4707 3545 4798 pri-

1996 4840 2212 4891 mum
2258 4819 2549 4891 mobile
2592 4824 2833 4892 extra
2886 4821 3123 4895 istud.
3190 4824 3355 4895 Nec
3427 4827 3541 4897 ta·

1995 4955 2176 5008 men
2208 4934 2526 5007 videtur
2561 4934 2944 5025 possibile
2979 4958 3155 5010 esse
3187 4938 3362 5010 dari
3394 4939 3546 5010 duo

1992 5056 2370 5144 tempora.
2413 5051 2654 5122 simul
2701 5052 3030 5124 omnino
3074 5054 3402 5135 similia,
3444 5054 3542 5127 si-

1996 5175 2133 5241 cut
2214 5174 2488 5240 essent
2552 5169 2821 5241 mundi
2866 5196 2878 5238 :
2955 5190 3140 5240 nam
3231 5176 3551 5264 tempus

1998 5286 2203 5377 quod
2289 5291 2805 5358 mensuraret
2880 5291 3191 5359 motum
3271 5288 3536 5369 unius,

1997 5402 2273 5472 eadem
2310 5400 2627 5473 ratione
2679 5406 3198 5474 mensuraret
3235 5406 3549 5477 motum

2001 5518 2370 5597 alterius,
2420 5517 2630 5590 sicut
2668 5538 2951 5598 canna,
2999 5519 3127 5590 vel
3169 5521 3356 5592 ulna
3424 5545 3550 5614 po-

2003 5638 2161 5706 test
2194 5656 2371 5705 csse
2403 5634 2831 5727 aequaliter
2864 5655 3248 5708 mensura
3291 5642 3550 5716 omnis
