4252 6393
381 2266 469 2317 Aa
495 2268 549 2318 ⁴.

377 2844 465 2894 Aa
491 2844 544 2897 ὖ.

373 5042 532 5096 Aac».

671 427 787 505 Μ

665 623 756 673 re
818 590 1434 695 putrefacientc.
1495 597 1743 673 Calor
1783 600 1997 671 enim
2074 620 2205 691 pu-

660 717 1131 799 trefaciens,
1181 716 1314 809 qui
1348 720 1472 788 cst
1501 715 1984 805 disgregans
2027 734 2206 807 par-

661 838 830 921 tem
867 832 1171 905 humidi
1234 833 1332 904 ab
1392 832 1579 912 alia,
1644 834 1723 905 et
1766 831 2205 903 secundum

659 952 1066 1025 diversam
1172 950 1529 1023 formam
1616 954 1803 1023 sunt
1883 948 2209 1020 diversa

659 1069 863 1144 talia
924 1069 1087 1149 alia
1157 1068 1401 1142 facta.
1490 1071 1589 1141 Et
1691 1064 2208 1139 consimilem

661 1205 994 1258 causam
1059 1184 1195 1258 dat
1240 1185 1729 1259 Aristoteles
1786 1187 1861 1253 in
1902 1186 2072 1252 libro
2129 1181 2211 1247 de

663 1303 1096 1383 animalibus,
1182 1322 1435 1393 quare
1497 1325 1596 1376 ex
1670 1324 1829 1374 uno
1901 1300 2208 1374 semine

664 1418 1051 1494 continuo
1150 1420 1389 1492 unius
1449 1421 1829 1493 animalis
1927 1421 2205 1513 plures

663 1536 904 1610 foetus
977 1542 1501 1627 generantur,
1538 1538 1662 1610 vel
1725 1539 2202 1611 educuntur.

666 1656 765 1727 Et
819 1653 1160 1727 intendit
1209 1654 1414 1744 quod
1462 1659 1587 1727 est
1629 1653 1929 1725 decisio
1975 1653 2205 1724 semi-

663 1769 789 1841 nis
825 1790 969 1861 per
1003 1773 1305 1862 partes,
1334 1774 1414 1843 et
1448 1768 1598 1851 hoc
1636 1790 1780 1862 per
1813 1769 2200 1849 calorem,

662 1890 742 1960 et
805 1886 875 1957 si
916 1891 1416 1960 concurrant
1486 1887 1566 1971 in
1615 1886 1889 1978 aliqua
1941 1890 2200 1978 parte,

661 2005 788 2076 vel
841 2023 1002 2075 non
1071 2005 1447 2078 totaliter
1497 2004 1967 2083 dividantur
2026 2024 2205 2096 par·

661 2125 810 2203 tes,
873 2126 1114 2195 erunt
1146 2122 1382 2195 foetus
1417 2121 1861 2214 conjuncti.

748 2239 863 2311 Ad
905 2243 1314 2330 quartum,
1361 2238 1535 2310 dico
1579 2240 1784 2330 quod
1824 2260 2072 2311 causa
2107 2239 2206 2309 si-

662 2355 1142 2430 militudinis
1188 2356 1265 2427 in
1310 2356 1577 2448 specie
1620 2360 1744 2428 est
1779 2354 2205 2439 uniformi-

662 2477 815 2555 taS,
858 2473 984 2545 vel
1045 2472 1492 2545 similitudo
1536 2473 1841 2546 caloris
1887 2472 2199 2565 ubique,

658 2593 741 2663 et
785 2588 1231 2663 similitudo
1271 2589 1943 2682 proportionum;
2004 2608 2203 2677 ergo

657 2726 756 2777 ex
792 2706 1148 2798 qualibet
1182 2711 1416 2798 parte
1448 2704 1698 2776 simili
1741 2702 1982 2779 sacta.

748 2825 860 2901 Ad
909 2817 1306 2917 quintum,
1356 2823 1658 2897 dicitur
1710 2822 1917 2913 quod
1958 2840 2205 2895 causa

651 2943 784 3013 est
811 2939 1134 3012 diversa
1183 2940 1611 3033 dispositio
1666 2938 2063 3029 materiae,
2124 2940 2204 3009 et

655 3058 1140 3150 complexio,
1175 3062 1254 3131 et
1278 3056 1711 3130 diversitas
1749 3056 2203 3148 primarum

661 3172 1177 3265 qualitatum,
1228 3173 1426 3246 unde
1463 3174 1540 3246 in
1575 3173 1739 3246 alia
1771 3176 2008 3266 parte
2044 3191 2202 3254 ma-

661 3292 872 3364 teria
912 3296 1036 3365 est
1084 3291 1345 3382 magis
1379 3291 1853 3372 commixta,
1894 3311 2031 3361 seu
2075 3309 2200 3366 ca-

640 3407 840 3489 lida,
874 3413 956 3482 et
1017 3409 1258 3488 sicca,
1319 3412 1659 3500 propter
1700 3406 2048 3479 calidum
2085 3427 2202 3477 re-

657 3544 853 3615 gens
890 3525 968 3597 in
1004 3525 1363 3616 longum,
1394 3529 1473 3597 et
1509 3525 1816 3597 siccum
1851 3523 2196 3603 transit;

654 3647 746 3719 fit
806 3643 1066 3733 igitur
1137 3641 1600 3732 oblongum,
1678 3645 1757 3714 et
1819 3639 2195 3719 calidum,

656 3760 991 3854 gracile.
1031 3762 1130 3832 Et
1177 3779 1274 3830 cx
1329 3758 1679 3831 materia
1731 3757 2201 3828 flammante

658 3879 980 3970 frigida,
1044 3881 1124 3950 et
1194 3876 1522 3947 humida
1585 3877 1928 3967 propter
1973 3872 2199 3960 frigi-

654 3999 842 4069 dum
894 3994 1422 4075 condensans,
1476 3995 1557 4063 et
1617 3989 2032 4061 humidum
2094 3987 2201 4059 di-

655 4123 949 4200 la.tanS‚
990 4122 1437 4208 generatur
1474 4115 1716 4187 breve
1746 4114 2074 4194 animal,
2120 4115 2200 4184 et

654 4248 938 4319 latum.
987 4246 1085 4316 tet
1135 4263 1233 4313 ex
1279 4241 1630 4315 materia
1682 4238 2199 4312 melancholi-

655 4394 749 4445 ca
818 4374 1157 4463 propter
1218 4368 1602 4458 frigidum
1665 4367 2192 4447 condensam,

655 4501 734 4569 et
771 4496 1076 4567 siccum
1121 4491 1694 4582 constringens
1745 4491 1836 4563 fit
1894 4489 2198 4561 animal

656 4619 896 4691 breve
946 4624 1025 4691 et
1069 4617 1404 4708 graeile,
1460 4620 1539 4688 et
1583 4614 1697 4686 sic
1762 4616 2197 4686 secundum

655 4744 1150 4834 exigentiam
1226 4740 1619 4822 materiae,
1672 4745 1752 4813 et
1798 4739 2193 4818 locorum,

653 4876 733 4944 et
778 4868 1388 4942 influentiarum
1423 4866 1850 4958 figurandi.

744 4996 857 5067 Ad
916 4999 1264 5077 sextum,
1316 5016 1520 5082 quare
1568 4994 1861 5070 volatile,
1898 4989 2200 5060 dicitur

656 5120 862 5212 quod
906 5119 1102 5200 idco,
1137 5118 1323 5210 quia
1356 5115 1819 5208 hujusmodi
1865 5110 2199 5185 humidi·

643 5250 784 5320 ⁴tas
816 5249 940 5318 est
973 5244 1293 5316 subtilis
1325 5242 1577 5321 valde,
1615 5246 1695 5315 et
1732 5240 2048 5312 ratione
2083 5239 2199 5310 sic

655 5375 779 5443 est
822 5369 1235 5441 humidum
1287 5367 1675 5439 seminale
1730 5364 1807 5435 in
1851 5363 2199 5436 volatili-

659 5496 848 5574 bus;
891 5493 1149 5584 igitur
1197 5493 1464 5565 simile
1528 5491 1648 5562 illi
1697 5494 1784 5562 lit
1846 5488 2196 5580 aliquod,

663 5625 858 5712 puta
899 5618 1261 5699 volatile,
1311 5619 1440 5689 sed
1475 5616 1984 5689 evolantibus
2038 5615 2200 5686 illis

2298 602 2692 675 ‘remanet
2767 602 3118 674 materia
3187 602 3585 692 grossior,

2325 718 2615 789 inerat.

1827 430 1969 500 Lm.
2022 441 2116 501 iv.
2168 420 2708 504 Mss'l'ssonoltljtl

3686 614 3861 693 quae

2411 835 2557 906 Sed
2595 834 2937 906 ulterius
2971 839 3158 907 sunt
3193 834 3356 906 alia
3387 832 3859 914 accidentia,

2324 953 2522 1023 unde
2595 951 2851 1043 igitur
2906 951 3291 1025 continue
3351 951 3645 1023 accidit
3701 969 3863 1020 mu-

2323 1069 2528 1141 tatio
2616 1069 2988 1141 calorum
3070 1066 3860 1161 putrefactibilium?

2322 1206 2508 1257 nam
2571 1186 2823 1279 aliqui
2891 1186 3261 1257 homines
3318 1186 3484 1258 vivi
3555 1184 3863 1257 coloris

2320 1304 2766 1379 existentes
2864 1303 3311 1386 rubicundi,
3405 1307 3486 1377 et
3583 1301 3859 1395 opimi,

2322 1421 2540 1493 facta
2593 1419 3191 1512 putrefactione
3252 1420 3604 1512 pessime
3649 1418 3862 1491 colo-

2324 1541 2639 1609 rantur.
2688 1541 2953 1610 Causa
2992 1541 3142 1617 est,
3191 1537 3379 1627 quia
3419 1536 3862 1609 humiditas

2319 1654 2687 1727 accidens
2731 1656 2822 1725 ad
2866 1654 3312 1735 exteriora,
3352 1653 3561 1724 male
3601 1653 3863 1744 dispo-

2319 1773 2545 1845 nitur
2613 1792 2754 1863 per
2826 1771 3215 1853 calorem,
3306 1776 3385 1844 et
3474 1769 3866 1841 humores

2319 1889 2671 1962 colorati
2750 1887 3223 1981 quandoque
3283 1886 3726 1977 nigredine,
3795 1885 3862 1957 si

2320 2006 2425 2079 sit
2458 2006 2700 2079 nimis
2744 2006 3009 2088 fortiS,
3041 2004 3512 2096 quandoque
3548 2003 3864 2093 glauce·

2317 2123 2521 2202 dine,
2560 2122 2625 2193 si
2669 2143 2826 2194 non
2889 2122 2997 2196 sit
3038 2120 3411 2196 caliditas
3462 2124 3719 2200 tanta,
3785 2124 3866 2194 et

2318 2239 2434 2310 sic
2468 2238 2558 2309 de
2591 2239 2799 2310 aliis.

2408 2358 2508 2428 Et
2542 2355 2708 2428 haec
2740 2356 3177 2430 diversitas
3213 2356 3474 2445 magis
3513 2358 3864 2447 apparet

2319 2473 2399 2543 in
2470 2472 2955 2554 hominibus,
3022 2477 3102 2546 et
3173 2471 3657 2544 animalibus
3726 2470 3866 2541 ha-

2319 2588 2686 2662 bentibus
2779 2592 3074 2669 cutem,
3156 2610 3316 2660 non
3412 2586 3858 2665 crinosam,

2320 2706 2506 2796 quia
2547 2705 2816 2776 crines
2859 2725 3283 2797 equorum,
3320 2705 3445 2776 vel
3496 2708 3863 2777 mortuo-

2324 2844 2502 2894 rum
2539 2843 2682 2915 per
2734 2822 3422 2914 putrefactionem
3464 2843 3624 2893 non
3682 2842 3862 2914 pos-

2319 2946 2505 3014 sunt
2573 2940 2934 3013 colorari
3010 2940 3388 3021 faciliter,
3454 2938 3645 3031 quia
3714 2960 3862 3011 nec

2316 3058 2752 3132 humiditas
2776 3058 2997 3131 venit
3030 3059 3123 3131 ad
3154 3059 3371 3153 ipsos
3396 3060 3689 3140 crines,
3716 3078 3865 3131 nec

2316 3176 2717 3251 caliditas.
2769 3177 2948 3249 Ideo
2983 3177 3274 3250 accidit
3308 3175 3548 3251 foetor
3590 3180 3863 3270 putre·

2316 3295 2727 3368 sactorum
2796 3294 2964 3365 sere
3028 3294 3415 3374 omnium,
3493 3293 3862 3386 exceptis

2316 3412 2623 3505 paucis,
2689 3430 2990 3491 musca,
3064 3413 3143 3482 et
3207 3409 3641 3492 ulceribuS,
3728 3411 3863 3482 cui

2313 3527 2717 3615 contingit
2749 3527 2828 3599 in
2866 3526 3463 3620 putrefactione
3500 3526 3859 3599 redolen-

2317 3645 2430 3717 tia
2503 3644 3029 3726 delectabiliS,
3103 3649 3182 3717 et
3250 3645 3340 3716 de
3412 3645 3652 3724 rosis,
3728 3643 3857 3715 vel

2314 3760 2673 3842 floribuS,
2737 3761 2863 3831 vel
2904 3762 2994 3833 de
3047 3759 3465 3853 speciebus
3509 3758 3858 3852 Apothe-

2314 3895 2621 3948 carum.
2686 3875 2904 3946 Unde
2947 3895 3196 3947 causa
3247 3875 3513 3967 primo
3582 3879 3706 3948 est
3764 3873 3858 3945 dc

2314 3992 2827 4063 animalibus.

2404 4110 2495 4179 In
2547 4107 3009 4200 hujusmodi
3063 4107 3548 4199 putrefactis
3600 4127 3856 4199 quare

4008 4106 4081 4158 31.

3901 4179 4155 4240 Patr-esae-
4188 4211 4189 4222 ,

2315 4223 2589 4296 olent?
2651 4223 2839 4314 quia
2880 4222 3253 4296 caliditas
3300 4223 3853 4314 putrefaciens
3883 4248 3936 4289 ra
3976 4247 4189 4291 amma-2

3881 4303 3955 4351 le'o
3977 4319 4071 4354 cm·
4082 4309 4168 4367 [ω.
4188 4301 4189 4346 ζ

2311 4343 2597 4413 causat
2696 4339 3123 4431 quamdam
3223 4340 3849 4432 proportionem
3903 4368 4189 4434 mathomi„

2308 4478 2492 4528 cum
2574 4455 2757 4527 aliis
2837 4455 3370 4547 qualitatibus
3438 4457 3852 4529 disconve-

2310 4573 2691 4651 nientem,
2747 4571 3252 4652 dissimilem,
3325 4577 3405 4645 et
3479 4572 3854 4646 odibilem

2310 4693 2627 4761 naturae
2691 4686 3107 4767 liumanae;
3183 4687 3353 4758 ideo
3417 4689 3615 4760 fumi
3680 4689 3856 4761 inde

2315 4804 2883 4897 provenientes
2964 4804 3183 4876 olent
3264 4804 3340 4875 in
3411 4810 3853 4898 conspectu

2312 4920 2757 5002 hominum,
2830 4920 2959 4991 sed
3022 4921 3295 4992 nescio
3365 4921 3433 4993 si
3497 4922 3574 4993 in
3630 4918 3856 4994 cons-

2315 5041 2547 5129 pectu
2585 5035 2941 5107 aliorum
2994 5035 3471 5108 animalium
3521 5036 3852 5116 faciant,

2315 5153 2502 5245 quia
2543 5152 2938 5232 vultures,
3010 5157 3090 5226 et
3142 5154 3436 5244 aquila}
3507 5153 3855 5227 satis-de

2316 5269 2738 5341 foetoribus
2798 5268 3286 5340 cadaverum
3349 5270 3725 5360 gaudent,
3771 5273 3853 5341 et

2312 5384 2647 5456 veniunt
2698 5384 2788 5454 de
2861 5383 3201 5456 remotis
3259 5385 3350 5455 ad
3422 5384 3856 5477 coquinam

2313 5501 2629 5571 demum
2700 5501 2975 5573 calore
3050 5499 3635 5573 calefacientis.
3713 5499 3856 5572 Sed

2318 5616 2394 5687 in
2468 5616 2676 5697 aliis,
2753 5617 2941 5707 quia,
3016 5621 3204 5690 sunt
3274 5616 3854 5709 proportiones

3937 4436 4100 4485 nibus.
