4252 6393
1871 408 2123 469 CAPUT
2189 409 2283 468 lV.

475 573 864 644 Aristotelis
902 570 1062 634 satis
1092 569 1441 635 evidenter
1484 569 1776 632 ostendit
1817 568 2026 632 infini-

145 714 406 764 Acerroes
477 686 674 744 tatem
732 680 976 759 vigoris
1029 679 1198 758 ejuS.
1254 676 1443 753 Quod
1495 680 1817 741 Averroes
1862 676 2034 740 dicat

121 776 446 888 ’ἑῗζξεξῑξξζυ
476 805 592 867 pro
625 787 732 850 vel
767 791 1021 860 contra,
1068 801 1304 863 parum
1333 783 1561 858 refert,
1619 787 1766 863 quia
1806 801 1888 845 ex
1933 785 2028 845 in·

478 894 778 959 tentione
812 894 1175 955 conabatur
1205 892 1426 953 omnia
1455 889 1894 954 fundamenta
1937 891 2031 953 le-

477 1004 577 1084 gis
632 1001 870 1066 divinae
932 1005 1261 1062 evertere.
1329 1002 1524 1061 Utere
1587 1015 1747 1078 ergo
1805 999 2033 1077 regula

478 1110 731 1173 Scotica
762 1112 820 1171 7.
858 1114 1076 1186 quaesl.
1130 1107 1513 1179 Quodlz‘beli,
1559 1107 1833 1184 ubique,
1867 1107 2033 1167 circa

480 1219 653 1281 dicta
685 1217 1053 1280 Aristotelis
1085 1220 1150 1277 et
1179 1217 1509 1276 Averrois.
1541 1214 1686 1275 'l'ria
1720 1231 1880 1292 ergo
1914 1215 2037 1290 pri·

483 1343 589 1390 ma
619 1325 838 1387 media
871 1324 1249 1403 procedunt
1293 1323 1377 1384 de
1421 1322 1784 1400 inlelliqere
1829 1323 2037 1400 primi,

484 1441 550 1497 et
584 1432 1072 1497 conditionibus
1105 1431 1273 1511 ejuS,
1310 1436 1376 1490 ct
1407 1430 1493 1492 de
1525 1429 1863 1492 intellectu
1894 1447 2038 1501 suo,

486 1549 685 1622 atque
717 1541 982 1622 objecto
1017 1540 1187 1620 ejus.
1223 1540 1506 1600 Primum
1549 1539 1837 1600 medium
1883 1554 2042 1599 exa-

489 1650 769 1714 minabis
821 1648 1023 1724 bene,
1087 1652 1153 1710 et
1215 1647 1475 1726 inquire
1534 1650 1597 1710 in
1656 1643 2040 1728 quodlibeto

492 1765 711 1837 quaesl.
757 1761 818 1818 5.
867 1755 951 1817 ad
983 1755 1396 1835 propositum
1427 1755 1699 1832 optime.

237 1891 328 1944 53.
576 1863 711 1929 Sed
757 1868 981 1943 posset
1025 1863 1222 1944 objici
1269 1867 1494 1923 contra
1538 1862 1687 1937 hoc,
1731 1861 1908 1941 quod
1942 1867 2043 1925 in-

132 1970 472 2083 gramm·
496 1973 623 2037 fert
652 1974 775 2045 ibi;
817 1971 1127 2035 videlicet
1176 1988 1257 2032 ex
1306 1969 1623 2032 infinitate
1673 1969 2040 2049 intelligibi-

126 2098 473 2161 infinitorum
500 2083 681 2155 lium,
741 2081 1121 2144 intinitatem
1175 2080 1553 2142 intellectus
1596 2079 1790 2140 simul
1848 2079 2043 2141 etiam

181 2174 405 2272 ‘32⁸ssssssss
497 2191 713 2251 omnia
762 2188 1214 2267 intelligentie,
1268 2204 1351 2249 ex
1397 2188 1520 2260 hiS‚
1566 2203 1705 2265 quae
1735 2187 1937 2246 habet
1978 2187 2046 2246 in

165 2299 272 2333 ”⁰¹²
301 2291 382 2333 ω*
496 2300 552 2359 3.
601 2300 745 2360 disc.
801 2297 894 2359 14.
942 2295 1023 2357 de
1063 2294 1511 2356 intellectione
1551 2294 1789 2355 animae
1838 2293 2044 2353 Chris·

156 2350 430 2413 ‘'mmm‘'
496 2408 562 2468 ti.
612 2404 744 2468 sed
789 2404 877 2468 ibi
916 2405 1073 2466 satis
1123 2407 1296 2466 bene
1346 2404 1620 2468 solvitur
1641 2404 1772 2464 haec
1801 2402 2044 2462 instan-

493 2515 572 2574 tia
611 2533 625 2586 ;
714 2513 1004 2590 loquitur
1062 2511 1239 2572 enim
1285 2510 1389 2571 hic
1454 2510 1538 2572 de
1585 2509 1922 2571 intellectu
1965 2525 2045 2569 ex

490 2635 587 2688 sc,
630 2624 695 2679 et
735 2617 1148 2695 perfectione
1200 2616 1582 2688 intrinseca,
1637 2619 1909 2691 potente
1955 2615 2046 2674 in·

495 2727 793 2804 telligere
884 2723 1131 2786 infinita
1213 2723 1407 2784 unico
1482 2731 1668 2795 actu,
1767 2738 2043 2800 quorum

491 2830 835 2910 quodlibet
889 2831 1166 2909 requirit
1225 2830 1726 2892 determinatam
1786 2828 2046 2908 persec-

494 2942 535 3003 ti
561 2956 744 3001 ›nem
818 2941 882 3000 in
958 2939 1413 3001 intellectione
1491 2943 1557 2998 et
1630 2938 2045 3015 intelligente

491 3052 617 3112 sui.
654 3048 767 3110 Ubi
799 3046 1097 3126 pondera
1129 3046 1301 3107 illam
1334 3045 1639 3124 regulam
1671 3045 1989 3105 Scoticam
2026 3062 2040 3103 :

493 3158 761 3230 Quando
791 3156 1030 3218 scilicet
1067 3153 1429 3231 pluralitas
1473 3153 1798 3216 concludit
1830 3154 2042 3229 majo·

493 3276 630 3326 rem
666 3263 1155 3340 perfectionem,
1199 3266 1325 3323 etc.
1361 3277 1559 3339 quam
1604 3261 1669 3321 in
1714 3260 2046 3338 plerisque

489 3370 652 3433 locis
684 3367 974 3429 adducit.
1011 3364 1173 3429 Vide
1206 3368 1268 3426 in
1305 3368 1361 3427 ’2.
1399 3368 1545 3427 dist.
1579 3367 1639 3426 3.
1687 3370 1910 3441 quaest.
1953 3366 2043 3425 10.

493 3485 548 3538 et
594 3480 659 3538 in
701 3477 760 3537 3.
809 3477 924 3536 ubi
963 3491 1195 3551 supra,
1242 3478 1311 3535 et
1356 3490 1550 3552 quam
1600 3490 1733 3535 non
1781 3477 2050 3534 veretur

495 3586 773 3662 loquens
804 3582 906 3645 liic
940 3598 1212 3653 negare,
1250 3596 1399 3660 quoe
1437 3587 1656 3642 tamen
1704 3597 1786 3641 ex
1832 3580 2047 3641 termi-

176 3704 338 3751 Force
363 3704 422 3751 an
497 3693 597 3754 nis
627 3690 888 3753 videtur
917 3690 1433 3752 evidentissima.
1470 3689 1665 3750 Addit
1697 3688 1862 3750 duas
1893 3705 2043 3750 eva·

184 3766 406 3890 ,Ῑξῖἵῇξὲζ
497 3802 720 3862 siones
753 3802 1174 3876 apparentes,
1212 3802 1279 3859 et
1307 3798 1674 3876 impugnat.
1703 3799 2048 3875 lmpugna-

164 3890 421 4013 wfss‘}f}2-
502 3910 680 3969 tione
711 3909 772 3968 2.
808 3904 1078 3967 adverte
1121 3921 1270 3967 cum
1311 3905 1487 3977 dicit,
1527 3906 1688 3964 sicul
1732 3906 1800 3964 in
1846 3921 2051 3979 quaes-

138 4028 330 4124 1322&
347 4015 668 4127 ¹jsraleclione
710 4016 787 4075 de
831 4013 1339 4074 individualione
1368 4014 1612 4073 oslendi
1653 4026 1672 4083 ς
1723 4011 1874 4088 quia
1908 4027 2051 4087 pos-

131 4148 208 4187 ese
230 4140 473 4189 additio.
501 4127 604 4181 set
643 4118 799 4197 poni
844 4118 1114 4193 additi0,
1154 4119 1259 4180 vel
1303 4116 1549 4197 aliquid
1594 4118 1826 4179 litterae
1874 4116 2056 4189 addi,

503 4230 578 4289 ut
622 4228 954 4289 salventur
1002 4229 1307 4305 superius
1358 4224 1554 4286 dicta.
1610 4224 1772 4286 Vide
1834 4230 2053 4287 tamen

502 4340 563 4398 7.
602 4336 1052 4415 Metaphysica‚
1088 4339 1304 4412 quaesl.
1347 4335 1437 4395 13.
1489 4339 1546 4395 el
1589 4333 1648 4396 3.
1682 4334 1826 4397 dist.
1873 4336 1934 4395 2.
1969 4331 2052 4392 ad

133 4489 206 4536 De
237 4490 454 4539 mmm.-
502 4445 928 4520 propositum.
965 4444 1114 4503 llaec
1146 4442 1417 4503 varietas
1447 4438 1914 4520 allegationum
1943 4457 2050 4515 pa·

175 4551 440 4626 dgcatione
498 4551 576 4610 rit
609 4565 741 4612 non
772 4549 1098 4611 modicam
1130 4549 1656 4627 perplexitatem,
1702 4545 1821 4608 sed
1854 4562 2050 4623 supra

132 4615 394 4738 αρ’ἑὲἓῖἶ
415 4614 463 4665 3.
496 4660 666 4718 circa
718 4657 841 4719 hoc
893 4660 1185 4735 copiose,
1242 4656 1421 4735 quod
1469 4654 1624 4717 mihi
1673 4653 2045 4726 videbatur,

135 4741 464 4852 Ψξῖιξῗπω
495 4765 647 4827 dixi.
684 4768 871 4827 Forte
908 4766 1081 4825 enim
1125 4780 1424 4825 seorsum
1469 4765 1694 4840 plures
1739 4764 2041 4841 quaestio-

170 4863 430 4975 fffgffplss
491 4888 609 4934 nes
641 4874 852 4950 primo
887 4871 1265 4948 disputavit,
1312 4886 1477 4947 quas
1523 4869 1941 4946 postmodum
1976 4871 2038 4929 in

133 4939 165 4986 q
314 4963 330 4979 ⁶
440 4963 454 4977 ⁹
486 4997 693 5041 unum
719 4981 1005 5061 collegit.
1043 4981 1426 5042 Secundum
1468 4979 1760 5040 medium
1803 4995 2045 5056 proce-

487 5087 579 5148 dit
635 5104 715 5147 ex
765 5086 1086 5148 infinitate
1138 5084 1686 5164 intelligibilitatis
1729 5087 2042 5145 essentiae

480 5194 693 5271 primi,
766 5194 951 5273 quod
1024 5194 1446 5256 fortissimum
1514 5198 1637 5260 est.
1710 5191 2034 5271 quidquid

482 5300 655 5362 dicat
685 5299 1103 5364 adversarius
1151 5321 1162 5371 ;
1212 5306 1276 5363 et
1315 5303 1513 5361 instat
1554 5300 1912 5378 tripliciter,
1970 5305 2036 5359 ct

479 5408 800 5471 solvendo
834 5409 1110 5485 primam
1142 5407 1542 5479 instantiam,
1580 5404 1876 5483 pondera
1911 5422 2027 5477 op·

484 5515 663 5589 time,
698 5532 848 5594 quae
879 5514 1053 5589 dicit,
1086 5515 1238 5594 quia
1283 5514 1633 5599 singularis
1665 5513 1932 5589 soluti0,
1969 5516 2033 5571 et

3554 409 3675 474 795

2157 571 2405 651 ubique
2437 573 2834 635 necessaria.
2878 572 3039 635 Vide
3070 575 3136 634 in
3176 573 3432 650 proloq.
3467 579 3522 635 el
3553 573 3695 634 dise.

2146 682 2203 741 3.
2244 681 2443 756 prim.
2488 687 2552 743 et
2594 680 2745 742 alibi
2785 696 2967 758 saepe
3009 679 3092 742 ad
3136 681 3568 759 propositum.
3604 680 3695 742 lbi

2150 787 2344 847 etiam
2376 786 2670 855 adverte,
2706 805 2857 849 cum
2891 786 3067 859 dicit,
3101 790 3177 849 de
3200 805 3328 864 qua
3354 785 3693 848 alibimul-

2147 900 2279 954 lam
2328 897 2494 968 dixi,
2541 893 2699 957 illud
2746 895 2928 965 alibi,
2974 912 3190 975 quaere
3230 911 3433 973 super
3460 895 3573 957 lib.
3608 895 3692 957 de

2147 1004 2402 1073 Anima,
2437 1009 2503 1062 et
2532 1007 2758 1080 posset
2804 1004 2957 1081 poni
2989 1001 3259 1074 additio,
3311 1003 3415 1064 vel
3458 1007 3689 1065 Eaelra.

2152 1109 2365 1170 llabes
2406 1117 2621 1171 tamen
2664 1109 2824 1171 illud
2862 1113 2925 1173 in
2966 1114 3024 1172 2.
3071 1113 3214 1172 dist.
3257 1112 3314 1173 3.
3363 1116 3577 1186 quaese.
3631 1111 3691 1172 9.

2151 1220 2216 1278 in
2269 1219 2590 1293 principio
2644 1217 3003 1288 solutionis,
3063 1223 3120 1278 e!
3169 1220 3237 1278 in
3280 1219 3337 1278 3.
3391 1218 3535 1278 disl.
3598 1217 3693 1279 14.

2153 1332 2370 1399 quaesl.
2407 1328 2464 1388 3.
2500 1331 2554 1385 el
2590 1327 2651 1385 in
2683 1326 2743 1385 4.
2776 1328 2919 1387 disc.
2959 1326 3053 1387 10.
3089 1333 3214 1388 arl.
3265 1328 3325 1387 3.
3373 1330 3592 1401 quaesl.
3636 1327 3695 1387 2.

2155 1438 2209 1491 el
2240 1433 2305 1492 in
2348 1432 2740 1508 Quodlibeto,
2784 1439 2999 1510 ouoesl.
3042 1432 3102 1493 6.
3141 1440 3264 1493 arl.
3308 1434 3358 1493 l.
3390 1437 3448 1493 el
3479 1440 3696 1509 quaesl.

2161 1541 2252 1600 13.
2286 1546 2341 1601 el
2376 1541 2439 1600 in
2464 1541 2521 1601 7.
2559 1541 3014 1616 illelaphysieae,
3049 1545 3121 1601 ut
3151 1542 3344 1602 nosti.
3380 1540 3468 1602 lbi
3494 1540 3697 1620 assig-

2156 1652 2345 1707 natur
2400 1647 2695 1726 quaedam
2753 1646 3034 1716 additio,
3090 1664 3230 1726 quae
3287 1647 3379 1708 sic
3444 1647 3694 1726 inpril.

2161 1761 2398 1817 Contra
2427 1757 2852 1832 :phantasma
2880 1760 3100 1828 polest.
3131 1761 3254 1817 etc.
3289 1772 3502 1834 usque
3548 1755 3633 1816 ibi
3683 1776 3696 1816 ε

2161 1865 2239 1924 Si
2264 1865 2465 1940 iqilw·
2492 1865 2983 1927 intellec-lienem
3013 1865 3398 1937 inluilivam,
3436 1867 3561 1924 etc.
3588 1881 3701 1942 po-

2158 1971 2335 2032 nitur
2377 1973 2441 2031 in
2487 1973 2814 2050 aliquibus
2858 1972 3281 2051 originalibus
3325 1971 3703 2033 immediate

2160 2085 2310 2139 ante
2358 2078 2754 2139 solutionem
2804 2079 3118 2140 secunda}
3168 2079 3498 2140 instantiae
3546 2079 3634 2142 ibi
3684 2097 3698 2138 :

2158 2188 2253 2248 Ad
2279 2189 2651 2258 seeundum,
2683 2187 2827 2248 licet
2858 2206 3060 2249 cansa
3086 2189 3294 2264 prior,
3328 2193 3456 2250 etc,
3490 2189 3564 2249 Et
3592 2204 3702 2249 se—

2162 2295 2383 2372 quitur
2411 2294 2529 2356 alia
2567 2294 2816 2356 additio
2851 2312 3044 2374 quam
3078 2296 3283 2358 habes
3322 2293 3512 2368 infra,
3558 2312 3702 2374 qum

2159 2402 2253 2463 sic
2295 2402 2522 2481 incipit
2564 2422 2577 2462 :
2630 2407 2867 2464 Tamen
2902 2410 3250 2480 neqarelur
3288 2403 3571 2478 infinitas
3604 2407 3697 2463 in·

2158 2512 2424 2582 lensioa,
2458 2515 2582 2572 etc.
2618 2527 2832 2588 usque
2865 2511 3040 2584 illuc,
3086 2514 3164 2570 Si
3198 2511 3530 2586 objicilur,
3563 2513 3702 2587 pri-

2161 2633 2341 2677 munt
2387 2622 2509 2675 iton
2551 2634 2737 2692 posse
2784 2633 2866 2675 ex
2894 2635 2981 2688 se,
3015 2621 3139 2678 etc.
3192 2622 3256 2677 et
3315 2617 3441 2679 alia
3501 2619 3700 2679 etiam

2162 2744 2353 2804 quam
2396 2727 2601 2787 babes
2642 2725 2830 2795 infra,
2887 2741 3035 2804 quae
3081 2727 3173 2787 sic
3225 2729 3471 2805 incipit,
3527 2732 3705 2800 Item,

2162 2840 2471 2911 quantum
2502 2840 2590 2894 esl
2620 2833 2962 2906 divisibile,
2998 2838 3125 2894 etc.
3159 2850 3370 2911 usque
3402 2832 3529 2895 ibi:
3563 2837 3706 2894 Ter·

2159 2945 2247 3002 lio
2277 2960 2361 3001 ιιι]
2388 2942 2508 3001 lzoc
2535 2941 2933 3014 excluditur,
2961 2946 3086 3002 etc,
3124 2941 3355 3002 Omnia
3386 2943 3449 3002 in
3483 2957 3705 3020 quam,

2160 3054 2496 3128 ponuntur
2542 3048 2734 3108 simut
2780 3048 2842 3108 in
2890 3048 3218 3125 aliquibus
3274 3047 3708 3126 originalibus

2158 3153 2537 3218 immediate
2580 3158 2732 3216 ante
2782 3154 3174 3216 solutionem
3227 3154 3535 3218 secundae
3578 3154 3707 3218 ins-

2163 3266 2396 3334 tantia),
2450 3267 2523 3323 ut
2568 3279 2823 3340 supra;
2914 3262 3034 3324 sed
3093 3264 3228 3325 sive
3283 3264 3501 3337 simul,
3567 3266 3704 3326 sive

2160 3386 2458 3433 seorsum
2489 3368 2693 3449 (quod
2730 3372 3231 3432 convenientius
3263 3371 3387 3449 est)
3417 3373 3704 3435 habean-

2163 3483 2287 3551 tur,
2348 3482 2419 3537 ut
2479 3477 2843 3553 posuimus,
2907 3494 3035 3538 non
3093 3483 3248 3539 sunt
3300 3478 3574 3539 multum
3622 3478 3705 3540 de

2160 3584 2556 3647 necessitate
2605 3583 2855 3654 littera),
2926 3584 3080 3645 satis
3147 3589 3366 3646 tamen
3429 3585 3708 3646 subtiles

2161 3694 2497 3753 sententiae
2574 3692 2789 3765 Quare
2832 3690 2936 3751 vel
2978 3690 3328 3759 addantur,
3378 3692 3479 3753 vel
3523 3692 3707 3753 omit—

2166 3803 2407 3872 tantur,
2449 3803 2521 3859 ut
2550 3797 2830 3860 voluerit
2863 3798 3089 3859 lector.
3134 3798 3427 3860 Pondera
3483 3816 3708 3861 conse·

2166 3912 2447 3986 quenter
2475 3908 2835 3967 solutiones
2863 3906 3196 3979 secunda),
3230 3911 3297 3968 et
3354 3910 3554 3969 tertias
3584 3907 3710 3966 ins-

2168 4018 2544 4085 tantiarum,
2604 4014 2756 4091 quia
2803 4014 2993 4075 valde
3053 4017 3420 4093 peregrinae
3488 4022 3552 4076 et
3599 4030 3709 4075 ne-

2167 4124 2493 4183 cessariae.
2567 4118 2861 4181 Profecto
2931 4119 3087 4181 dum
3157 4121 3289 4181 haic
3351 4121 3705 4195 scribebat,

2167 4232 2489 4291 calamum
2533 4230 2598 4289 in
2645 4234 2868 4290 mente
2919 4228 3234 4306 tingebat.
3291 4230 3525 4290 Littera
3574 4234 3707 4291 tota

2168 4341 2463 4399 correcta
2495 4340 2560 4397 et
2588 4333 3078 4415 irrefragabilis.

2244 4443 2531 4506 Tertium
2561 4442 2851 4505 medium
2885 4448 2986 4503 est
3017 4441 3206 4504 valde
3239 4443 3599 4521 singulare,
3642 4447 3710 4504 ct
3842 4439 3933 4491 5⁴·

2163 4553 2427 4624 subtile,
2482 4557 2548 4612 et
2593 4567 2726 4612 non
2776 4552 3038 4629 ponitur
3085 4552 3151 4611 in
3198 4554 3257 4612 2.
3311 4552 3453 4612 disc.
3504 4552 3704 4627 prim.

2161 4658 2279 4719 sed
2332 4664 2547 4736 potest
2596 4658 2834 4735 colligi,
2887 4658 2993 4720 vel
3048 4658 3279 4719 saltem
3342 4657 3710 4720 confirmari

2162 4782 2280 4844 per
2310 4783 2411 4837 ea,
2448 4783 2589 4845 quai
2619 4767 2821 4828 habet
2852 4768 2918 4826 in
2946 4768 3005 4829 8.
3050 4768 3196 4828 disl.
3238 4770 3440 4843 prim.
3488 4776 3702 4844 quaesl.

2157 4876 2211 4936 2.
2247 4879 2311 4934 et
2340 4878 2398 4934 3.
2444 4878 2510 4935 et
2550 4872 2850 4950 procedit
2894 4890 2976 4934 ex
3018 4874 3570 4937 substantialitate
3615 4874 3707 4935 in-

2158 4980 2547 5042 tellectionis
2579 4980 2792 5057 primi,
2828 4986 2892 5041 et
2921 4995 3040 5057 per
3059 4996 3479 5058 consequens
3502 4980 3703 5058 ipsius

2153 5087 2493 5159 infinitate,
2536 5088 2650 5149 ubi
2689 5095 2908 5149 tamen
2968 5092 3158 5148 caute
3236 5102 3497 5163 expone
3546 5088 3694 5148 sab·
3730 5145 4000 5200 Quomodo

2150 5199 2452 5257 scantiam
2483 5202 2537 5257 el
2570 5198 2881 5257 accidens.
2916 5198 2988 5256 Et
3018 5194 3287 5257 adverte
3318 5194 3402 5257 ad
3434 5196 3690 5275 singula
3749 5210 4029 5270 perfectio-

2150 5305 2371 5375 verba‚
2429 5308 2493 5364 et
2539 5305 2818 5382 qualiter
2860 5307 3016 5363 sunt
3059 5301 3362 5381 ejusdem
3420 5304 3687 5364 rationis
3715 5271 4037 5382 πξῇἧῖᾞζῗέῗ

2148 5407 2503 5469 intellectio
2547 5405 2725 5467 finita
2776 5410 2843 5466 et
2891 5402 3165 5478 infinita,
3198 5411 3265 5466 et
3308 5422 3437 5483 quo
3484 5406 3684 5467 modo
3720 5395 4056 5446 flamiam?

2147 5514 2588 5602 perfectiones
2619 5516 2931 5578 absoluta>
2959 5515 3024 5576 in
3057 5512 3313 5598 divinis,
3334 5522 3488 5577 sunt
3544 5517 3693 5581 sub·
