4252 6393
1759 404 2124 489 QUAEs'rlo
2175 406 2222 475 11
2402 468 2412 475 .
3448 408 3595 473 *237

396 573 704 662 frigore
752 571 1223 647 intrinseco.
1272 573 1418 645 Sed
1459 573 1942 646 antecedens

397 688 631 779 liujus
666 688 1273 781 consequentiae
1317 693 1566 781 patet,
1624 689 1811 781 quia
1861 689 1940 761 in

403 803 710 895 hyeme,
765 808 850 879 et
893 804 1360 895 regionibus
1397 804 1717 895 frigidis
1753 809 1941 879 sunt

404 921 778 994 meliores
807 920 1328 1012 digestiones,
1367 941 1606 1013 quam
1643 921 1720 992 in
1754 920 1941 993 cali-

405 1037 514 1110 dis
552 1037 781 1119 locis,
819 1042 902 1112 et
935 1038 1467 1131 temporibus,
1506 1041 1596 1111 ut
1625 1037 1940 1131 experi-

409 1173 602 1224 mur.

109 1265 396 1381 Soeffmm
493 1269 846 1342 Secundo
915 1269 1010 1342 ad
1062 1269 1539 1362 principale,
1593 1269 1939 1360 digestio

416 1383 495 1457 fit
546 1404 590 1455 a
644 1385 1062 1458 caliditate
1122 1385 1425 1466 aliena;
1484 1384 1740 1476 igitur
1779 1404 1940 1456 non

421 1500 796 1575 existente
840 1502 1182 1595 propria
1212 1501 1630 1575 caliditate
1667 1523 1763 1573 ex
1809 1522 1938 1593 op-

423 1618 684 1708 posito.
731 1620 1227 1692 Antecedens
1273 1618 1691 1711 probatur,
1752 1638 1938 1707 aug-

428 1735 861 1818 mentabile,
945 1736 1148 1827 quod
1218 1741 1340 1809 est
1382 1734 1939 1808 extrinsecum

431 1851 601 1935 cibo,
666 1873 825 1924 non
894 1874 940 1924 a
1008 1852 1425 1925 caliditate
1495 1852 1678 1932 cibi,
1751 1853 1937 1926 dato

435 1971 608 2059 quod
645 1969 746 2042 ibi
791 1970 898 2044 sit
939 1970 1165 2043 cibus
1219 1969 1565 2059 frigidus
1609 1969 1779 2041 sine
1812 1989 1937 2040 ca-

434 2084 727 2169 liditate,
812 2092 893 2161 et
980 2092 1210 2161 certa
1294 2086 1641 2175 digestio
1729 2085 1937 2158 fruc·

436 2205 651 2283 tuum,
687 2203 811 2276 vel
866 2202 1340 2284 maturatio,
1394 2203 1485 2276 fit
1537 2223 1583 2274 a
1633 2203 1933 2285 calore,

431 2317 546 2407 qui
583 2319 1088 2394 extrinsecus
1132 2320 1264 2401 sit,
1320 2319 1530 2392 sicut
1576 2323 1799 2411 patet
1847 2320 1939 2390 de

424 2433 745 2517 elixatis,
791 2441 873 2510 et
915 2436 1243 2518 assatiS,
1298 2458 1473 2528 quae
1518 2436 1788 2507 omnia
1832 2434 1937 2507 di-

425 2556 631 2639 gesta
679 2556 893 2633 sunt,
946 2557 1027 2625 et
1077 2551 1227 2624 hoc
1274 2551 1692 2625 caliditate
1751 2550 1938 2623 alie-

423 2687 535 2747 na,
575 2673 651 2742 et
681 2668 1172 2750 extrinseca,
1211 2688 1370 2740 non
1413 2669 1753 2761 propria
1785 2665 1936 2739 sui.

123 2788 372 2849 smin-
500 2786 789 2866 Tertio,
834 2786 1181 2877 digestio
1225 2787 1314 2860 fit
1354 2806 1400 2858 a
1441 2786 1715 2858 calore
1746 2783 1940 2859 arti-

422 2898 683 2982 ficiali;
745 2901 1004 2992 igitur
1060 2921 1219 2972 non
1273 2904 1398 2973 est
1451 2921 1498 2972 a
1546 2899 1934 2973 naturali.

423 3017 993 3109 Consequentia
1079 3020 1300 3090 tenet
1378 3015 1593 3091 sicut
1680 3014 1934 3107 prius,

422 3151 585 3205 cum
621 3154 717 3207 ex
761 3134 1137 3228 opposito
1181 3132 1740 3223 distinguitur.
1789 3134 1939 3206 An-

430 3250 763 3323 tecedens
799 3255 1022 3344 patet
1061 3252 1151 3323 de
1192 3248 1660 3330 elixatione,
1706 3254 1786 3322 et
1819 3270 1939 3321 as-

437 3365 736 3450 satione,
783 3387 959 3459 quae
1003 3386 1147 3459 per
1178 3365 1697 3439 artificialem
1730 3366 1939 3438 calo-

444 3495 587 3562 rem
630 3485 1162 3559 convertitur.
1211 3483 1613 3558 Similiter
1655 3482 1941 3557 medici

451 3598 595 3667 arte
624 3599 1024 3673 medicinae
1048 3600 1365 3692 juvant,
1403 3604 1483 3673 et
1519 3599 1940 3675 intendunt

462 3711 785 3800 calorem,
859 3739 1016 3809 quo
1085 3717 1174 3793 fit
1229 3716 1611 3808 digestim
1687 3717 1942 3808 igitur

465 3826 982 3908 artificialiter.

143 3936 414 4061 0243&
465 3971 468 3976 ·
525 3944 820 4034 Quarto,
864 3949 1212 4040 digestio
1253 3947 1343 4022 fit
1398 3969 1444 4020 a
1492 3949 1769 4022 calore
1831 3950 1939 4022 in-

443 4059 801 4174 &turam
860 4069 1153 4162 igitur,
1219 4074 1372 4143 etc.
1437 4072 1940 4161 Consequen-

435 4164 525 4235 tffl
551 4190 775 4263 Patet
817 4192 906 4261 ut
960 4186 1390 4279 praedictae.
1444 4186 1940 4258 Antecedens

419 4287 657 4394 Patet,
679 4305 865 4396 quia
897 4325 945 4376 a
984 4304 1263 4378 calore
1281 4303 1571 4383 balnei,
1602 4306 1688 4375 ut
1713 4305 1942 4396 patet

412 4394 794 4492 ¹sslitte1·a
827 4420 1329 4502 Aristotelia
1370 4423 1450 4492 et
1485 4423 1757 4492 tamen
1814 4439 1942 4491 ca-

206 4622 221 4635 ,
403 4493 506 4573 ¹⁰¹²
539 4513 823 4608 balnei
855 4540 980 4609 est
1024 4534 1512 4616 innaturale,
1560 4538 1648 4607 ut
1689 4539 1936 4627 patet.

119 4615 362 4681 Qum·
468 4627 835 4734 Quinto,
911 4652 980 4724 si
1049 4651 1164 4725 sic
1244 4652 1384 4733 sit,
1460 4654 1943 4742 sequeretur

389 4745 592 4865 qffod
648 4770 924 4844 omnia
963 4768 1456 4861 digestibilia
1506 4771 1777 4843 essent
1818 4788 1942 4841 ca-

387 4842 689 4959 hdlopa
722 4886 1168 4979 indigestis
1206 4883 1802 4977 Consequentia
1834 4891 1942 4959 te-

387 4973 536 5093 net,
581 5002 662 5074 si
704 5003 812 5077 sit
853 5023 901 5075 a
942 5003 1219 5077 calore
1251 5022 1413 5075 non
1444 5002 1685 5073 erunt
1717 4998 1942 5091 frigi-

389 5079 649 5202 (hora,
708 5099 841 5194 sed
896 5122 1342 5195 calidiora:
1381 5119 1704 5193 salsitas
1761 5137 1941 5188 con-

402 5219 811 5327 S‘ffqllentis
854 5242 1079 5332 patet
1108 5239 1201 5312 de
1232 5236 1558 5318 esculis,
1621 5238 1701 5308 et
1745 5234 1940 5307 mul-

409 5318 502 5445 ῑξῧ
543 5346 730 5426 aliis
780 5354 1207 5437 fructibuS,
1265 5353 1401 5446 qui
1451 5354 1640 5425 ante
1688 5348 1940 5440 diges-

419 5437 704 5544 uoIlem
734 5472 1229 5565 completam
1274 5474 1462 5544 sunt
1503 5467 1939 5543 calidiores

431 5574 647 5659 quam
677 5593 887 5681 post.
928 5591 1159 5672 Item,
1199 5592 1554 5664 mustum
1594 5589 1720 5660 est
1751 5582 1940 5657 cali·

2054 572 2230 643 dius
2290 572 2478 644 vino
2537 570 2879 659 digesto,
2934 574 3014 643 ct
3071 569 3241 641 ideo
3289 588 3433 661 per
3484 568 3598 639 fu·

2060 708 2233 758 mos
2280 709 2470 759 suos
2512 687 2755 761 citius
2810 684 3180 766 inebriat,
3230 690 3318 758 ut
3367 705 3598 777 expe·

2058 803 2349 886 rimur,
2406 809 2492 878 ut
2539 804 2840 877 dicitur
2884 803 2963 875 in
3004 803 3311 876 littera.
3361 803 3593 882 Item,

2055 919 2297 992 stillae
2330 925 2409 994 et
2444 926 2695 1010 gutta>
2728 920 3217 994 distillantes
3251 919 3350 991 ab
3380 938 3598 990 assa-
3716 988 3721 991 ,

2054 1036 2162 1108 tis
2222 1039 2531 1111 crassis
2576 1042 2763 1112 sunt
2813 1038 3151 1128 srigidae,
3207 1040 3286 1110 et
3330 1036 3597 1107 minus

2051 1152 2328 1225 calidae
2363 1156 2678 1246 quando
2710 1159 3092 1227 assatura
3132 1158 3256 1227 est
3302 1152 3381 1223 in
3421 1173 3597 1226 coc-

2052 1271 2165 1348 tu,
2206 1290 2446 1360 quam
2481 1271 2560 1343 in
2596 1271 2855 1344 medio
2897 1270 3421 1352 decoctionis,
3470 1269 3598 1342 vel

2051 1390 2239 1458 ante
2301 1387 2647 1459 medium
2695 1413 2709 1457 :
2758 1388 2962 1458 unde
3011 1393 3092 1461 et
3151 1386 3390 1478 coqui
3456 1405 3599 1478 per

2052 1500 2295 1574 nimis
2379 1504 2683 1576 calidas
2753 1504 3019 1577 stillas
3089 1506 3597 1595 cognoscunt

2051 1619 2510 1692 assationes
2555 1642 2732 1693 esse
2773 1621 3071 1703 factas;
3121 1625 3200 1694 et
3245 1620 3592 1713 patellae,

2054 1734 2134 1806 in
2193 1736 2478 1827 quibus
2538 1738 2996 1811 bulliuntur
3056 1738 3344 1830 pisceS,
3410 1740 3597 1810 sunt

2054 1853 2318 1924 minus
2359 1855 2639 1927 calidae
2682 1876 2865 1928 cum
2902 1854 3074 1947 Jam
3112 1855 3372 1947 pisces
3406 1859 3595 1928 sunt

2049 1967 2289 2049 cocti,
2357 1989 2597 2060 quam
2656 1974 2846 2043 ante
2914 1971 3406 2061 completam
3476 1971 3598 2041 de-

2051 2084 2535 2166 coctionem,
2602 2090 2681 2159 et
2743 2086 2888 2158 sub
2945 2086 3168 2159 vasis
3232 2085 3399 2157 suis
3454 2110 3468 2155 ε
3516 2089 3597 2159 et

2051 2198 2221 2271 haec
2256 2220 2414 2272 non
2441 2206 2713 2273 essent
2753 2222 2953 2275 vera
2995 2222 3141 2295 per
3181 2199 3596 2293 experien-

2051 2314 2280 2399 tiam,
2339 2317 2498 2389 nisi
2555 2317 2845 2391 fierent
2898 2317 3316 2390 calidiora.
3362 2319 3589 2398 Item,

2050 2431 2422 2506 homines
2462 2434 2825 2507 bibentes
2865 2433 3055 2505 vina
3096 2432 3597 2508 calidissima

2051 2546 2554 2631 virtualiter,
2628 2554 2708 2623 et
2776 2548 3219 2623 actualiter
3285 2549 3597 2625 faciunt

2051 2685 2151 2737 ex
2195 2665 2293 2737 iis
2339 2685 2483 2757 per
2526 2666 3062 2756 digestionem
3095 2665 3423 2738 urinam
3458 2663 3597 2738 mi-

2050 2802 2204 2854 nus
2265 2782 2636 2863 calidam,
2712 2783 2873 2856 imo
2945 2788 3025 2857 et
3086 2784 3460 2864 maxime,
3529 2781 3597 2854 si

2053 2898 2399 2972 multum
2434 2900 2733 2983 bibant,
2784 2904 2872 2974 ut
2912 2905 3138 2993 patet
3183 2919 3328 2992 per
3365 2919 3596 2993 expe-

2054 3017 2465 3091 rientiam.

2158 3137 2429 3217 Sexto,
2499 3134 2568 3207 si
2625 3134 2765 3215 sic,
2840 3140 3324 3227 sequeretur
3392 3134 3599 3228 quod

2051 3251 2369 3342 digesta
2410 3255 2687 3325 essent
2729 3251 3041 3323 leviora
3109 3256 3189 3326 et
3246 3251 3592 3333 minora,

2055 3389 2193 3438 seu
2256 3368 2691 3442 subtiliora
2745 3372 2825 3441 et
2878 3368 3231 3441 rariora.
3307 3371 3596 3442 Conse-

2055 3506 2306 3577 quens
2375 3490 2501 3560 est
2564 3486 2887 3569 falsum,
2971 3490 3053 3560 et
3110 3489 3402 3558 contra
3468 3506 3597 3557 ex-

2055 3603 2578 3696 perientiam,
2672 3603 2861 3696 quia
2946 3623 3186 3696 poma
3272 3605 3600 3675 matura

2056 3726 2245 3794 sunt
2297 3720 2642 3812 majora,
2699 3723 2780 3793 et
2830 3718 3260 3811 grossiora
3312 3717 3595 3800 adhuc,

2056 3855 2299 3926 quam
2361 3835 2439 3907 in
2513 3833 2917 3928 principio
2978 3838 3164 3907 ante
3222 3832 3600 3924 digestio-

2053 3972 2237 4023 nem
2289 3957 2551 4025 erant.
2600 3955 2700 4025 Et
2756 3950 3142 4024 similiter
3200 3950 3599 4024 Aristote-

2054 4067 2172 4139 les
2203 4067 2398 4142 dicit
2432 4067 2638 4160 quod
2671 4067 3253 4158 ingrossantur
3281 4068 3600 4158 digesta

2058 4204 2203 4275 per
2242 4184 2802 4275 digestionem.
2841 4183 3438 4278 Consequentia
3489 4188 3598 4257 te-

2055 4305 2215 4382 net,
2305 4300 2494 4393 quia
2577 4301 2808 4373 calor
2889 4301 3294 4374 naturalis
3370 4300 3600 4374 debet

2055 4438 2537 4492 consumere
2614 4417 3057 4500 humidum,
3126 4423 3207 4492 et
3286 4418 3401 4491 sic
3471 4419 3601 4490 fie-

2059 4539 2239 4608 rent
2307 4535 2627 4607 minora
2666 4540 2745 4609 et
2799 4535 3134 4617 leviora,
3176 4537 3306 4607 vel
3336 4538 3603 4610 minus

2056 4652 2345 4742 gravia
2403 4656 2483 4725 et
2527 4652 2858 4725 rariora
2892 4656 3076 4744 post
3108 4652 3603 4727 ablationem

2057 4769 2451 4849 materiae,
2510 4788 2749 4859 quam
2819 4768 2973 4842 fuit
3024 4789 3170 4861 per
3228 4769 3605 4861 digestio-

2055 4905 2264 4956 nem.

2144 4999 2631 5094 Oppositum
2665 5001 3052 5094 arguitur
3105 5024 3250 5096 per
3292 5004 3608 5080 Aristo·

2057 5117 2297 5192 telem
2334 5122 2408 5186 in
2440 5121 2549 5191 lib.
2590 5121 2654 5190 4.
2694 5117 2809 5191 sic
2850 5118 3361 5193 definientem
3393 5122 3609 5212 ἀέρος-

2057 5239 2327 5317 tionem,
2374 5234 2578 5325 quod
2630 5248 2725 5302 est
2758 5240 3087 5324 perfectio
3126 5262 3166 5305 (ι
3203 5241 3510 5327 proprie,
3546 5252 3608 5306 el

2053 5354 2361 5420 nataeerali
2397 5353 2643 5420 calide.

3654 3153 3899 3269 Seir'eicm.

2145 5467 2385 5542 Circa
2418 5469 2972 5559 quaestionem,
3012 5470 3276 5562 primo
3312 5487 3600 5562 ponen-

2052 5586 2152 5660 da
2193 5590 2381 5659 sunt
2412 5586 2831 5670 notabilia,
2867 5607 2967 5660 ex
3002 5586 3287 5678 quibus
3321 5606 3595 5659 secun-
