4252 6393
743 417 861 482 250

721 580 802 653 in
835 600 1208 663 numere,
1247 580 1435 672 quia
1478 584 1665 654 sunt
1714 579 1896 654 aliae
1959 583 2270 675 speeies

721 697 1209 789 digestionis
1252 697 1332 770 in
1365 695 1720 779 homine,
1758 697 1940 770 aliae
1985 699 2065 771 in
2116 699 2271 773 asi-

721 837 852 898 ne,
918 813 1148 887 etsie
1201 815 1292 885 de
1361 813 1794 887 similibus,
1862 806 2313 890 Probaturv

720 933 811 1007 de
893 930 1269 1005 terminis
1344 932 1611 1024 specie
1679 932 2264 1019 differentibuS,

722 1049 910 1143 quia
958 1048 1310 1137 digestio
1374 1049 1875 1123 terminatur
1933 1052 2027 1123 ad
2101 1051 2262 1124 sor-

721 1187 939 1240 mam
1052 1166 1715 1248 substantialem,
1815 1172 1895 1241 et
1993 1169 2267 1261 plures

722 1303 963 1377 quam
998 1288 1170 1358 tres
1206 1288 1394 1357 sunt
1429 1283 1714 1356 formae
1778 1286 2267 1361 substantia-

719 1398 837 1474 les
870 1402 1308 1485 distinctae,
1347 1401 1778 1493 acquisitae
1813 1425 1956 1495 per·
2012 1404 2267 1496 diges-

718 1519 1061 1601 tionem;
1089 1523 1375 1592 etcum
1397 1518 1746 1610 digestio
1773 1521 1881 1594 sit
1906 1523 2266 1612 quaedam

722 1636 1341 1717 transmutatiO,
1420 1640 1499 1709 et
1567 1639 2269 1712 transmutatione

715 1752 1375 1825 diversificantur
1489 1754 1583 1825 ad
1690 1754 2263 1829 diversitatem

716 1868 1286 1950 terminorum,
1324 1869 1416 1941 ad
1453 1890 1651 1961 quos
1723 1872 2082 1955 tendunt,
2124 1874 2265 1963 igi-

715 1990 856 2062 tur
895 1991 1135 2060 erunt
1196 1987 1472 2079 plures
1517 2009 1758 2081 quam
1795 1996 1968 2065 tres
2010 1992 2264 2082 diges-

714 2105 983 2178 tiones
1019 2106 1390 2197 specifice
1413 2105 1844 2180 distinctae.
1874 2109 2039 2182 Nec
2074 2114 2265 2185 sunt

714 2224 1043 2295 tantum
1081 2226 1252 2296 tres
1317 2222 1396 2294 in
1441 2241 1735 2312 genere
1796 2227 2068 2298 eadem
2144 2248 2263 2298 ra-

712 2339 965 2421 tione,
1013 2339 1200 2431 quia
1234 2338 1550 2422 formae,
1604 2361 1778 2431 quae
1826 2362 1971 2433 per
2009 2343 2264 2434 diges-

603 2522 606 2525 ,
716 2454 1026 2530 tionem
1063 2456 1609 2548 acquiruntur
1636 2457 2100 2533 differentes
2137 2480 2263 2553 ge-

394 2725 653 2779 Tertium.

360 4039 644 4118 Quare'um.

375 4597 649 4652 Quintum.

379 5088 509 5139 Sext
517 5102 603 5139 um
613 5126 624 5138 .

714 2595 941 2658 nere,
980 2579 1170 2650 sunt
1212 2576 1490 2668 plures
1532 2596 1771 2668 quam
1809 2581 2007 2651 tres.

806 2692 1112 2775 Terti0,
1178 2713 1425 2784 agens
1488 2693 1569 2764 in
1621 2692 2072 2785 digestione
2137 2701 2261 2771 est

715 2830 964 2881 unum
1002 2814 1361 2892 tantum3
1428 2830 1627 2899 ergo
1691 2812 2041 2885 materia
2104 2833 2262 2886 una

716 2925 1064 3006 tantum,
1141 2925 1311 2996 ideo
1390 2924 1738 3015 digestio
1807 2929 2021 2999 esset
2102 2947 2261 2999 una

715 3044 1040 3114 tantum
1121 3041 1200 3112 in
1279 3041 1573 3133 specie.
1665 3044 2261 3135 Consequentia

716 3162 965 3252 patet,
1020 3158 1208 3250 quia
1268 3159 1335 3231 si
1405 3176 1657 3250 agens
1697 3164 1915 3234 esset
1983 3182 2254 3244 unum,

716 3281 798 3350 et
861 3278 1212 3350 materia
1256 3298 1437 3360 una,
1506 3280 1709 3369 quod
1770 3277 2073 3372 sactum
2136 3285 2260 3354 est

712 3398 933 3467 esset
975 3415 1249 3475 unum,
1317 3399 1404 3468 ut
1471 3395 1775 3468 dicitur
1832 3400 1896 3468 7.
1965 3401 2253 3487 Mecaplz.

713 3512 1155 3582 secundum
1200 3514 1974 3584 commentatorem.
2023 3514 2257 3586 Ante-

711 3627 999 3698 cedens
1038 3631 1284 3720 patet,
1325 3626 1512 3718 quia·
1572 3648 1822 3716 agens
1867 3629 1942 3700 in
2003 3629 2257 3720 diges-

709 3744 933 3816 tione
997 3748 1121 3817 est
1183 3744 1585 3826 caliditaS‚
1630 3748 1709 3817 et
1760 3766 2089 3837 passum
2132 3751 2256 3820 est

712 3860 1133 3933 humidum
1215 3861 1940 3953 proportionatum
2010 3863 2250 3936 sicce.

799 3981 1139 4060 Quarto,
1178 3977 1349 4048 duae
1403 3978 1714 4069 species
1767 3979 2254 4068 digestionis

710 4097 899 4168 sunt
934 4093 1014 4165 in
1055 4093 1647 4176 artificialibus
1681 4095 1994 4168 seilicet
2034 4100 2255 4186 hepse-

704 4213 819 4292 εἰς,
862 4213 944 4283 et
979 4214 1256 4299 optes-2⁹83
1321 4214 1561 4283 erunt
1614 4211 1872 4300 igitur
1927 4214 2099 4283 ‹111ae
2161 4210 2255 4283 ad

704 4327 969 4399 minus
1087 4328 1166 4399 in
1279 4328 1819 4409 natura-libus,
1913 4333 1992 4402 et
2112 4351 2257 4421 per

703 4466 1204 4537 consequens
1236 4449 1475 4518 erunt
1518 4451 1893 4537 quatuor.

794 4563 1118 4645 Quinto,
1195 4562 1545 4636 mutatio
1645 4563 2092 4646 fructuum,
2176 4571 2254 4638 et

705 4679 1302 4752 nascendorum
1375 4682 1499 4752 est
1569 4680 1930 4770 quaedam
1999 4680 2255 4770 diges-

707 4795 873 4870 tio:
939 4815 1096 4867 non
1184 4794 1459 4886 aliqua
1536 4793 1885 4868 istarum
1957 4796 2249 4876 trium:

708 4913 989 5002 igitur,
1029 4915 1181 4984 etc.

798 5033 1074 5111 Sexte,
1119 5030 1244 5101 vel
1281 5028 1656 5102 caliditas
1691 5031 1865 5119 agit
1897 5050 2079 5103 cum
2117 5029 2253 5100 hu-

708 5145 1100 5227 miditate,
1174 5149 1255 5218 et
1315 5146 1431 5217 sic
1525 5150 1649 5218 est
1721 5146 2053 5237 optesis,
2128 5147 2251 5217 vel

704 5264 876 5355 agit
918 5284 1101 5337 cum
1146 5262 1543 5344 siccitate,
1583 5265 1662 5334 et
1726 5263 1842 5333 sic
1886 5267 2008 5335 est
2071 5262 2253 5355 hep-

703 5384 937 5463 sesis‚
977 5381 1166 5472 quia
1202 5401 1360 5451 non
1399 5382 1668 5472 potest
1702 5378 1854 5450 dici
1892 5379 2095 5470 quod
2130 5398 2253 5451 ca-

697 5499 972 5572 liditas
1045 5517 1187 5590 per
1228 5519 1310 5566 se
1374 5501 1565 5586 agat
1610 5496 1784 5567 sine
1826 5496 2253 5570 humidita-

699 5625 802 5706 te,
847 5621 926 5691 et
969 5616 1142 5694 sine
1204 5614 1604 5696 siccitate,
1652 5614 1841 5710 quia
1901 5635 2060 5688 non
2125 5637 2253 5708 po·

1932 421 2071 482 LlB.
2128 421 2225 485 lv.
2274 420 2819 488 ME'I'EORORUM

2387 586 2548 658 test
2590 584 2939 657 inveniri
2972 586 3373 672 caliditas,
3413 590 3604 681 quin
3655 592 3762 668 sit
3792 592 3915 668 vel

2383 718 2567 771 cum
2603 697 3111 784 humiditate,
3147 705 3276 775 vel
3319 705 3717 783 siccitate.

2473 817 2859 910 Septimo,
2943 819 3009 891 si
3096 820 3346 895 etiam
3432 822 4130 918 diversifica-sepem

2386 939 2674 1008 rentur
2743 941 3086 1029 propter
3123 939 3686 1016 diversitatem
3749 945 3919 1018 sub-

2373 1051 2811 1143 jectorum,
2849 1055 2974 1126 vel
3018 1056 3461 1147 agentium,
3506 1060 3635 1132 vel
3688 1082 3919 1156 prop·

2383 1171 2510 1241 ter
2550 1168 3112 1275 diversitatem
3187 1175 3764 1259 terminorum,
3830 1178 3923 1251 ad

2383 1306 2584 1377 quos
2628 1288 2989 1360 tendunt.
3019 1288 3099 1362 Si
3136 1289 3406 1381 primo
3443 1290 3703 1375 modo,
3739 1315 3922 1368 cum

2382 1403 2748 1496 subjecta
2792 1405 2957 1481 sint
2992 1406 3228 1498 plura
3276 1426 3516 1499 quam
3554 1409 3716 1483 tria
3749 1432 3924 1504 spe-

2380 1519 2523 1601 cie,
2594 1525 2778 1594 sunt
2851 1524 3158 1614 species
3209 1523 3696 1614 digestionis
3751 1527 3923 1619 plu-

2381 1656 2511 1706 res
2556 1656 2796 1728 quam
2838 1639 3010 1709 tres
3071 1639 3444 1732 specifice
3484 1640 3915 1717 distinctae.

2380 1756 2739 1828 Secundo
2777 1758 3035 1839 mode,
3072 1779 3256 1830 cum
3308 1778 3556 1851 agens
3626 1760 3734 1835 sit
3805 1785 3926 1834 so-

2378 1874 2544 1946 lum
2598 1894 2845 1946 unum
2898 1873 2977 1946 in
3040 1876 3331 1968 specie,
3374 1877 3691 1952 scilicet
3737 1880 3924 1952 cali-

2375 1987 2610 2068 ditas,
2648 1990 2864 2059 esset
2897 2008 3055 2059 una
3091 1990 3406 2081 speeies
3439 1991 3923 2082 digestionis

2375 2106 2969 2179 diversificatae.
3056 2108 3335 2182 Tertio
3407 2111 3669 2194 mode,
3734 2133 3923 2184 cum

2377 2222 2711 2296 termini
2800 2223 2963 2297 sint
3058 2225 3335 2317 plures
3414 2246 3653 2318 quam
3750 2232 3923 2302 tres

2376 2340 2747 2433 specifice
2813 2341 3205 2425 distincti,
3254 2344 3443 2434 quia
3512 2345 3921 2418 terminus

2372 2454 2850 2546 digestionis
2875 2459 3000 2530 est
3034 2456 3389 2545 sanguis,
3419 2457 3766 2531 alterius
3801 2466 3923 2535 est

2374 2572 2641 2645 forma
2701 2572 2937 2653 asini,
2981 2572 3325 2645 alterius
3386 2572 3655 2646 forma
3690 2575 3920 2667 plan-

2375 2693 2502 2771 tae,
2556 2689 2792 2762 etsie
2850 2689 2943 2762 de
3014 2690 3292 2765 multis
3351 2689 3917 2768 differentibus

2375 2807 2666 2901 specie.

2466 2926 2555 2996 In
2618 2923 3086 3016 oppositum
3170 2925 3295 2997 est
3365 2923 3916 3019 Philosophus
3951 2952 4130 3018 opposa

2372 3056 2607 3131 qua-rto
2645 3045 2866 3131 huju-8.

2465 3160 2553 3231 In
2588 3160 3030 3250 quaestione
3065 3159 3230 3240 illa,
3278 3158 3709 3250 Logicales
3765 3160 3916 3233 dis-

2372 3277 2837 3357 tinctiones,
2910 3280 2990 3350 ct
3033 3277 3396 3349 rationes
3429 3276 3520 3348 de
3555 3276 3916 3350 termino

2370 3394 2789 3467 exclusivo
2832 3395 3095 3468 addito
3141 3393 3491 3467 termino
3542 3414 3921 3467 numera-

2370 3510 2453 3590 li,
2517 3509 2744 3581 dehet
2786 3508 3043 3581 videri
3084 3508 3311 3581 circa
3355 3509 3607 3581 libros
3677 3511 3923 3602 Logi-

2369 3626 2613 3706 cales,
2650 3629 2729 3698 et
2760 3625 2983 3698 circa
3017 3625 3592 3717 Porphyrium,
3638 3630 3922 3700 utrum

2370 3747 2690 3818 tantum
2727 3746 2793 3814 5.
2849 3741 3012 3816 sint
3046 3741 3593 3825 Universalia,
3638 3746 3724 3817 et
3761 3762 3921 3815 non

2373 3863 2700 3952 oportet
2733 3859 2863 3930 hic
2905 3858 3107 3931 talia
3145 3860 3525 3940 recitare,
3565 3861 3703 3932 sed
3742 3882 3921 3954 pos-

2369 3981 2491 4050 set
2529 3975 2661 4049 hic
2703 3975 3030 4048 concedi
3098 3976 3308 4067 quod
3378 3979 3702 4049 tantum
3762 3997 3921 4049 una

2367 4099 2493 4167 est
2556 4093 2864 4186 species
2939 4092 3452 4184 digestionis,
3500 4094 3687 4184 qnia
3757 4115 3919 4166 om-

2367 4209 2492 4281 nis
2582 4211 2893 4303 species
2980 4209 3466 4301 digestionis
3522 4215 3646 4284 est
3711 4227 3961 4290 unaz'

2370 4329 2652 4418 igitur,
2690 4333 2842 4402 etc.
2891 4329 2988 4398 al)
3033 4327 3482 4400 universali
3543 4330 3634 4399 ad
3677 4350 3915 4401 suam

2369 4440 2873 4519 exclusivam
2924 4446 3015 4517 de
3047 4445 3426 4518 terminis
3461 4446 3914 4538 transposi-

2369 4563 2475 4638 tis
2512 4565 2829 4634 tantum
2865 4581 3021 4632 una
3055 4567 3178 4635 est
3213 4563 3551 4654 species.

2460 4678 2606 4752 Sed
2638 4681 2829 4752 tunc
2868 4678 2936 4750 si
3007 4691 3263 4748 tantum
3329 4679 3706 4752 excludat
3757 4698 3915 4751 ma-

2360 4795 2630 4887 jorem
2715 4813 3172 4875 numerum,
3259 4794 3597 4886 quaestio
3674 4792 3917 4866 habet

2368 4909 2561 4983 alibi
2600 4910 2884 4993 videri,
2962 4912 3094 4982 sed
3166 4931 3415 4983 causa
3481 4909 3916 4986 brevitatis

2366 5025 3025 5107 dimittaturhie,
3073 5026 3261 5117 quia
3321 5025 3734 5119 imperitis
3793 5031 3917 5100 est

2367 5143 2552 5215 huic
2649 5143 3037 5215 scientiae.
3129 5142 3399 5217 Etiam
3493 5143 3911 5218 intellectu

2369 5262 2710 5352 quodam
2750 5263 3020 5352 potest
3053 5281 3231 5331 esse
3269 5280 3490 5344 vera,
3538 5260 3752 5332 salsa
3801 5264 3912 5334 ta·

2371 5399 2549 5450 men
2582 5382 2705 5452 est
2741 5378 3175 5450 secundum
3212 5376 3413 5469 quod
3470 5376 3723 5449 verba
3786 5395 3910 5449 so-

2368 5501 2585 5578 nant,
2625 5497 2939 5588 quando
2992 5494 3416 5587 quaeritur,
3466 5496 3699 5562 Uerum
3768 5507 3908 5563 tan-

2369 5628 2504 5682 lum
2543 5616 2681 5681 sint
2713 5626 2842 5682 lres
2888 5616 3138 5710 species
3166 5612 3605 5701 diqesliom's?
3645 5608 3723 5688 id
3755 5612 3903 5696 est,

4057 3177 4095 3227 ⁴.
