4252 6393
722 395 841 482 490

712 580 896 673 plex
976 579 1109 652 ubi
1176 583 1325 660 est,
1389 576 1498 651 ibi
1557 582 1825 655 totum
1882 583 2060 663 est;
2134 601 2255 652 er-

711 715 845 787 go,
886 698 1039 771 etc.

801 817 1029 896 Item,
1085 812 1353 886 forma
1386 813 1522 887 dat
1560 838 1695 884 esse
1734 813 2126 896 materiae,
2173 817 2253 888 et

709 931 1101 1005 terminat
1156 931 1332 1025 ejus
1374 931 1680 1005 fluxum
1721 937 1802 1007 et
1845 931 2251 1026 possibili-

706 1050 987 1131 tatem,
1035 1052 1124 1122 ut
1154 1053 1279 1123 est
1310 1049 1385 1122 ei
1429 1051 1656 1124 unita
1691 1072 1835 1144 per
1886 1051 2251 1124 substan-

704 1166 952 1240 tiam:
1007 1167 1140 1239 sed
1198 1167 1473 1239 anima
1515 1168 1947 1240 rationalis
1982 1168 2251 1242 totali-

700 1289 828 1359 ter
868 1288 948 1359 et
982 1290 1546 1359 consummate
1589 1291 1981 1378 quantum
2018 1309 2250 1363 exeo-

704 1400 957 1493 gitari
1020 1403 1309 1493 potest,
1382 1403 1516 1476 dat
1573 1426 1709 1473 esse
1782 1408 1862 1478 et
1932 1405 2250 1497 perficit

704 1516 1138 1591 materiam
1171 1517 1252 1591 in
1293 1519 1522 1591 modo
1572 1519 2006 1613 singulari3
2052 1542 2250 1612 ergo

707 1634 1174 1708 necessario
1244 1635 1405 1710 erit
1468 1657 1827 1729 praeseus
1880 1659 2252 1712 suaema-

705 1750 993 1825 teriae.·

359 1866 684 1990 lifing-du·
798 1867 913 1940 Ad
956 1867 1532 1960 praedictorum
1595 1875 1869 1946 autem
1937 1875 2252 1946 eviden-

412 1999 632 2073 plipieer
706 1984 910 2056 tiam
941 1990 1066 2060 est
1108 1985 1542 2070 sciendum,
1590 1989 1797 2081 quod
1836 2011 2022 2063 cum
2062 1991 2252 2065 dici-

361 2063 679 2182 ⁰⁰Zssdfrs²⁸
707 2106 848 2176 tur
907 2103 1112 2195 quod
1155 2104 1428 2176 anima
1478 2108 1600 2177 est
1652 2110 1829 2180 tota
1873 2108 1951 2179 in
2000 2109 2247 2200 quali·

389 2205 632 2256 ⁰⁰²’P⁰''⁶·
704 2217 839 2293 bet
902 2225 1159 2313 parte,
1234 2221 1531 2303 anima,
1596 2229 1682 2298 ut
1750 2224 2056 2297 dictum
2123 2231 2252 2301 est

359 2358 571 2425 ’φιωει
601 2360 679 2414 11.
708 2340 995 2429 supra'
1067 2342 1333 2431 potest
1393 2339 1829 2432 dupliciter
1896 2341 2249 2415 conside-

708 2453 878 2526 rari
918 2478 932 2523 2
970 2455 1147 2527 Uno
1182 2454 1541 2537 modo,ut
1586 2458 1869 2531 unitur
1909 2459 2246 2551 corpori

702 2570 781 2642 in
874 2570 1194 2644 ratione
1275 2572 1561 2646 formae
1651 2575 2240 2658 substantialis,

698 2686 895 2759 dans
926 2687 999 2760 ei
1038 2712 1172 2757 esse
1238 2689 1748 2783 simpliciter,
1805 2697 1884 2766 et
1945 2692 2059 2766 sie
2118 2701 2242 2769 est

696 2805 879 2875 tota
920 2804 998 2875 in
1044 2807 1247 2887 toto,
1318 2810 1397 2878 et
1447 2805 1528 2878 in
1590 2808 1948 2900 qualibet
2009 2816 2244 2903 parte

701 2923 1133 3014 aequaliter
1165 2927 1244 2997 et
1277 2924 1807 3000 uniformiter
1856 2928 1935 3000 in
1988 2930 2245 3001 omni-

701 3038 845 3111 bus
889 3040 1284 3133 partibus,
1323 3047 1489 3116 tam
1529 3045 1941 3135 organicis
2003 3067 2244 3137 quam

697 3176 860 3231 non
904 3158 1341 3250 organicis,
1383 3163 1736 3250 Orqauicis
1766 3162 1969 3246 dico,
2010 3163 2243 3238 modo

699 3297 947 3370 supra
986 3278 1387 3371 exposito,
1440 3279 1519 3350 in
1570 3284 1984 3372 quantum,
2033 3282 2244 3355 scili·

695 3396 821 3465 cet
892 3394 1163 3467 omnia
1199 3414 1507 3485 organa
1540 3395 1834 3471 habent
1879 3419 2122 3469 unum
2165 3404 2245 3472 et

698 3509 1190 3583 uniformem
1261 3512 1588 3587 modum
1653 3513 2240 3607 dispositioniS,

702 3630 795 3700 ut.
821 3626 1093 3699 anima
1133 3628 1250 3702 eis
1281 3632 1666 3721 tanquam
1708 3630 1975 3704 forma
2024 3632 2246 3704 unia-

696 3743 837 3813 tur
899 3766 913 3811 :
978 3745 1409 3819 secundum
1471 3767 1706 3838 quem
1752 3748 2099 3832 modum,
2159 3751 2245 3821 ut

355 3874 562 3938 ·quaest.
593 3876 672 3927 11.
695 3858 862 3931 dixi
888 3880 1139 3953 supra
1161 3864 1208 3944 ',
1245 3865 1369 3935 est
1393 3863 1665 3934 eadem
1698 3862 2129 3956 dispositio
2165 3865 2244 3938 in

699 3976 959 4057 oculo,
1007 3978 1088 4050 in
1123 3977 1335 4070 pede,
1382 3983 1461 4053 et
1496 3979 1610 4053 sic
1642 3979 1733 4051 de
1774 3980 1958 4053 aliis
2003 4003 2244 4055 mem—

695 4092 891 4166 bris.
947 4094 1127 4167 Alio
1189 4096 1422 4170 modo
1500 4098 2089 4180 consideratur,
2159 4103 2244 4173 ut

696 4209 932 4283 habet
977 4217 1440 4303 respectum
1492 4214 1586 4285 ad
1618 4235 1945 4308 corpus,
1994 4221 2079 4288 ut
2119 4220 2242 4288 est

699 4331 974 4400 motor
1012 4328 1213 4421 ejus,
1275 4330 1402 4402 vel
1465 4335 1551 4403 ut
1620 4330 1858 4404 habet
1931 4354 2243 4426 respec-

697 4447 869 4517 tum
902 4444 996 4515 ad
1031 4446 1589 4537 operationem
1625 4449 2124 4538 generalem,
2164 4456 2245 4525 et

698 4558 813 4631 sic
882 4559 1135 4634 adhuc
1197 4565 1464 4655 potest
1513 4563 1945 4658 dupliciter
1986 4568 2243 4639 eonsi-

695 4677 1011 4761 derari;
1081 4679 1208 4753 vel
1300 4683 1385 4752 ut
1464 4680 1698 4754 habet
1780 4688 2243 4776 respectum

696 4796 791 4868 ad
826 4796 1385 4888 operationem
1429 4799 2060 4873 intellectualem
2104 4822 2240 4873 seu

695 4911 1377 4995 voluntariam,et
1401 4921 1592 4989 tunc
1636 4937 1818 4988 cum
1856 4917 2033 5010 ipso
2080 4939 2242 4989 res-

700 5034 935 5123 pectu
959 5030 1133 5123 ipsa
1157 5030 1615 5106 substantia
1636 5035 1926 5106 animae
1967 5040 2090 5108 est
2117 5057 2245 5128 po·

695 5147 950 5221 tentia
1048 5148 1549 5222 intellectiva
1656 5152 1887 5222 modo
1994 5174 2244 5244 supra

698 5264 1115 5358 praedicto.
1164 5266 1651 5359 Accipiendo
1713 5268 2070 5341 animam
2128 5292 2241 5342 se-

695 5382 1037 5456 cundum
1159 5382 1363 5455 hanc
1473 5385 2236 5469 considerationem,

697 5497 1035 5580 scilicet,
1101 5505 1188 5574 ut
1245 5500 1422 5593 ejus
1486 5503 1874 5594 potentia,
1922 5523 2079 5574 non
2115 5507 2242 5577 est

700 5638 844 5715 per
886 5637 994 5701 se,
1037 5639 1180 5692 nec
1226 5618 1306 5695 in
1339 5623 1515 5696 toto
1564 5641 1940 5716 corpore,
1986 5620 2243 5695 necin

1889 419 1992 482 DE
2037 419 2304 486 RERUM
2346 418 2736 484 PRINClPIO

2368 581 2645 673 aliqua
2706 586 2967 674 parte,
3021 586 3146 655 est
3189 584 3463 654 tamen
3515 600 3659 672 per
3707 579 3913 654 aeci-

2365 699 2582 780 dens‚
2623 700 2937 773 seilicet
2964 720 3107 793 per
3131 700 3699 779 substantiam,
3730 721 3914 773 cum

2367 836 2523 908 qua
2562 817 2895 889 realiter
2938 817 3143 890 idem
3177 822 3303 891 est
3339 817 3418 890 in
3463 822 3665 898 toto,
3710 821 3792 891 et
3835 818 3915 890 in

2367 932 2724 1023 qualibet
2819 932 2994 1024 eJus
3093 936 3374 1026 parte,
3475 933 3910 1007 secundum

2367 1050 2576 1140 quod
2609 1049 3072 1142 expositum
3115 1053 3238 1122 est
3303 1050 3382 1122 in
3424 1052 3912 1144 praecedenti

2367 1167 2812 1257 quaestione
2871 1167 2962 1240 de
3007 1167 3240 1239 modo
3282 1167 3597 1240 essendi
3638 1169 3913 1260 poten-

2366 1281 2501 1354 tiae
2546 1282 3064 1357 intellectivae
3109 1284 3187 1355 in
3229 1304 3604 1376 corpore,
3658 1286 3747 1356 ut
3783 1305 3910 1378 pa—

2364 1402 2481 1472 tet
2516 1399 2622 1472 ibi
2659 1423 2673 1480 ;
2711 1418 2911 1491 ergo
2973 1401 3251 1473 eadem
3308 1421 3440 1473 res
3486 1401 3728 1474 simul
3787 1406 3910 1476 est

2366 1514 2698 1606 corpori
2761 1516 2988 1588 unita
3039 1520 3116 1588 et
3196 1537 3356 1589 non
3420 1517 3674 1601 unita,
3722 1518 3908 1610 quia

2363 1650 2549 1704 cum
2632 1633 3001 1724 potentia
3084 1634 3425 1706 realiter
3509 1634 3614 1706 sit
3705 1635 3908 1708 idem

2367 1747 2575 1838 quod
2618 1749 3074 1822 substantia
3116 1750 3435 1833 animae,
3483 1752 3694 1823 si-ut
3747 1753 3908 1824 ani·

2367 1883 2497 1933 ma
2551 1865 2926 1954 quamdiu
2970 1866 3205 1939 estin
3240 1889 3614 1962 corpore,
3661 1873 3789 1943 est
3838 1870 3907 1941 ei

2365 1979 2617 2063 unita,
2667 1981 2781 2054 sic
2838 1983 3202 2075 potentia
3248 1984 3604 2068 realiter,
3643 1989 3729 2058 ut
3789 1990 3909 2059 est

2367 2118 2496 2169 res
2565 2099 2967 2183 absoluta,
3014 2101 3233 2193 (quia
3277 2102 3483 2175 sieut
3517 2106 3641 2175 est
3689 2103 3902 2185 illud,

2365 2215 2571 2304 quod
2641 2215 2942 2307 anima)
3003 2239 3327 2311 semper
3384 2222 3506 2292 est
3576 2221 3904 2313 corpori

2366 2331 2639 2405 unita:
2683 2334 2816 2406 sed
2851 2335 3284 2406 secundum
3347 2336 3553 2428 quod
3615 2337 3905 2431 recipit

2363 2449 2769 2524 rationem
2832 2455 3276 2544 respectus,
3323 2475 3459 2524 seu
3522 2454 3902 2547 potentia}

2359 2568 2902 2649 intellectiva»,
2973 2569 3294 2642 ratione
3350 2571 3566 2644 illius
3635 2578 3904 2665 poten-

2357 2684 2497 2757 tiae
2571 2705 2706 2756 seu
2775 2690 3221 2778 respectus,
3270 2706 3431 2759 non
3497 2691 3620 2759 est
3682 2689 3901 2761 unita

2359 2801 2716 2894 corpori.
2760 2801 2837 2875 Si
2866 2806 3137 2875 autem
3190 2805 3779 2887 consideretur,
3818 2809 3899 2879 111

2362 2915 2643 2989 unitur
2677 2918 3010 3010 corpori
3056 2922 3444 3011 tanquam
3480 2925 3780 3002 motor,
3818 2927 3899 2996 ut

2357 3034 2507 3113 est,
2558 3033 2868 3106 scilieet
2928 3034 3008 3106 in
3041 3055 3395 3126 corpore
3429 3036 3525 3108 ad
3570 3055 3899 3128 operan-

2356 3148 2565 3232 dum,
2605 3149 2720 3223 sic
2754 3149 3716 3246 sortitur,utexpositum
3757 3158 3898 3235 est,

2361 3266 2769 3341 rationem
2805 3268 3240 3352 sensitivae,
3306 3275 3386 3344 et
3421 3274 3615 3345 tunc
3652 3272 3722 3344 si
3779 3293 3900 3366 po·

2358 3384 2634 3458 tentiae
2677 3387 3327 3470 considerantur,
3386 3392 3473 3462 ut
3526 3394 3716 3463 sunt
3779 3411 3899 3462 res

2358 3500 2757 3584 absoluta,
2785 3502 2898 3577 sie
2926 3523 3203 3576 omnes
3247 3505 3326 3577 in
3358 3507 3533 3579 toto
3558 3527 3900 3599 corpore

2361 3621 2571 3701 sunt,
2627 3621 2821 3693 etin
2875 3621 3232 3713 qualibet
3281 3623 3458 3716 ejus
3507 3627 3767 3716 parte.
3824 3624 3895 3698 Si

2359 3740 2629 3810 autem
2700 3737 3319 3812 considerentur
3377 3740 3521 3812 sub
3586 3741 3896 3813 ratione

2359 3855 2551 3929 talis
2616 3854 3021 3947 potentiae,
3084 3856 3209 3929 vel
3263 3857 3455 3929 talis
3495 3856 3888 3939 auditivae,

2355 3972 2480 4044 vel
2519 3972 2823 4053 visivae,
2860 3978 2940 4047 et
2973 3973 3088 4045 sie
3119 3973 3210 4045 de
3235 3973 3448 4056 aliis,
3503 3993 3686 4046 cum
3714 3974 3891 4048 talis

2359 4089 2724 4180 potentia
2796 4089 3388 4162 determinetur
3473 4088 3554 4160 111
3630 4089 3888 4161 anima

2360 4226 2504 4298 per
2534 4204 3110 4298 dispositiones
3147 4204 3527 4298 proprias
3565 4224 3885 4295 organo·

2361 4342 2544 4393 rum
2619 4322 2852 4393 modo
2926 4321 3302 4414 superius
3363 4321 3623 4402 dieto;
3690 4320 3881 4393 sicut

2359 4457 2518 4508 una
2576 4436 3004 4529 dispositio
3053 4437 3344 4529 organi
3385 4458 3546 4509 non
3585 4440 3705 4509 est
3770 4455 3881 4508 ea—

2356 4554 2558 4637 dem,
2631 4574 2775 4626 nee
2844 4553 3135 4626 similis
3213 4553 3380 4637 alii,
3425 4557 3502 4626 et
3567 4553 3695 4626 ubi
3769 4556 3881 4625 est

2360 4691 2606 4741 unum
2643 4690 3068 4762 organum,
3124 4692 3283 4742 non
3315 4674 3436 4743 est
3481 4671 3715 4754 aliud,
3778 4668 3879 4741 sic

2355 4786 2676 4867 dieitur,
2741 4790 2944 4879 quod
2983 4806 3141 4859 una
3184 4788 3548 4879 potentia
3588 4809 3742 4860 non
3771 4789 3880 4859 est

2358 4904 2517 4976 alia
2564 4905 3040 4996 inquantum
3076 4904 3464 4998 potentia,
3511 4908 3590 4976 et
3615 4904 3740 4977 ubi
3772 4904 3881 4975 est

2359 5042 2540 5103 una,
2587 5042 2746 5093 non
2809 5025 2931 5094 est
2976 5021 3163 5104 alia,
3212 5022 3346 5094 sed
3408 5021 3769 5114 quaelibet
3812 5019 3881 5091 in

2360 5138 2697 5230 proprio
2753 5157 3093 5229 organo.
