4252 6393
287 1672 565 1722 Probatur

632 440 750 500 (30³)

613 600 989 672 accidens
1031 620 1198 682 ens,
1264 598 1422 671 nisi
1485 598 1669 690 quia
1713 603 1836 672 est
1893 599 1968 669 in
2009 596 2160 671 hoc

612 717 972 807 subjecto
1041 743 1052 784 :
1133 717 1199 789 si
1288 736 1485 806 ergo
1573 717 1721 788 hoc
1793 717 2161 788 accidens

611 834 956 906 tollatur
1039 834 1136 905 ab
1224 833 1372 905 hoc
1478 833 1864 924 subjecte,
1937 833 2165 905 tolle-

611 955 750 1023 tui‘
819 951 916 1022 ab
1003 973 1096 1022 co
1169 973 1310 1022 sua
1382 950 1707 1024 entitas.
1775 951 1919 1022 Sed
1979 970 2161 1022 cum

618 1066 722 1140 sit
769 1068 848 1139 in
880 1067 1047 1140 alio
1092 1068 1480 1162 subjecto,
1532 1072 1980 1142 renovatur
2013 1068 2162 1140 sibi

616 1205 760 1256 sua
794 1183 1136 1258 entitas:
1166 1204 1367 1275 ergo
1403 1206 1583 1257 cum
1619 1186 1881 1279 possit
1913 1205 2162 1257 unum

621 1300 1070 1395 subjectum
1125 1301 1394 1394 perire
1455 1302 1617 1376 alio
1663 1307 2157 1388 remanente,

617 1417 823 1491 idem
884 1419 1252 1492 accidens
1314 1439 1655 1493 numero
1727 1420 1969 1492 simul
2029 1441 2162 1514 po·

618 1541 775 1609 test
807 1556 1011 1617 esse,
1053 1540 1133 1608 et
1175 1555 1331 1607 non
1375 1558 1576 1608 esse.

705 1655 821 1723 Ex
855 1650 1132 1735 tertio,
1172 1652 1481 1727 scilicet
1506 1675 1603 1726 ex
1637 1654 2155 1739 limitatione,

615 1769 762 1841 lioc
819 1767 1024 1840 idem
1069 1775 1293 1862 patet
1346 1771 1459 1843 sic
1505 1798 1518 1841 ε
1570 1772 1759 1863 quia
1802 1772 2009 1846 sicut
2044 1773 2161 1847 lo-

612 1888 886 1958 catum
955 1885 1367 1960 limitatur*
1441 1907 1587 1980 ρει1
1664 1889 1958 1971 locum,
2043 1889 2159 1961 sic

611 2001 978 2073 accidens
1041 2021 1186 2095 per
1253 2002 1729 2096 subjectum,
1809 2007 1897 2078 ut
1949 2003 2159 2078 sicut

611 2118 701 2189 de
769 2117 1039 2192 locato
1120 2118 1319 2191 nihil
1380 2124 1501 2191 est
1570 2125 1808 2194 extra
1858 2121 2153 2205 locum,

615 2233 730 2306 sic
772 2255 915 2307 nec
973 2235 1062 2306 de
1106 2237 1514 2311 accidente
1564 2240 1802 2312 extra
1845 2239 2158 2333 subjec-

289 2361 559 2474 gssffg'ffi,
615 2355 810 2423 tum.
859 2351 1077 2422 Unde
1135 2351 1328 2425 dicit
1399 2352 1814 2426 Gilbertus
1881 2353 2042 2435 ille,
2087 2359 2157 2422 in

324 2502 437 2551 cap.
467 2487 512 2540 S.
612 2470 723 2535 lib.
769 2470 849 2535 dc
886 2492 1004 2535 sea:
1035 2472 1448 2558 Principiis:
1499 2473 1762 2548 Quanta
1801 2484 1894 2539 cst
1930 2495 2157 2561 supcr-

607 2587 814 2669 ficieS,
862 2597 1118 2654 tantum
1158 2588 1379 2654 album
1418 2609 1552 2654 esse
1591 2589 1792 2655 dices.
1823 2587 1968 2660 Sed
2009 2588 2158 2659 ali-

611 2702 740 2770 ter
800 2720 1098 2793 corpus
1151 2702 1511 2776 locatum
1554 2704 1965 2778 limitatur
2013 2725 2160 2797 per

611 2814 906 2898 locum,
1047 2821 1128 2890 et
1222 2818 1468 2892 aliter
1563 2820 1927 2892 accidens
2013 2842 2159 2913 per

614 2933 1062 3024 subjectum
1110 2960 1122 3002 :
1173 2934 1359 3025 quia
1421 2936 1785 3008 accidens
1839 2957 1998 3009 non
2043 2960 2158 3010 so·

611 3050 777 3121 lum
829 3049 1240 3122 limitatur
1294 3072 1438 3144 ρει·
1481 3053 1957 3146 subjectum,
2024 3056 2158 3127 scd

609 3165 859 3239 etiam
892 3187 1037 3260 per
1079 3166 1230 3241 hoc
1284 3169 1759 3263 subjectum,
1800 3177 1887 3247 ut
1919 3177 2158 3246 extra

612 3283 821 3355 istud
858 3284 1307 3376 subjeetum
1350 3286 1499 3360 hoc
1573 3290 1938 3362 accidens
1980 3312 2157 3362 esse

609 3419 769 3470 non
840 3404 1124 3491 possit.
1193 3406 1509 3495 Corpus
1552 3425 1748 3477 vero
1795 3406 2155 3480 locatum

607 3518 763 3590 etsi
807 3537 969 3590 non
1040 3517 1145 3591 sit
1213 3525 1451 3593 extra
1529 3521 1819 3603 locum,
1886 3527 2157 3616 potest

611 3639 885 3709 tamen
925 3656 1103 3706 esse
1138 3634 1215 3707 in
1285 3635 1475 3716 alio,
1513 3639 1593 3709 et
1628 3637 1707 3708 in
1740 3637 1902 3709 alio
1945 3638 2152 3710 loco.

613 3754 715 3825 Et
749 3750 898 3825 hoc
932 3756 1081 3833 est,
1121 3751 1306 3843 quia
1345 3751 1556 3826 sicut
1599 3774 1896 3845 corpus
1942 3755 2156 3827 loca-

612 3871 782 3941 tum
819 3869 998 3962 plus
1063 3868 1300 3942 habet
1368 3870 1456 3941 de
1498 3870 1864 3953 entitate,
1914 3892 2155 3964 quam

611 3984 1001 4066 accidens,
1063 3984 1176 4056 sic
1212 3987 1582 4077 quamvis
1616 3988 1712 4058 ab
1744 4010 1839 4060 eo
1880 3988 2155 4081 depen-

608 4102 814 4182 deat,
854 4101 1119 4173 minus
1156 4105 1426 4173 tamen
1468 4104 1850 4195 dependet
1891 4106 1987 4177 ab
2028 4128 2148 4189 eo,

611 4236 853 4310 quam
940 4217 1307 4289 accidens
1377 4239 1422 4288 a
1514 4219 1900 4313 subjecto.
1970 4223 2152 4295 Ideo

610 4352 794 4405 cum
836 4351 1134 4423 eorpus
1177 4352 1335 4405 non
1381 4333 1639 4424 possit
1681 4357 1858 4407 esse
1910 4335 2151 4408 simul

609 4447 690 4519 in
729 4446 1074 4518 diversis
1118 4447 1318 4518 locis
1357 4448 1730 4521 localiter
1769 4472 1910 4543 pel·
1947 4452 2150 4523 limi-

604 4561 1023 4642 tationem,
1073 4563 1336 4634 minus
1369 4568 1643 4636 tamen
1713 4571 1980 4657 potest
2022 4587 2152 4640 ac-

604 4676 872 4750 cidens
942 4700 1117 4751 esse
1200 4680 1276 4751 in
1366 4682 1671 4753 duobus
1761 4684 2147 4775 subjectis

605 4802 944 4889 propter
1020 4797 1623 4871 limitationem.
1729 4801 1856 4874 Sic
1946 4821 2147 4892 ergo

603 4934 849 4986 unum
919 4916 1287 4988 accidens
1365 4936 1522 4987 non
1617 4921 1880 5009 potest
1969 4940 2147 4991 esse

602 5030 844 5102 simul
892 5031 970 5102 in
1002 5030 1350 5103 diversis
1386 5033 1797 5126 subJectis

1790 438 1889 498 DE
1934 434 2196 500 IIEIIUM
2246 434 2631 498 PRINCIPIO

2646 810 2895 867 ARTIC.
2976 812 3046 866 11.
3124 809 3324 866 SEC'I'.
3403 811 3448 864 1.

2285 996 2513 1062 Utrum„
2580 992 2757 1058 idem
2795 989 3104 1056 accidens
3138 991 3347 1077 possit
3385 1011 3518 1055 esse
3573 1010 3825 1056 succes·

2364 1112 2501 1175 sive
2550 1111 2621 1173 in
2663 1107 2947 1172 diuersis
2984 1105 3338 1192 subjectis?
3393 1104 3613 1172 Variae
3642 1107 3821 1191 rese-

2364 1238 2608 1293 runtur
2635 1225 3002 1291 sententice.

2366 1418 2448 1493 si
2516 1435 2713 1490 vero
2784 1419 3229 1507 quaeratur,
3302 1419 3581 1489 utrum
3652 1437 3825 1488 suc-

2275 1535 2583 1609 cessive
2643 1532 2723 1604 in
2753 1530 3100 1604 diversis
3144 1531 3526 1624 subjectis
3563 1531 3826 1624 possit

2274 1657 2508 1725 esse?
2560 1649 2712 1722 hoc
2779 1651 2903 1722 est
2943 1647 3296 1720 dubium.
3345 1651 3545 1723 Sunt
3603 1648 3826 1721 enim

2274 1768 2636 1861 quaedam
2678 1766 3152 1847 accidentia,
3226 1787 3403 1858 quae
3445 1765 3832 1839 videntur·

2272 1906 2433 1959 non
2475 1905 2710 1978 posse
2780 1904 2959 1956 esse
3019 1882 3193 1955 sine
3263 1882 3626 1976 subjecto
3702 1883 3832 1955 de·

2273 2003 2791 2078 terminato:
2862 2001 2941 2072 in
3022 1999 3326 2074 talibus
3405 2004 3676 2074 autem
3758 2000 3833 2073 si

2274 2118 2722 2212 subjectum
2787 2137 2949 2189 non
3008 2120 3156 2198 est,
3239 2136 3383 2189 nec
3454 2115 3831 2189 accidens

2271 2257 2447 2309 esse
2486 2237 2779 2328 potest.
2823 2234 3044 2307 Unde
3089 2232 3288 2309 talia
3320 2230 3614 2326 perimi
3647 2252 3831 2324 pos-

2276 2353 2490 2434 sunt,
2540 2350 2672 2423 sed
2760 2349 3310 2424 transmutari
3351 2368 3537 2421 non.
3596 2348 3831 2421 Unde

2273 2469 2341 2542 si
2376 2468 2652 2542 albedo
2694 2487 2856 2541 non
2908 2470 3176 2560 potest
3237 2488 3414 2540 esse
3476 2465 3647 2538 sine
3697 2487 3831 2537 su-

2274 2581 2626 2677 perficie,
2697 2585 2891 2656 tuno
2957 2582 3233 2655 eadem
3301 2582 3603 2663 albedo,
3643 2601 3830 2672 quae

2272 2702 2396 2774 est
2439 2700 2520 2772 in
2554 2719 2711 2771 uno
2746 2718 3122 2791 corpore,
3169 2718 3329 2769 non
3371 2702 3640 2790 potest
3672 2717 3831 2769 nec

2273 2817 2543 2898 simul,
2590 2837 2734 2889 nec
2777 2816 3232 2889 successive
3290 2815 3581 2888 habere
3640 2836 3832 2886 esse

2275 2934 2354 3007 in
2396 2934 2559 3006 alio
2604 2952 2982 3025 corpore,
3039 2933 3119 3004 in
3174 2953 3331 3024 quo
3377 2931 3649 3003 cadem
3694 2953 3832 3003 su-

2273 3049 2645 3143 perficies
2705 3068 2867 3121 non
2937 3053 3178 3120 esset.
3246 3047 3390 3120 Sed
3472 3046 3609 3118 illa
3695 3067 3835 3119 ac·
3920 3052 3929 3060 '

2271 3166 2645 3250 cidentia,
2736 3187 2910 3260 quae
2989 3167 3295 3239 virtute
3390 3163 3838 3259 cujuslibet

2271 3285 2589 3376 agentis
2668 3287 2996 3377 possent
3057 3282 3352 3354 habere
3401 3302 3577 3353 esse
3647 3281 3835 3352 sine

2272 3401 2659 3494 subjecto,
2742 3404 3084 3492 possunt
3178 3399 3486 3471 virtute
3576 3397 3833 3470 istius

2269 3518 2589 3608 agentis
2630 3517 2925 3590 habere
2992 3536 3169 3589 esse
3237 3514 3689 3587 successive
3740 3517 3835 3588 ιιι

2268 3634 2613 3708 diversis
2694 3634 3105 3729 subjectis
3187 3632 3432 3706 Verbi
3511 3635 3826 3725 gratia,

2272 3752 2828 3845 supponimus,
2886 3752 3087 3843 quod
3140 3751 3221 3822 in
3281 3755 3831 3826 sacramento

2270 3871 2565 3943 altaris
2638 3873 3055 3941 remaneat
3144 3868 3559 3960 quantitas
3626 3889 3829 3942 cum

2268 3986 2454 4058 aliis
2499 3986 3046 4059 accidentibus
3089 4004 3235 4077 per
3294 4006 3379 4056 se
3424 3984 3592 4057 sine
3638 3986 3837 4057 sub-

2261 4103 2518 4196 jecto;
2586 4107 2664 4176 ct
2734 4102 3226 4194 supponitur
3313 4100 3521 4191 quod
3603 4107 3836 4192 post-

2269 4240 2509 4311 quam
2544 4219 2938 4292 desierint
2979 4240 3159 4290 esse
3203 4218 3378 4290 sine
3420 4217 3826 4311 subjecto,

2269 4338 2581 4429 quando
2644 4337 2957 4409 scilicet
3025 4333 3318 4407 desinit
3385 4356 3561 4407 esse
3635 4337 3835 4407 sub-

2266 4455 2573 4527 stantia
2618 4454 2872 4547 panis,
2924 4458 3196 4546 posset
3244 4454 3459 4525 Deus
3526 4472 3827 4526 creare

2263 4569 2509 4641 aliam
2567 4570 3106 4643 substantiam
3179 4567 3409 4661 panis
3454 4568 3596 4639 sub
3660 4568 3829 4641 eis-

2260 4686 2437 4758 dem
2497 4685 3066 4767 accidentibus,
3114 4684 3401 4776 quibus
3444 4683 3823 4757 substan-

2258 4803 2377 4875 tia
2458 4803 2690 4895 panis
2764 4803 3031 4895 primo
3117 4801 3654 4883 afficiebatur,
3731 4809 3822 4877 et

2260 4924 2449 4994 tunc
2476 4919 2818 4992 secundo
2871 4919 3101 5011 panis
3146 4918 3604 4992 substantia
3642 4919 3831 4992 effi-

2258 5037 2497 5119 citur,
2537 5042 2615 5110 ct
2652 5038 2767 5109 sic
2806 5036 3013 5108 idem
3048 5036 3419 5109 accidens
3462 5055 3826 5111 numero

2258 5152 2603 5225 diversis
2649 5151 3032 5245 subjectis
3077 5149 3284 5224 inest
3322 5151 3819 5225 successive.

2260 5267 2431 5340 Hoc
2493 5267 2845 5339 maxime
2905 5269 3244 5359 apparet
3305 5266 3372 5339 si
3416 5266 3808 5359 sanguini

2255 5382 2561 5457 Christi
2598 5383 3043 5456 misceatur
3085 5386 3402 5458 tantum
3434 5383 3526 5456 de
3576 5383 3804 5466 vino,

2259 5501 2382 5571 vel
2418 5520 2651 5591 aqua,
2697 5501 2903 5592 quod
2944 5499 3257 5574 desinat
3296 5522 3473 5571 esse
3519 5504 3816 5573 Sacra-

2261 5621 2620 5691 mentum
2677 5646 2688 5687 :
2752 5617 2936 5709 quia
2985 5623 3173 5690 tunc
3231 5617 3539 5709 specics
3609 5617 3814 5702 vini,
