4252 6393
154 2226 204 2279 Q,

155 2305 189 2337 τ
216 2293 290 2340 in-

155 2360 245 2400 ctus

155 2416 250 2474 {iyet

155 2486 268 2526 tras-

155 2546 234 2588 [lte.

153 3165 284 3213 racio·

1656 370 2016 449 QUAESTlo
2061 368 2196 431 xlv

331 544 443 625 lis,
501 542 635 633 qui
679 545 802 613 est
852 538 1120 611 virtus
1163 535 1602 628 cognitiva,
1656 538 1735 606 et
1781 534 1860 605 in

328 662 467 734 hoc
520 657 787 732 differt
840 677 886 728 a
934 655 1359 728 voluntate
1403 678 1418 722 ε
1465 657 1544 727 et
1594 650 1859 723 virtus

325 777 753 870 receptiva,
789 778 870 848 et
914 772 991 845 in
1034 772 1211 854 hoc,
1247 774 1335 844 nt
1366 769 1554 850 dixi,
1592 767 1860 840 differt

324 895 412 968 ab
448 893 861 967 intellectu
899 892 1188 977 agente
1224 913 1237 956 :
1277 891 1353 959 et
1398 887 1667 960 virtus
1702 904 1860 955 non

324 1011 731 1104 organica,
777 1012 855 1082 et
893 1009 970 1081 in
1008 1008 1153 1079 hoc
1185 1005 1454 1078 differt
1501 1023 1546 1074 a
1591 1021 1856 1074 sensu.

322 1130 504 1202 Haeo
572 1129 842 1202 autem
916 1124 1223 1218 species
1296 1119 1920 1212 intelligibili-⁸*-

321 1268 463 1341 per
495 1265 757 1339 quam,
807 1247 894 1315 ut
941 1242 1240 1315 dictum
1277 1244 1427 1324 est,
1465 1239 1551 1310 fit
1583 1237 1860 1330 hujus-

322 1363 526 1436 modi
561 1359 989 1440 transitus,
1028 1378 1188 1431 non
1222 1356 1457 1431 estin
1490 1355 1651 1428 alio
1686 1353 1861 1427 sub-

310 1479 629 1573 jective,
669 1477 797 1549 vel
829 1475 1353 1549 informative
1416 1493 1654 1565 quam
1691 1472 1862 1565 ipse

317 1599 543 1669 actus
603 1593 1101 1684 intelligendi
1146 1616 1161 1672 ;
1209 1591 1344 1663 sed
1399 1590 1569 1661 ideo
1621 1575 1863 1660 habet

319 1714 715 1786 rationem
762 1710 998 1783 medii
1054 1711 1426 1802 respectu
1473 1709 1704 1781 actus
1749 1705 1860 1777 in-

317 1829 750 1922 telligendi,
800 1829 987 1921 quia
1021 1826 1100 1899 in
1144 1845 1440 1916 genere
1483 1822 1859 1914 intelligi-

317 1948 595 2020 bilium
665 1965 826 2018 non
889 1944 1125 2017 habet
1190 1943 1306 2015 sie
1367 1967 1501 2010 esse
1561 1941 1857 2034 perfec-

322 2072 514 2146 tum,
557 2064 767 2137 sieut
808 2067 1037 2135 actus
1082 2060 1606 2151 intelligendi.

401 2182 624 2264 Quod
672 2180 922 2253 etiam
976 2179 1053 2250 in
1098 2177 1481 2271 praedicta
1543 2175 1860 2249 ratione

322 2297 840 2388 tangebatur,
876 2315 1126 2388 quare
1161 2292 1472 2365 seilicet
1508 2291 1857 2364 intellec-

313 2418 443 2487 tus
478 2416 762 2485 noster
804 2411 1102 2502 indiget
1153 2409 1721 2502 phantasmate
1764 2407 1856 2478 ad

318 2530 921 2624 intelligendum
1009 2529 1173 2611 illa,
1267 2548 1613 2621 quorum
1683 2530 1854 2619 jam

319 2651 623 2743 species
719 2648 985 2742 primo
1073 2648 1384 2738 accepit
1417 2653 1451 2716 ⁶?
1540 2646 1858 2717 videtur

314 2766 524 2838 enim
597 2764 803 2858 quod
861 2783 1020 2834 non
1065 2761 1415 2853 indigeat
1482 2760 1857 2852 phantas-

321 2886 556 2965 mate,
597 2880 663 2953 si
701 2881 907 2955 tales
952 2879 1261 2972 species
1296 2879 1572 2958 habet;
1618 2878 1744 2950 vel
1789 2876 1856 2947 si

317 2999 640 3091 indiget,
715 2997 920 3071 tales
982 2995 1289 3088 species
1361 3014 1519 3067 non
1590 2994 1852 3066 habet.

319 3117 427 3189 Ad
487 3117 637 3190 hoc
700 3117 967 3209 potest
1030 3114 1264 3187 facile
1337 3112 1852 3205 responderi;

318 3234 502 3326 quia
570 3233 998 3326 multiplex
1068 3235 1190 3303 est
1259 3251 1529 3311 eausa,
1605 3251 1857 3322 quare

318 3354 635 3444 oportet
727 3350 1230 3423 intellectum
1307 3349 1675 3421 converti
1763 3348 1856 3418 ad

317 3467 823 3559 phantasma.
899 3470 997 3539 Et
1069 3469 1332 3559 potest
1393 3466 1572 3545 dici,
1649 3465 1855 3558 quod

318 3604 469 3656 una
545 3604 796 3656 causa
872 3585 1030 3665 est,
1110 3583 1314 3674 quod
1397 3582 1853 3655 intellectus

315 3702 788 3794 conjunctus
856 3700 1213 3792 corpori,
1267 3699 1620 3771 maxime
1680 3719 1852 3771 eor-

319 3817 674 3910 ruptibili
717 3816 933 3909 (quia
976 3816 1188 3889 forte
1242 3817 1321 3888 in
1372 3819 1590 3889 statu
1635 3814 1851 3886 inno·

312 3935 591 4007 eentiae
651 3938 869 4007 esset
905 3933 1147 4021 aliud)
1207 3953 1365 4005 non
1419 3935 1683 4025 potest
1735 3952 1852 4003 re-

315 4051 649 4127 flexione
724 4050 1084 4142 integra,
1154 4054 1232 4120 et
1312 4048 1699 4141 simplici,
1773 4050 1849 4118 et

313 4174 590 4263 aperta
651 4190 897 4263 super
956 4189 1040 4241 se
1102 4191 1185 4240 se
1250 4168 1690 4253 reflectere,
1772 4171 1850 4239 et

317 4307 451 4377 per
490 4307 990 4378 consequens
1025 4306 1271 4378 super
1333 4286 1642 4377 species
1679 4306 1851 4376 qum

318 4410 493 4480 sunt
541 4405 619 4477 in
662 4424 781 4484 eo,
833 4402 992 4474 nisi
1042 4403 1625 4494 quodammodo
1675 4422 1852 4493 rep-

318 4523 546 4594 tando
621 4543 768 4615 per
829 4543 1112 4594 sensus
1209 4525 1289 4594 et
1357 4542 1500 4614 per
1574 4519 1851 4610 imagi-

320 4641 747 4714 nationem.
808 4643 907 4712 Et
951 4639 1139 4731 quia
1193 4660 1338 4732 per
1390 4638 1851 4728 hujusmodi

322 4757 925 4830 conversionem
959 4756 1202 4828 datur
1228 4755 1662 4829 actualitas
1687 4776 1852 4847 spe-

323 4874 601 4959 ciebus,
641 4895 816 4967 quae
852 4878 1036 4947 sunt
1075 4873 1153 4945 in
1190 4873 1630 4954 intellectu,
1681 4873 1851 4944 sine

325 5010 466 5080 qua
549 4991 1027 5067 actualitate
1107 4991 1609 5065 intellectum
1691 5009 1852 5062 non

330 5112 633 5196 possent
682 5129 1008 5180 movere
1043 5106 1137 5177 ad
1178 5107 1581 5180 actionem
1621 5106 1852 5179 intel-

327 5220 624 5313 ligendi,
693 5223 866 5296 ideo
932 5225 1261 5315 oportet
1313 5225 1519 5314 quod
1579 5222 1850 5294 anima.

329 5347 729 5416 convertat
793 5366 876 5415 se
939 5362 1180 5435 supra
1246 5342 1844 5434 phantasmata,

336 5461 406 5527 ut
435 5480 571 5551 per
602 5461 849 5533 talem
884 5458 1504 5533 conversionem
1542 5458 1849 5549 speeies

338 5569 858 5669 intelligibiles
946 5575 1345 5668 accipiant
1425 5575 1848 5647 actualita-

3393 354 3511 416 537

1971 534 2161 614 tem,
2210 552 2363 624 qua
2418 530 2817 603 mediante
2870 524 3243 596 moveant
3286 517 3515 593 intel-

1971 651 2272 722 lectum
2308 646 2402 718 ad
2444 642 3080 734 intelligendum.
3130 637 3315 710 Inde
3363 634 3511 713 est,

1974 767 2181 857 quod
2223 783 2683 856 quanquam
2717 759 2989 832 anima
3019 754 3309 827 habeat
3346 772 3517 845 spe-

1973 882 2161 963 cies
2221 900 2547 953 neeesse
2619 882 2891 953 tamen
2958 876 3080 946 est
3139 871 3517 964 phantas-

1975 1000 2196 1071 mata
2260 995 2690 1091 speeulari.
2760 996 2856 1065 Et
2918 991 3122 1062 hanc
3182 1006 3514 1062 eausam

1972 1114 2237 1204 tangit
2277 1113 2612 1206 Sapiens
2667 1110 2746 1182 in
2797 1109 3005 1180 libro
3052 1102 3509 1198 Sapientiae,

1973 1254 2154 1307 cum
2221 1230 2409 1303 dicit
2457 1254 2470 1297 ε
2529 1233 2784 1317 Corpus
2827 1226 3000 1315 quod
3038 1224 3510 1311 corrumpitur,

1972 1362 2296 1442 aqyraval
2344 1351 2664 1417 animam.

2539 1542 2941 1600 SCHOLIUM.

2045 1731 2370 1788 Rationem
2394 1727 2574 1792 hanc,
2597 1726 2657 1779 et
2687 1721 2864 1790 aliam,
2888 1733 3083 1792 quare
3107 1717 3517 1783 intellectum,

1975 1837 2041 1890 ut
2071 1828 2397 1898 intelligit,
2431 1823 2743 1898 speculari
2767 1824 3044 1893 oporteat
3063 1817 3515 1890 phantasmata,

1973 1932 2158 1990 habet
2189 1931 2252 1984 in
2289 1928 2336 1982 1.
2371 1925 2512 1981 dist.
2563 1922 2619 1979 3.
2669 1923 2887 1992 quaest.
2938 1918 2995 1974 6.
3045 1921 3101 1984 §-
3151 1917 3229 1970 De
3280 1916 3517 1970 secundo

1970 2032 2234 2085 membre.
2267 2032 2313 2081 et
2341 2031 2395 2092 ἓ.
2432 2024 2581 2092 Quod
2611 2021 2847 2075 additur
2877 2021 2937 2074 dc
2969 2016 3308 2085 PhilosophO,
3369 2017 3430 2069 et
3451 2012 3516 2069 in

1971 2133 2024 2186 4.
2058 2127 2201 2184 dist.
2236 2125 2324 2180 45.
2359 2125 2578 2195 quaest.
2615 2121 2664 2176 1.
2713 2123 2768 2185 §-
2810 2119 2892 2173 Aa
2936 2120 3165 2172 tertium
3213 2118 3355 2182 dice,
3409 2113 3513 2171 ubi

1970 2228 2058 2284 ait
2112 2224 2480 2296 phantasma
2514 2218 2792 2275 tribuere
2851 2217 3036 2274 talem
3068 2213 3515 2285 perfectionem

1971 2320 2403 2387 intellectioni,
2437 2317 2599 2390 quod
2633 2315 2973 2373 intellectio
3002 2314 3229 2371 animae
3260 2325 3517 2383 separa-

1970 2430 2047 2481 tae
2096 2426 2261 2478 esset
2309 2422 2517 2478 minus
2567 2416 2843 2489 perfecta
2917 2429 3107 2486 quam
3146 2413 3513 2484 conjunctae,

1970 2524 2092 2579 nisi
2125 2524 2293 2576 esset
2321 2517 2574 2589 aliquod
2608 2516 2980 2580 reformanS,
3015 2515 3178 2585 quod
3202 2508 3519 2574 sufficeret

1971 2640 2083 2697 pro
2113 2620 2339 2693 aequali
2372 2617 2756 2690 perfectione
2787 2614 3214 2672 restauranda.

2061 2779 2204 2850 Est
2266 2780 2540 2849 autem
2602 2771 2765 2846 alia
2811 2771 3023 2842 ratio
3072 2768 3257 2840 huic
3298 2766 3514 2839 simi-

1972 2895 2095 2966 lis.
2176 2893 2497 2986 Species
2554 2891 2627 2961 in
2673 2888 3087 2963 intellectu
3154 2883 3515 2977 reposita

1969 3031 2131 3084 non
2181 3013 2302 3083 est
2362 3009 2443 3081 in
2491 3010 2723 3081 tanta
2782 3003 3283 3084 actualitate,
3328 3002 3511 3072 dum

1970 3149 2131 3199 non
2164 3131 2289 3200 est
2330 3125 2759 3218 conjuncta
2797 3121 3039 3202 actui,
3088 3119 3296 3191 siout
3330 3116 3513 3187 dum

1971 3248 2154 3318 actu
2203 3246 2473 3314 movet
2526 3241 2600 3310 in
2658 3238 3067 3312 intellectu
3128 3261 3141 3303 :
3198 3233 3266 3304 si
3316 3251 3515 3322 ergo

1972 3381 2114 3452 per
2185 3358 2535 3450 speciem
2595 3355 2771 3427 vult
2842 3350 3302 3441 intelligere
3372 3345 3519 3418 ali-

1970 3477 2177 3569 quid,
2235 3475 2436 3569 quod
2491 3472 2718 3565 prius
2770 3488 2931 3543 non
2981 3466 3512 3558 intelligebat,

1968 3613 2129 3664 non
2167 3592 2468 3685 poterit
2506 3610 2647 3683 per
2682 3588 2907 3660 illam
2941 3585 3318 3678 speciem,
3358 3582 3517 3654 nisi

1966 3709 2105 3780 fiat
2145 3709 2223 3780 in
2261 3708 2556 3799 maj0ri
2600 3704 3100 3784 actualitate,
3149 3720 3304 3794 qua
3337 3719 3516 3791 pos-

1968 3826 2071 3897 sit
2186 3824 2430 3896 etiam
2567 3841 2892 3895 movere
2984 3816 3509 3895 intellectum,

1968 3962 2210 4034 quam
2261 3941 2658 4032 majorem
2710 3936 3273 4009 actualitatem
3319 3933 3513 4006 reci-

1971 4058 2085 4151 pit
2148 4058 2479 4151 species,
2544 4061 2631 4132 ut
2694 4053 3246 4149 phantasmati
3299 4072 3511 4126 com-

1967 4181 2335 4270 paratur.
2410 4176 2657 4269 Cujus
2730 4174 2943 4246 ratio
3003 4176 3152 4254 est,
3219 4171 3407 4265 quia
3466 4192 3512 4243 a

1968 4294 2535 4387 phantasmate
2585 4291 2869 4384 recipit
2920 4314 3052 4359 esse
3102 4290 3181 4362 et
3277 4309 3512 4381 gene-

1968 4412 2398 4484 rationem.
2447 4412 2780 4484 Certum
2824 4411 2945 4481 est
2991 4410 3262 4480 autem
3308 4407 3511 4500 quod

1966 4528 2064 4600 ab
2132 4549 2251 4609 eo,
2316 4549 2363 4599 a
2427 4548 2578 4619 quo
2644 4526 2936 4619 recipit
3008 4547 3137 4597 res
3204 4547 3338 4592 esse
3430 4527 3509 4597 et

1968 4644 2609 4734 generationem,
2692 4643 2789 4713 ab
2865 4643 3139 4714 eodem
3221 4639 3510 4732 recipit

1964 4759 2215 4833 etiam
2289 4758 2897 4851 perfectionem.
2975 4758 3306 4832 Clarum
3377 4776 3511 4828 au-

1967 4881 2129 4950 tem
2173 4880 2320 4957 est,
2388 4874 2589 4967 quod
2654 4875 2861 4946 sieut
2925 4874 3294 4966 quaelibet
3348 4894 3505 4957 reS,

1967 4992 2078 5064 ita
2129 4998 2209 5065 et
2250 4992 2601 5063 maxime
2654 4992 2987 5084 species,
3038 4993 3123 5063 ut
3163 4996 3287 5066 est
3327 5010 3510 5065 eon-

1955 5111 2241 5202 juneta
2273 5131 2415 5180 suo
2446 5108 2871 5202 principio,
2904 5108 3208 5181 seilicet
3271 5110 3510 5202 phan-

1964 5225 2298 5297 tasmati
2346 5225 2761 5298 illustrato
2800 5227 3099 5298 lumine
3150 5225 3508 5300 intellec-

1963 5344 2095 5413 tus
2158 5342 2506 5432 agentis,
2578 5342 2871 5416 fortius
2931 5349 3012 5415 et
3069 5341 3509 5434 perfectius

1961 5486 2094 5529 esse
2169 5460 2403 5533 habet
2464 5462 2555 5531 ad
2620 5462 3095 5532 movendum
3156 5461 3510 5537 intellec·

1964 5582 2135 5650 tum
2172 5579 2263 5648 ad
2308 5580 2576 5648 aetum
2624 5598 2880 5649 suum.

3611 1226 3731 1292 Sap.
3757 1224 3809 1276 9.

3662 2799 3745 2850 23.

3545 2863 3735 2913 Altera
3764 2878 3864 2913 ra-

3667 2928 3757 2978 tiu.
