4252 6393
111 1981 203 2054 cori.

1615 476 1978 555 QUAESTlO
2025 468 2099 542 11'1

296 630 763 715 antecedens,
824 638 905 708 et
966 654 1172 725 nego
1241 636 1457 709 aliud
1529 659 1805 711 conse-

297 770 535 841 quens,
585 752 684 824 ad
725 753 929 845 quod
977 753 1440 835 deducitur3
1496 776 1638 827 nec
1681 760 1807 829 est

295 866 553 938 similis
599 870 1060 962 proportio,
1121 871 1310 962 quia
1378 871 1801 953 fortitudo,

292 984 396 1054 vel
453 984 822 1058 debilitas
869 986 1072 1059 radii
1161 987 1274 1060 nil
1356 987 1577 1068 facit,
1672 988 1805 1059 sed

293 1120 411 1190 per
438 1122 517 1172 se
551 1101 846 1195 major,
892 1105 1019 1175 vel
1056 1103 1326 1176 minor
1347 1103 1804 1197 diaphanei-

291 1217 454 1289 tatis
486 1218 961 1311 obsiquitas.

718 1546 1154 1605 ARTICULUS
1232 1547 1332 1603 111.

398 1727 487 1792 De
525 1727 920 1794 diversitate
970 1731 1403 1814 rest-actionis
1464 1731 1666 1795 visus.

363 1927 760 2004 Quantum
821 1927 915 1997 ad
991 1926 1328 2000 tertium
1397 1930 1809 2019 ponuntur

76 2066 241 2122 casm,
289 2040 856 2114 conclusiones.
903 2042 1181 2114 Prima
1231 2045 1381 2123 est,
1434 2043 1639 2134 quod
1685 2062 1807 2113 ra-

284 2156 458 2237 dius,
513 2160 640 2231 vel
694 2159 1004 2252 specics
1043 2158 1374 2230 veniens
1406 2159 1497 2231 de
1544 2159 1804 2231 medio

286 2274 591 2356 rariori,
659 2275 738 2347 in
812 2297 966 2367 quo
1026 2279 1151 2348 est
1210 2275 1435 2347 visus
1494 2275 1588 2347 ad
1651 2296 1805 2347 me—

279 2390 468 2464 dium
517 2392 866 2473 densius,
917 2392 993 2464 in
1049 2412 1205 2483 quo
1240 2396 1364 2465 est
1408 2411 1537 2463 res
1599 2391 1799 2473 visa,

281 2507 679 2600 frangitur
755 2509 1225 2580 declinando
1296 2507 1395 2579 ab
1481 2507 1800 2579 incessu

279 2632 480 2699 recto
539 2627 627 2699 ad
676 2625 1429 2719 perpendicularem
1479 2625 1804 2697 ductam

277 2763 314 2813 a
371 2750 667 2835 puncto
731 2741 1258 2815 refractionis
1346 2760 1595 2833 super
1681 2762 1804 2811 su-

276 2859 674 2950 perficiem
733 2859 888 2931 duo
950 2857 1210 2929 media
1276 2856 1799 2937 dividentem;

273 5197 488 5269 verbi
554 5196 850 5288 gratia,
927 5195 1033 5268 sit
1092 5201 1145 5264 A
1209 5200 1265 5262 B
1334 5192 1806 5286 superficies

273 5313 618 5385 dividens
692 5332 987 5404 aquam
1057 5311 1155 5383 ab
1250 5331 1463 5391 aere,
1566 5330 1810 5402 super

278 5447 508 5518 quam
572 5429 872 5502 incidat
932 5447 978 5499 a
1041 5428 1222 5498 visu
1286 5432 1362 5508 C,
1427 5427 1698 5498 radius
1757 5431 1808 5493 C

274 5548 348 5625 D,
391 5552 473 5618 et
545 5548 649 5620 sit
722 5566 854 5616 res
897 5543 1072 5614 visa
1112 5547 1192 5612 E.
1249 5542 1448 5616 Dico
1512 5544 1717 5635 quod
1755 5545 1811 5608 Ε

273 5655 587 5732 videtur
643 5678 793 5753 per
839 5658 1137 5730 lineam
1183 5662 1237 5726 C
1277 5661 1331 5727 G
1371 5662 1451 5742 E,
1518 5661 1597 5732 et
1652 5657 1809 5732 ista

3351 478 3464 553 179

1925 640 2277 716 declinat
2319 644 2417 716 ab
2449 643 2795 727 incessu,
2834 646 3150 722 scilicet
3184 668 3231 719 a
3262 647 3477 721 linea

1928 759 2087 844 CG
2156 763 2236 841 D,
2311 762 2406 833 ad
2475 763 3223 855 perpendicularem
3292 768 3358 833 K
3416 770 3484 834 ΙΙ

1922 872 2248 947 ductam
2301 897 2347 948 a
2400 883 2697 969 puncto
2747 883 2802 948 G
2849 900 3095 973 super
3135 881 3473 974 superfi-

1924 989 2131 1062 ciem
2173 997 2225 1060 A
2271 998 2349 1062 B.
2410 996 2577 1067 Ista
2619 996 3037 1068 conclusio
3105 1000 3329 1089 patet
3379 998 3474 1070 ad

1926 1129 2251 1181 sensum
2343 1111 2423 1183 in
2498 1112 2802 1185 duobus
2883 1114 3470 1206 experimentis

1927 1225 2153 1317 prius
2221 1227 2628 1318 allegatis,
2701 1250 2888 1302 nam
2958 1230 3054 1303 ad
3142 1251 3467 1304 sensum

1922 1342 2244 1416 videtur
2305 1344 2511 1435 quod
2558 1346 2939 1418 denarius
2994 1350 3075 1427 E,
3147 1347 3468 1421 videtur

1926 1479 2070 1550 per
2109 1458 2407 1530 lineam
2452 1464 2506 1528 C
2561 1464 2614 1529 G
2665 1465 2767 1549 E;
2803 1465 2882 1535 et
2925 1463 3113 1553 quia
3161 1465 3215 1531 G
3253 1467 3313 1530 D
3343 1466 3468 1535 est

1927 1574 2287 1646 incessus
2359 1579 2657 1657 rectus,
2730 1582 2810 1652 et
2865 1579 2919 1645 G
2984 1582 3050 1646 H
3105 1582 3231 1653 est
3292 1599 3466 1671 per-

1927 1690 2473 1780 pendicularis
2567 1714 2812 1785 super
2909 1693 3461 1786 superficiem,

1928 1809 2153 1895 patet
2204 1806 2408 1898 quod
2470 1811 2523 1876 G
2576 1812 2635 1876 E
2672 1808 3024 1883 declinat
3074 1811 3172 1882 ab
3216 1809 3465 1883 inces-

1927 1943 2015 1992 su
2134 1924 2577 1997 accedendo
2675 1927 2771 1999 ad
2860 1928 3463 2020 perpendicula-

1927 2061 2123 2114 rem.

2013 2159 2371 2230 Secunda
2426 2159 2869 2242 conclusio,
2936 2162 3143 2252 quod
3198 2159 3266 2233 si
3320 2161 3461 2237 fiat

1921 2385 2140 2457 dium
2211 2388 2317 2460 sit
2396 2389 2707 2470 rarius,
2779 2394 2970 2464 tunc
3053 2391 3268 2465 linea
3347 2413 3466 2463 re-

1923 2501 2340 2593 frangitur
2389 2525 2549 2577 non
2606 2508 3330 2600 appropinquando
3373 2507 3469 2579 ad

1926 2620 2700 2713 perpendicularem,
2792 2625 2924 2696 sed
3000 2624 3469 2697 declinando

1925 2757 2000 2829 a„
2073 2739 2768 2830 perpendiculari,
2872 2741 3100 2813 verbi
3190 2742 3465 2832 gratia

1930 2852 2010 2923 in
2068 2855 2440 2947 exemplo
2511 2855 2741 2948 prius
2800 2856 3039 2938 dicto,
3116 2862 3470 2948 ponatur

1929 2972 2134 3061 quod
2201 2975 2283 3055 E,
2347 2974 2553 3063 quod
2593 2978 2775 3048 erat
2845 2996 2976 3046 res
3029 2974 3232 3055 visa,
3280 2981 3469 3049 tunc

1930 3087 2036 3159 sit
2089 3086 2340 3169 visus,
2398 3092 2478 3162 et
2547 3088 2753 3180 quod
2823 3094 3171 3181 punctus
3243 3095 3297 3159 C
3363 3091 3471 3165 sit

1932 3205 2146 3276 alter
2182 3205 2432 3286 visus,
2490 3211 2679 3280 tunc
2732 3213 3051 3281 certum
3097 3214 3221 3283 est
3264 3209 3470 3300 quod

1932 3323 2266 3415 quilibet
2340 3323 2694 3396 istorum
2774 3326 3199 3397 oculorum
3288 3329 3347 3393 E
3416 3329 3471 3394 G

1932 3440 2332 3533 reliquum
2394 3440 2690 3514 videbit
2759 3461 2903 3533 per
2958 3443 3321 3514 eamdem
3381 3441 3468 3513 li-

1926 3577 2204 3638 neam3
2279 3557 2535 3648 igitur
2574 3557 2798 3629 visus
2838 3561 2898 3625 E
2944 3558 3161 3631 videt
3214 3562 3266 3626 C
3322 3578 3470 3650 per

1930 3673 2223 3747 lineam
2294 3678 2351 3741 E
2422 3678 2477 3743 G
2546 3680 2599 3743 C
2666 3701 2681 3744 ε
2758 3675 2919 3748 imo
3003 3674 3351 3750 declinat
3420 3695 3467 3747 a

1929 3792 2606 3884 perpendiculari,
2680 3793 2892 3867 sicut
2976 3797 3198 3885 patet
3252 3792 3467 3864 indu·

1927 3912 2173 3982 cendo
2253 3911 2654 3983 incessum
2735 3915 3053 3984 rectum
3139 3909 3237 3980 ab
3303 3913 3363 3977 E
3413 3913 3468 3978 G

1926 4047 2178 4117 usque
2247 4026 2340 4097 ad
2383 4029 2468 4095 Μ.
2546 4029 2714 4099 Ista
2755 4026 3004 4099 etiam
3046 4024 3465 4098 conclusio

1929 4148 2152 4236 patet
2197 4143 2275 4214 in
2319 4143 2848 4236 experientiis
2882 4144 3110 4237 prius
3144 4142 3459 4236 positis.

2012 4260 2290 4335 Tertia
2373 4261 2825 4342 conclusio,
2918 4261 3123 4353 quod
3199 4260 3461 4333 omnis

1929 4397 2058 4449 res
2099 4378 2277 4449 visa
2322 4398 2465 4470 per
2515 4378 2811 4452 lineam
2875 4379 3223 4452 fractam
3258 4378 3461 4450 vide-

1930 4497 2066 4565 tur
2158 4495 2233 4565 in
2325 4516 2728 4567 concursu
2819 4494 3047 4567 lineae
3133 4496 3461 4568 directae

1930 4610 2355 4684 incidentis
2442 4633 2488 4684 a
2544 4613 2749 4694 visu,
2830 4615 2910 4685 et
2988 4613 3219 4685 lineae
3293 4633 3466 4704 per-

1933 4726 2569 4818 pendiculariter
2646 4732 2941 4802 eroctae
3010 4748 3056 4800 a
3137 4749 3222 4799 re
3293 4727 3471 4800 visa

1930 4864 2177 4935 super
2216 4845 2727 4938 superficiem
2778 4846 2929 4918 duo
2976 4845 3234 4917 media
3281 4845 3471 4916 divi-

1927 4960 2270 5044 dentem,
2332 4961 2562 5032 verbi
2633 4961 2905 5052 gratia
2980 4961 3057 5034 in
3099 4959 3470 5052 exemplo

1930 5076 2220 5168 priori,
2263 5076 2488 5148 visus
2525 5081 2578 5144 C
2616 5077 2832 5151 videt
2865 5082 2923 5144 Ε
2962 5078 3041 5149 in
3066 5097 3469 5149 concursu

1931 5191 2159 5263 lineae
2214 5192 2520 5266 directe
2582 5192 3007 5267 incidentis
3069 5214 3114 5264 a
3172 5193 3353 5263 visu
3419 5196 3472 5259 C

1930 5308 1984 5374 G
2052 5311 2134 5388 D,
2206 5312 2285 5380 et
2373 5308 2599 5379 lineae
2681 5308 3471 5402 perpendiculariter

1926 5428 2224 5497 erectae
2266 5445 2313 5496 a
2354 5425 2654 5496 visibili
2700 5430 2758 5492 Ε
2805 5427 2901 5497 ad
2954 5424 3470 5517 superficiem

1923 5545 1976 5609 A
2047 5545 2126 5622 B,
2199 5539 2680 5614 dividentem
2754 5560 3029 5613 aerem
3101 5541 3198 5613 ab
3261 5561 3472 5633 aqua

1929 5659 2141 5731 sicut
2206 5659 2284 5731 in
2352 5663 2648 5752 puncto
2716 5662 2797 5727 D.
2858 5659 3074 5732 Istud
3122 5657 3469 5751 probant

1922 2291 1963 2341 e
2031 2291 2455 2353 convers0,
2523 2275 2727 2364 quod
2806 2276 3237 2347 secundum
3308 2297 3461 2347 me·
3520 2237 3778 2355 0233‘2.

3585 4253 3727 4306 Con-

3531 4317 3698 4369 clusio
3725 4319 3756 4367 3
3767 4358 3779 4371 .
