4252 6393
637 421 833 492 2364

696 587 903 680 quod
1006 609 1212 663 unus
1284 596 1513 667 actus
1594 599 1963 690 perficiat
2043 601 2240 677 duas

696 704 1107 793 potentias
1218 709 1732 786 diversorum
1848 735 2240 807 generum

695 817 1082 896 habentes
1146 825 1535 912 ordinem,
1600 833 1689 903 ut
1755 831 2056 907 dictum
2115 842 2239 913 est

691 935 783 1008 de
832 938 1133 1031 duplici
1169 946 1541 1019 materia.

785 1056 898 1128 Ad
958 1057 1201 1141 aliud,
1246 1067 1758 1156 unumquodque
1792 1073 2121 1160 recipitur
2169 1078 2243 1142 in

697 1174 838 1241 alio
874 1198 999 1263 per
1062 1180 1330 1247 modum
1366 1187 1776 1272 recipientis,
1840 1189 1989 1260 etc.
2037 1188 2238 1273 dico,

697 1292 906 1381 quod
947 1291 1089 1365 illa
1131 1316 1288 1369 uno
1362 1301 1595 1372 modo
1666 1307 1788 1376 est
1856 1325 2078 1390 vera,
2154 1312 2239 1380 ut

690 1408 1149 1499 expositum
1183 1417 1307 1486 est
1342 1414 1421 1487 in
1465 1416 1768 1503 mixtis,
1815 1421 1976 1495 alio
2006 1425 2240 1498 modo

694 1524 926 1597 falsa.
1002 1529 1222 1610 Quod
1290 1535 1561 1605 autem
1621 1536 1964 1623 additur,
2033 1542 2241 1635 quod

694 1642 968 1715 anima
1046 1648 1467 1737 cognoscit
1512 1651 1856 1746 lapidem
1917 1658 2239 1732 absolu-

690 1759 794 1838 te,
840 1757 1014 1831 dico
1069 1766 1275 1854 quod
1350 1771 1776 1858 cognoscit
1842 1772 2234 1860 absolute,

693 1873 765 1946 id
799 1879 949 1958 est,
998 1877 1476 1971 inquantum
1517 1885 1747 1979 lapis,
1785 1892 1863 1961 et
1906 1911 2240 1982 cognos-

693 1991 801 2064 cit
890 1993 1140 2068 etiam
1212 1997 1692 2091 inquantum
1763 2005 1893 2080 hic
1963 2008 2234 2103 lapis:

694 2108 894 2180 unde
960 2113 1165 2203 quod
1214 2111 1483 2188 forma
1558 2118 1843 2212 lapidis
1903 2123 2240 2216 inquan-

692 2228 866 2298 tum
926 2226 1165 2320 hujus
1201 2231 1489 2325 lapidis
1569 2236 1673 2310 sit
1747 2240 1826 2312 in
1885 2241 2239 2318 intellec-

687 2344 803 2423 tu,
876 2342 1079 2417 nihil
1141 2348 1517 2439 prohibet
1601 2352 1864 2447 ipsum
1942 2357 2238 2434 habere

693 2460 1126 2534 materiam
1218 2466 1758 2559 spiritualem,
1852 2476 1983 2547 sed
2075 2499 2237 2551 non

688 2578 966 2663 talem,
1005 2581 1271 2673 qualis
1340 2589 1462 2659 est
1528 2590 1877 2664 materia
1944 2594 2234 2688 lapidis

688 2697 952 2767 extra.

779 2810 893 2883 Ad
927 2813 1166 2898 aliud,
1207 2820 1413 2909 quod
1450 2823 1713 2896 omnis
1749 2825 2014 2900 forma
2059 2852 2233 2923 quae

691 2925 772 2997 in
836 2926 1253 3006 intellectu
1299 2936 1721 3031 recipitur,
1780 2946 1902 3015 est
1966 2946 2233 3038 singu-

690 3044 893 3118 laris
930 3046 1010 3119 in
1049 3053 1412 3138 essendo,
1495 3057 1957 3135 universale
2016 3066 2231 3137 enim

686 3181 848 3234 non
907 3164 1215 3249 existit,
1255 3169 1411 3243 nisi
1458 3170 1538 3245 in
1582 3175 2234 3255 consideratione

688 3278 1150 3357 intellectus
1215 3290 1482 3379 :quod
1552 3297 1826 3367 autem
1887 3294 1965 3369 in
2005 3298 2231 3373 intel-

682 3396 892 3469 lectu
940 3399 1044 3472 sit
1103 3402 1373 3477 forma
1416 3408 1909 3486 universalis
1980 3416 2062 3488 in
2106 3440 2232 3491 re-

685 3517 1277 3603 praescntando,
1325 3541 1486 3594 non
1526 3529 1651 3599 est
1722 3534 2062 3622 propter
2122 3533 2232 3606 in-

679 3629 1058 3705 tellectus
1168 3636 1987 3733 immaterialitatem,
2098 3655 2231 3726 sed

682 3750 1026 3841 propter
1100 3753 1276 3845 ejus
1354 3760 1869 3850 eminentem,
1944 3768 2224 3853 altam,

679 3864 1379 3944 etabstractivam
1465 3876 1886 3967 virtutem,
1989 3908 2228 3981 quam

685 4001 843 4053 non
878 3982 1114 4058 habet
1158 4009 1467 4063 sonsuS.

776 4101 888 4173 Ad
955 4103 1195 4189 aliud,
1235 4110 1443 4199 quod
1512 4117 1774 4190 omnis
1834 4127 2230 4216 composi-

682 4215 826 4300 tio,
875 4240 1049 4312 quae
1117 4226 1433 4301 advenit
1494 4230 1741 4306 alicui
1776 4241 1957 4329 post
1993 4264 2226 4315 suum

678 4356 858 4407 esso
899 4341 1421 4433 completum,
1468 4353 1594 4421 est
1654 4353 2220 4442 accidentalis;

674 4452 947 4525 anima
997 4461 1264 4531 autem
1304 4468 1486 4554 post
1544 4472 2224 4560 compositionem

675 4566 1053 4658 primam,
1094 4572 1304 4648 sicut
1337 4599 1481 4652 nec
1514 4585 2012 4677 completum
2045 4614 2223 4664 esse

674 4682 910 4757 habet
974 4688 1145 4761 sine
1222 4713 1599 4787 corpore,
1674 4700 1788 4775 sic
1864 4724 2007 4779 nec
2075 4730 2222 4782 sua

671 4805 1160 4895 compositio
1192 4813 1316 4884 est
1358 4815 1827 4891 terminata.
1873 4823 1986 4894 Ad
2028 4825 2215 4909 alia,

675 4914 898 5003 patet
931 4914 1234 4990 solutio
1268 4940 1365 4991 ex
1406 4920 1668 4996 dictis,

360 1077 449 1128 Aa
477 1074 642 1138 septi-

438 1155 603 1191 mum.

368 2840 457 2893 Aa
482 2850 635 2893 octa-

422 2922 566 2957 vum.

327 4119 417 4173 Aa
434 4133 657 4175 nonum.

1880 441 1981 503 DE
2026 442 2294 507 RERUM
2336 444 2727 513 PRlNClPIO

2714 829 3179 913 QUAESTIO
3274 837 3494 908 VIII.
3588 908 3597 915 .

2361 1025 2594 1094 Uerum
2632 1033 2982 1118 supposito
3021 1034 3196 1120 quod
3255 1037 3329 1099 in
3379 1034 3681 1102 omnibus
3735 1038 3885 1104 sub-

2439 1148 2730 1227 stanciis,
2805 1160 2940 1215 tam
2968 1152 3439 1238 spiritualibus
3511 1174 3708 1241 quam
3746 1178 3885 1224 cor-

2440 1265 2785 1350 poralibus
2823 1268 2910 1332 sil
2948 1270 3258 1352 maceria,
3303 1292 3393 1338 an
3429 1273 3518 1339 sic
3576 1275 3647 1340 in
3676 1274 3884 1340 omni-

2442 1374 2557 1443 bus
2613 1380 2842 1446 eadem
2887 1382 3250 1450 secundum
3324 1386 3621 1454 eamdem
3684 1391 3883 1455 ralio-

2440 1514 2590 1561 nem
2631 1497 3042 1565 univocam?

2350 1694 2585 1754 Avicen.
2638 1697 2735 1753 lib.
2770 1696 2822 1752 1.
2876 1699 3150 1764 sufficien.
3201 1715 3320 1768 cap.
3353 1697 3404 1756 3.
3437 1699 3595 1759 Alen.
3626 1700 3677 1757 2.
3745 1707 3890 1771 part.

2420 1774 2608 1836 quoest.
2653 1767 2741 1824 44.
2772 1772 2999 1824 membr.
3037 1767 3086 1823 2.
3116 1771 3172 1828 S.
3205 1770 3391 1828 Thom.
3429 1773 3478 1829 1.
3531 1779 3891 1842 par-mussa.

2421 1840 2510 1894 66.
2539 1844 2649 1893 art.
2684 1841 2736 1894 2.
2782 1844 2831 1895 et
2858 1838 2909 1894 2.
2971 1846 3111 1898 sent.
3160 1844 3289 1899 dist.
3336 1843 3427 1901 1⁴.
3473 1851 3660 1914 quaest.
3691 1845 3744 1903 1.
3785 1852 3891 1900 art.

2422 1910 2475 1967 2.
2517 1913 2575 1968 S.
2611 1911 2882 1968 Bonaven.
2943 1916 3073 1969 dist.
3126 1913 3214 1972 12.
3273 1920 3457 1983 quaest.
3539 1916 3592 1974 1.
3657 1915 3898 1989 AEgidiun

2420 1985 2548 2039 dist.
2582 1981 2666 2037 14.
2700 1988 2749 2036 et
2780 1999 2961 2053 opusc.
2994 1985 3058 2039 dc
3087 1990 3329 2041 materia
3359 1990 3498 2044 coeli.
3523 1987 3721 2045 Occam
3743 1993 3806 2043 in
3843 1993 3894 2047 2.

2420 2057 2552 2111 dist.
2599 2055 2687 2111 12.
2711 2060 2877 2122 quaest
2907 2053 2996 2112 22.
3020 2055 3330 2113 Richardus
3357 2065 3541 2128 quaest.
3552 2059 3602 2116 8.
3623 2059 3898 2117 Hem-icus·

2421 2128 2666 2193 quodlib.
2693 2126 2746 2183 4.
2777 2144 2830 2197 q.
2866 2125 2950 2184 16.
2984 2127 3277 2187 Ferrarien.
3312 2129 3363 2188 3.
3396 2136 3541 2187 cont.
3598 2132 3729 2188 Gen.
3768 2148 3890 2201 cap.

2422 2197 2512 2255 ⁶20.
2544 2199 2741 2253 Suarez
2771 2203 2832 2253 in
2865 2200 3100 2270 Metaph.
3135 2203 3276 2270 disp.
3313 2205 3396 2259 12.
3423 2209 3547 2260 sect.
3591 2203 3676 2259 10.
3720 2210 3770 2258 et
3808 2203 3892 2260 11.

2423 2269 2693 2326 Conimbr.
2726 2270 2853 2325 lieu
2884 2273 2970 2328 ,de
3010 2278 3136 2328 coelo
3185 2290 3304 2344 cap.
3338 2274 3389 2331 2.
3416 2290 3466 2343 q.
3493 2276 3550 2333 6.
3603 2275 3736 2332 Vide
3754 2279 3897 2333 Doct.

2421 2344 2483 2395 in
2512 2344 2568 2399 2.
2605 2345 2730 2397 dist.
2754 2342 2838 2399 14.
2870 2342 2979 2414 q.6.

2441 2521 2946 2614 Respondeo,
2987 2523 3214 2596 circa
3303 2524 3548 2599 istam
3636 2547 3887 2618 quaes·
4040 2556 4077 2605 ι.

2349 2640 2656 2715 tionem
2691 2639 2958 2732 primo
3031 2640 3596 2734 inquirendum
3631 2649 3760 2718 est
3798 2646 3887 2717 de

2350 2755 2719 2828 materiae
2761 2755 3128 2830 entitate.
3169 2760 3556 2841 Secundo,
3617 2760 3709 2832 de
3761 2780 3890 2852 po-

2348 2871 2868 2948 tentialitate.
2906 2873 3209 2955 Tertio,
3271 2875 3363 2947 de
3395 2875 3570 2969 ejus
3615 2876 3892 2969 primi·

2349 2993 2540 3064 tate.
2591 2992 2926 3072 Quarto,
2991 2991 3083 3062 de
3150 2992 3491 3066 unitate.
3562 2994 3886 3077 Quinto,

2301 3108 2435 3184 Alc
2476 3107 2652 3199 ejus
2722 3106 3337 3182 formabilitate.
3431 3113 3703 3190 Sexto,
3803 3113 3893 3184 dc

2346 3225 2520 3316 ejus
2556 3224 3083 3299 subsistentia
3124 3230 3203 3300 et
3237 3226 3714 3302 stabilitate.

2835 3514 3285 3572 ARTICULUS.
3363 3516 3406 3573 1.

2465 3701 2782 3776 ancnam
2819 3701 2906 3765 sit
2939 3720 3095 3766 vcra
3135 3702 3376 3766 entitas
3415 3703 3776 3771 materiae?

2433 3899 2673 3973 Circa
2756 3898 3124 3972 materiae
3215 3899 3672 3985 entitatem,
3761 3908 3889 3976 est
3947 3942 4160 3997 Emma

2344 4015 2782 4096 sciendum,
2871 4015 3075 4107 quod
3180 4018 3536 4092 essentia
3626 4020 3889 4093 variis
3918 4008 4179 4124 ξζζῗξζζξῖ·

2344 4132 2601 4208 modis
2677 4131 2976 4205 dicitur
3041 4133 3131 4204 de
3216 4139 3629 4208 creatura.
3709 4139 3889 4212 Uno
3999 4148 4094 4189 cur.

2343 4251 2577 4325 modo
2639 4250 3069 4321 secundum
3158 4252 3564 4326 rationem
3632 4255 3893 4329 deter-

2341 4366 2736 4439 minatam
2796 4364 3142 4457 alicujus
3193 4369 3540 4457 generis,
3613 4391 3891 4443 secun-

2338 4483 2523 4554 dum
2560 4502 2792 4572 quem
2840 4481 3161 4553 modum
3193 4483 3562 4566 dicimus,
3601 4485 3731 4559 hic
3763 4494 3891 4563 est

2337 4597 2608 4678 homo,
2653 4599 2782 4669 vel
2841 4617 3169 4689 corpuS,
3214 4598 3340 4670 vel
3416 4600 3724 4679 albedo.
3761 4605 3890 4677 vel

2339 4714 2799 4806 quantitas;
2845 4716 2922 4786 ct
2958 4713 3107 4786 hoc
3141 4716 3518 4789 convenit
3553 4719 3888 4795 cuilibet

2333 4830 2527 4912 enti,
2568 4830 2736 4904 sivo
2805 4830 3109 4904 existat
3152 4836 3365 4914 actu,
3415 4834 3586 4907 sive
3629 4835 3709 4909 in
3753 4857 3890 4931 po·

2330 4947 2616 5029 tentia,
2682 4947 2850 5020 sive
2910 4968 3056 5040 per
3098 4969 3327 5022 suam
3385 4954 3884 5026 essentiam:

2331 5085 2519 5138 nam
2583 5064 2961 5156 quaelibet
3020 5086 3152 5138 res
3187 5067 3617 5160 reponitur
3648 5069 3729 5142 in
3762 5073 3886 5145 de-

2330 5182 2778 5257 ter-minato
2813 5201 3109 5273 genere
3152 5205 3297 5276 per
3330 5207 3562 5259 suam
3611 5210 3887 5263 essen·

2329 5297 2558 5380 tiam,
2624 5318 2784 5371 non
2845 5318 2992 5391 per
3051 5319 3288 5373 suum
3347 5305 3623 5376 actum
3673 5307 3886 5379 exis-

2330 5416 2635 5490 tentiae.
2694 5419 2855 5489 Res
2941 5417 3156 5489 enim
3245 5418 3415 5492 sive
3493 5420 3626 5505 sit,
3707 5425 3883 5498 sive

2326 5553 2488 5606 non
2532 5533 2665 5615 sit,
2701 5538 2826 5608 est
2861 5554 2992 5608 res
3050 5536 3140 5609 de
3175 5555 3470 5626 genere
3511 5540 3882 5613 substan-

2325 5649 2488 5733 tiae,
2544 5654 2625 5725 et
2659 5651 3014 5767 taleaeens
3049 5651 3586 5744 significatur,
3635 5678 3882 5749 quan-
