<?xml version="1.0" encoding="UTF-8"?>
<!DOCTYPE html PUBLIC "-//W3C//DTD XHTML 1.0 Transitional//EN"
    "http://www.w3.org/TR/xhtml1/DTD/xhtml1-transitional.dtd">
<html xmlns="http://www.w3.org/1999/xhtml" xml:lang="en" lang="en">
 <head>
  <title>
</title>
<meta http-equiv="Content-Type" content="text/html;charset=utf-8" />
  <meta name='ocr-system' content='tesseract 3.04.00' />
  <meta name='ocr-capabilities' content='ocr_page ocr_carea ocr_par ocr_line ocrx_word'/>
</head>
<body>
  <div class='ocr_page' id='page_1' title='image "./joannisdunsscot03waddgoog_0104.png"; bbox 0 0 4252 6393; ppageno 0'>
   <div class='ocr_carea' id='block_1_1' title="bbox 639 369 2651 438">
    <p class='ocr_par' dir='ltr' id='par_1_1' title="bbox 639 369 2651 438">
     <span class='ocr_line' id='line_1_1' title="bbox 639 369 2651 438; baseline -0.004 0"><span class='ocrx_word' id='word_1_1' title='bbox 639 375 719 438; x_wconf 80' lang='lat'>92</span> <span class='ocrx_word' id='word_1_2' title='bbox 1813 372 1955 432; x_wconf 81' lang='lat' dir='ltr'>LIB.</span> <span class='ocrx_word' id='word_1_3' title='bbox 2008 372 2053 433; x_wconf 88' lang='lat'>1.</span> <span class='ocrx_word' id='word_1_4' title='bbox 2101 369 2651 434; x_wconf 83' lang='lat' dir='ltr'><strong>METEORORUM</strong></span> 
     </span>
    </p>
   </div>
   <div class='ocr_carea' id='block_1_2' title="bbox 619 528 2169 2022">
    <p class='ocr_par' dir='ltr' id='par_1_2' title="bbox 622 528 2168 744">
     <span class='ocr_line' id='line_1_2' title="bbox 622 528 2168 629; baseline -0.005 -20"><span class='ocrx_word' id='word_1_5' title='bbox 622 556 771 629; x_wconf 89' lang='lat' dir='ltr'>per</span> <span class='ocrx_word' id='word_1_6' title='bbox 811 532 1379 608; x_wconf 86' lang='lat' dir='ltr'>fortitudinem</span> <span class='ocrx_word' id='word_1_7' title='bbox 1434 534 1755 606; x_wconf 88' lang='lat' dir='ltr'>tractus</span> <span class='ocrx_word' id='word_1_8' title='bbox 1832 528 2168 604; x_wconf 87' lang='lat' dir='ltr'>divertit</span> 
     </span>
     <span class='ocr_line' id='line_1_3' title="bbox 622 648 2006 744; baseline -0.005 -22"><span class='ocrx_word' id='word_1_9' title='bbox 622 672 707 723; x_wconf 90' lang='lat' dir='ltr'>se</span> <span class='ocrx_word' id='word_1_10' title='bbox 739 671 786 723; x_wconf 90' lang='lat' dir='ltr'>a</span> <span class='ocrx_word' id='word_1_11' title='bbox 838 650 1404 744; x_wconf 71' lang='lat' dir='ltr'>septentrione</span> <span class='ocrx_word' id='word_1_12' title='bbox 1453 649 1549 721; x_wconf 90' lang='lat' dir='ltr'>ad</span> <span class='ocrx_word' id='word_1_13' title='bbox 1588 648 2006 720; x_wconf 80' lang='lat' dir='ltr'><strong>Austrum.</strong></span> 
     </span>
    </p>

    <p class='ocr_par' dir='ltr' id='par_1_3' title="bbox 619 763 2169 1326">
     <span class='ocr_line' id='line_1_4' title="bbox 713 763 2166 861; baseline -0.006 -19"><span class='ocrx_word' id='word_1_14' title='bbox 713 768 1073 861; x_wconf 82' lang='lat' dir='ltr'>Septimo</span> <span class='ocrx_word' id='word_1_15' title='bbox 1117 770 1458 859; x_wconf 87' lang='lat' dir='ltr'>apparet</span> <span class='ocrx_word' id='word_1_16' title='bbox 1499 769 1820 839; x_wconf 89' lang='lat' dir='ltr'>cometa</span> <span class='ocrx_word' id='word_1_17' title='bbox 1855 763 2166 837; x_wconf 89' lang='lat' dir='ltr'>moveri</span> 
     </span>
     <span class='ocr_line' id='line_1_5' title="bbox 621 881 2167 975; baseline -0.004 -17"><span class='ocrx_word' id='word_1_18' title='bbox 621 886 1027 967; x_wconf 88' lang='lat' dir='ltr'>deorsum,</span> <span class='ocrx_word' id='word_1_19' title='bbox 1079 888 1159 957; x_wconf 87' lang='lat' dir='ltr'>et</span> <span class='ocrx_word' id='word_1_20' title='bbox 1202 884 1352 956; x_wconf 89' lang='lat' dir='ltr'>hoc</span> <span class='ocrx_word' id='word_1_21' title='bbox 1386 888 1534 966; x_wconf 87' lang='lat' dir='ltr'>est,</span> <span class='ocrx_word' id='word_1_22' title='bbox 1581 883 1708 954; x_wconf 88' lang='lat' dir='ltr'>vel</span> <span class='ocrx_word' id='word_1_23' title='bbox 1760 881 1947 975; x_wconf 91' lang='lat' dir='ltr'>quia</span> <span class='ocrx_word' id='word_1_24' title='bbox 2005 901 2167 952; x_wconf 90' lang='lat' dir='ltr'>ma-</span> 
     </span>
     <span class='ocr_line' id='line_1_6' title="bbox 621 998 2169 1092; baseline -0.005 -14"><span class='ocrx_word' id='word_1_25' title='bbox 621 1001 834 1077; x_wconf 86' lang='lat' dir='ltr'>teria</span> <span class='ocrx_word' id='word_1_26' title='bbox 868 1000 1579 1092; x_wconf 77' lang='lat' dir='ltr'>augmentabatur,</span> <span class='ocrx_word' id='word_1_27' title='bbox 1614 1000 1744 1072; x_wconf 89' lang='lat' dir='ltr'>vel</span> <span class='ocrx_word' id='word_1_28' title='bbox 1778 998 1965 1092; x_wconf 90' lang='lat' dir='ltr'>quia</span> <span class='ocrx_word' id='word_1_29' title='bbox 2001 999 2169 1071; x_wconf 91' lang='lat' dir='ltr'>des-</span> 
     </span>
     <span class='ocr_line' id='line_1_7' title="bbox 619 1116 2167 1210; baseline -0.003 -19"><span class='ocrx_word' id='word_1_30' title='bbox 619 1116 884 1193; x_wconf 88' lang='lat' dir='ltr'>cendit</span> <span class='ocrx_word' id='word_1_31' title='bbox 984 1121 1326 1210; x_wconf 87' lang='lat' dir='ltr'>propter</span> <span class='ocrx_word' id='word_1_32' title='bbox 1432 1116 1952 1206; x_wconf 86' lang='lat' dir='ltr'>gravitatem,</span> <span class='ocrx_word' id='word_1_33' title='bbox 2039 1116 2167 1188; x_wconf 85' lang='lat' dir='ltr'>vel</span> 
     </span>
     <span class='ocr_line' id='line_1_8' title="bbox 626 1231 1930 1326; baseline 0 -23"><span class='ocrx_word' id='word_1_34' title='bbox 626 1232 816 1326; x_wconf 91' lang='lat' dir='ltr'>quia</span> <span class='ocrx_word' id='word_1_35' title='bbox 853 1231 1107 1305; x_wconf 85' lang='lat' dir='ltr'>defuit</span> <span class='ocrx_word' id='word_1_36' title='bbox 1147 1232 1415 1306; x_wconf 88' lang='lat' dir='ltr'>virtus</span> <span class='ocrx_word' id='word_1_37' title='bbox 1457 1232 1930 1307; x_wconf 74' lang='lat' dir='ltr'>attractiva.</span> 
     </span>
    </p>

    <p class='ocr_par' dir='ltr' id='par_1_4' title="bbox 624 1348 2169 1791">
     <span class='ocr_line' id='line_1_9' title="bbox 714 1348 2169 1443; baseline -0.001 -23"><span class='ocrx_word' id='word_1_38' title='bbox 714 1352 834 1421; x_wconf 85' lang='lat' dir='ltr'>Ex</span> <span class='ocrx_word' id='word_1_39' title='bbox 885 1348 1046 1423; x_wconf 91' lang='lat' dir='ltr'>isto</span> <span class='ocrx_word' id='word_1_40' title='bbox 1108 1353 1451 1442; x_wconf 87' lang='lat' dir='ltr'>apparet</span> <span class='ocrx_word' id='word_1_41' title='bbox 1511 1371 1687 1443; x_wconf 82' lang='lat' dir='ltr'>quae</span> <span class='ocrx_word' id='word_1_42' title='bbox 1758 1350 1866 1423; x_wconf 91' lang='lat' dir='ltr'>sit</span> <span class='ocrx_word' id='word_1_43' title='bbox 1926 1348 2169 1423; x_wconf 90' lang='lat' dir='ltr'>stella</span> 
     </span>
     <span class='ocr_line' id='line_1_10' title="bbox 624 1465 2167 1559; baseline -0.001 -20"><span class='ocrx_word' id='word_1_44' title='bbox 624 1472 973 1548; x_wconf 83' lang='lat' dir='ltr'>comata,</span> <span class='ocrx_word' id='word_1_45' title='bbox 1020 1469 1419 1559; x_wconf 89' lang='lat' dir='ltr'>quomodo</span> <span class='ocrx_word' id='word_1_46' title='bbox 1446 1473 1905 1559; x_wconf 86' lang='lat' dir='ltr'>generetur,</span> <span class='ocrx_word' id='word_1_47' title='bbox 1943 1465 2167 1557; x_wconf 88' lang='lat' dir='ltr'>etqui</span> 
     </span>
     <span class='ocr_line' id='line_1_11' title="bbox 628 1582 2168 1674; baseline 0 -20"><span class='ocrx_word' id='word_1_48' title='bbox 628 1582 736 1655; x_wconf 86' lang='lat' dir='ltr'>sit</span> <span class='ocrx_word' id='word_1_49' title='bbox 797 1585 1093 1663; x_wconf 89' lang='lat' dir='ltr'>motus,</span> <span class='ocrx_word' id='word_1_50' title='bbox 1148 1586 1228 1656; x_wconf 91' lang='lat' dir='ltr'>et</span> <span class='ocrx_word' id='word_1_51' title='bbox 1287 1587 1576 1674; x_wconf 90' lang='lat' dir='ltr'>postea</span> <span class='ocrx_word' id='word_1_52' title='bbox 1670 1583 1986 1657; x_wconf 90' lang='lat' dir='ltr'>dicetur</span> <span class='ocrx_word' id='word_1_53' title='bbox 2076 1583 2168 1655; x_wconf 90' lang='lat' dir='ltr'>de</span> 
     </span>
     <span class='ocr_line' id='line_1_12' title="bbox 626 1697 1469 1791; baseline -0.001 -21"><span class='ocrx_word' id='word_1_54' title='bbox 626 1698 802 1791; x_wconf 88' lang='lat' dir='ltr'>ejus</span> <span class='ocrx_word' id='word_1_55' title='bbox 846 1697 1469 1789; x_wconf 85' lang='lat' dir='ltr'>significatione.</span> 
     </span>
    </p>

    <p class='ocr_par' dir='ltr' id='par_1_5' title="bbox 624 1814 2163 2022">
     <span class='ocr_line' id='line_1_13' title="bbox 717 1814 2163 1908; baseline -0.001 -22"><span class='ocrx_word' id='word_1_56' title='bbox 717 1815 1111 1887; x_wconf 81' lang='lat' dir='ltr'>Rationes</span> <span class='ocrx_word' id='word_1_57' title='bbox 1156 1820 1344 1889; x_wconf 89' lang='lat' dir='ltr'>sunt</span> <span class='ocrx_word' id='word_1_58' title='bbox 1388 1815 1679 1890; x_wconf 71' lang='lat' dir='ltr'>solutae</span> <span class='ocrx_word' id='word_1_59' title='bbox 1723 1836 1868 1908; x_wconf 90' lang='lat' dir='ltr'>per</span> <span class='ocrx_word' id='word_1_60' title='bbox 1915 1814 2163 1894; x_wconf 3' lang='lat' dir='ltr'>dicita;</span> 
     </span>
     <span class='ocr_line' id='line_1_14' title="bbox 624 1929 1614 2022; baseline 0.002 -20"><span class='ocrx_word' id='word_1_61' title='bbox 624 1933 706 2003; x_wconf 89' lang='lat' dir='ltr'>et</span> <span class='ocrx_word' id='word_1_62' title='bbox 747 1930 862 2003; x_wconf 91' lang='lat' dir='ltr'>sic</span> <span class='ocrx_word' id='word_1_63' title='bbox 894 1929 1075 2003; x_wconf 85' lang='lat' dir='ltr'>finis</span> <span class='ocrx_word' id='word_1_64' title='bbox 1112 1931 1614 2022; x_wconf 68' lang='lat' dir='ltr'>quaestionis</span> 
     </span>
    </p>
   </div>
   <div class='ocr_carea' id='block_1_3' title="bbox 1117 2239 1853 2321">
    <p class='ocr_par' dir='ltr' id='par_1_6' title="bbox 1117 2239 1853 2321">
     <span class='ocr_line' id='line_1_15' title="bbox 1117 2239 1853 2321; baseline -0.019 0"><span class='ocrx_word' id='word_1_65' title='bbox 1117 2240 1586 2321; x_wconf 86' lang='lat' dir='ltr'><strong>QUAESTIO</strong></span> <span class='ocrx_word' id='word_1_66' title='bbox 1632 2239 1853 2310; x_wconf 87' lang='lat' dir='ltr'><strong>XIX.</strong></span> 
     </span>
    </p>
   </div>
   <div class='ocr_carea' id='block_1_4' title="bbox 700 2438 2114 2516">
    <p class='ocr_par' dir='ltr' id='par_1_7' title="bbox 700 2438 2114 2516">
     <span class='ocr_line' id='line_1_16' title="bbox 700 2438 2114 2516; baseline -0.001 -19"><span class='ocrx_word' id='word_1_67' title='bbox 700 2440 925 2499; x_wconf 76' lang='lat' dir='ltr'>Utrum</span> <span class='ocrx_word' id='word_1_68' title='bbox 965 2438 1154 2499; x_wconf 71' lang='lat' dir='ltr'>stella</span> <span class='ocrx_word' id='word_1_69' title='bbox 1185 2443 1446 2499; x_wconf 78' lang='lat' dir='ltr'>comata</span> <span class='ocrx_word' id='word_1_70' title='bbox 1486 2439 1795 2516; x_wconf 72' lang='lat' dir='ltr'>sz’ynt&#39;llcet</span> <span class='ocrx_word' id='word_1_71' title='bbox 1838 2442 2114 2499; x_wconf 79' lang='lat' dir='ltr'>mortem</span> 
     </span>
    </p>
   </div>
   <div class='ocr_carea' id='block_1_5' title="bbox 277 2547 2174 2944">
    <p class='ocr_par' dir='ltr' id='par_1_8' title="bbox 277 2547 2174 2944">
     <span class='ocr_line' id='line_1_17' title="bbox 1144 2547 1558 2623; baseline -0.005 -16"><span class='ocrx_word' id='word_1_72' title='bbox 1144 2547 1558 2623; x_wconf 76' lang='lat' dir='ltr'>Principum?</span> 
     </span>
     <span class='ocr_line' id='line_1_18' title="bbox 404 2733 2172 2834; baseline 0.001 -28"><span class='ocrx_word' id='word_1_73' title='bbox 404 2758 456 2811; x_wconf 72' lang='grc' dir='ltr'>ι.</span> <span class='ocrx_word' id='word_1_74' title='bbox 556 2821 569 2834; x_wconf 93' lang='lat'>.</span> <span class='ocrx_word' id='word_1_75' title='bbox 714 2733 1116 2823; x_wconf 74' lang='lat' dir='ltr'>Arguitur</span> <span class='ocrx_word' id='word_1_76' title='bbox 1157 2735 1362 2825; x_wconf 88' lang='lat' dir='ltr'>quod</span> <span class='ocrx_word' id='word_1_77' title='bbox 1420 2755 1605 2816; x_wconf 92' lang='lat' dir='ltr'>non,</span> <span class='ocrx_word' id='word_1_78' title='bbox 1654 2733 1841 2826; x_wconf 92' lang='lat' dir='ltr'>quia</span> <span class='ocrx_word' id='word_1_79' title='bbox 1873 2754 2031 2806; x_wconf 91' lang='lat' dir='ltr'>non</span> <span class='ocrx_word' id='word_1_80' title='bbox 2075 2735 2172 2808; x_wconf 87' lang='lat' dir='ltr'>si-</span> 
     </span>
     <span class='ocr_line' id='line_1_19' title="bbox 277 2823 2174 2944; baseline -0.011 -19"><span class='ocrx_word' id='word_1_81' title='bbox 277 2823 599 2936; x_wconf 54' lang='lat' dir='ltr'>A&#39;223,„5‡&#39;‘²’</span> <span class='ocrx_word' id='word_1_82' title='bbox 626 2848 959 2939; x_wconf 84' lang='lat' dir='ltr'>gnificat</span> <span class='ocrx_word' id='word_1_83' title='bbox 1052 2854 1405 2924; x_wconf 88' lang='lat' dir='ltr'>mortem</span> <span class='ocrx_word' id='word_1_84' title='bbox 1474 2871 1964 2944; x_wconf 89' lang='lat' dir='ltr'>pauperum;</span> <span class='ocrx_word' id='word_1_85' title='bbox 2030 2852 2174 2941; x_wconf 76' lang='lat' dir='ltr'>igi-</span> 
     </span>
    </p>
   </div>
   <div class='ocr_carea' id='block_1_6' title="bbox 618 2966 2176 5639">
    <p class='ocr_par' dir='ltr' id='par_1_9' title="bbox 618 2966 2176 3643">
     <span class='ocr_line' id='line_1_20' title="bbox 624 2966 2175 3059; baseline -0.003 -15"><span class='ocrx_word' id='word_1_86' title='bbox 624 2976 765 3045; x_wconf 89' lang='lat' dir='ltr'>tur</span> <span class='ocrx_word' id='word_1_87' title='bbox 818 2989 961 3040; x_wconf 90' lang='lat' dir='ltr'>nec</span> <span class='ocrx_word' id='word_1_88' title='bbox 1021 2966 1521 3059; x_wconf 80' lang='lat' dir='ltr'>Principum.</span> <span class='ocrx_word' id='word_1_89' title='bbox 1578 2969 2175 3059; x_wconf 84' lang='lat' dir='ltr'>Consequentia</span> 
     </span>
     <span class='ocr_line' id='line_1_21' title="bbox 625 3082 2173 3177; baseline -0.002 -17"><span class='ocrx_word' id='word_1_90' title='bbox 625 3088 873 3165; x_wconf 84' lang='lat' dir='ltr'>tenet,</span> <span class='ocrx_word' id='word_1_91' title='bbox 955 3082 1145 3175; x_wconf 92' lang='lat' dir='ltr'>quia</span> <span class='ocrx_word' id='word_1_92' title='bbox 1215 3087 1383 3157; x_wconf 88' lang='lat' dir='ltr'>tam</span> <span class='ocrx_word' id='word_1_93' title='bbox 1456 3102 1858 3176; x_wconf 85' lang='lat' dir='ltr'>pauperes</span> <span class='ocrx_word' id='word_1_94' title='bbox 1931 3105 2173 3177; x_wconf 90' lang='lat' dir='ltr'>quam</span> 
     </span>
     <span class='ocr_line' id='line_1_22' title="bbox 625 3202 2175 3296; baseline 0.001 -21"><span class='ocrx_word' id='word_1_95' title='bbox 625 3203 1047 3296; x_wconf 80' lang='lat' dir='ltr'>Principes</span> <span class='ocrx_word' id='word_1_96' title='bbox 1089 3202 1535 3275; x_wconf 81' lang='lat' dir='ltr'>existentes</span> <span class='ocrx_word' id='word_1_97' title='bbox 1588 3202 1669 3273; x_wconf 90' lang='lat' dir='ltr'>in</span> <span class='ocrx_word' id='word_1_98' title='bbox 1714 3204 1992 3276; x_wconf 87' lang='lat' dir='ltr'>eadem</span> <span class='ocrx_word' id='word_1_99' title='bbox 2057 3224 2175 3277; x_wconf 91' lang='lat' dir='ltr'>re-</span> 
     </span>
     <span class='ocr_line' id='line_1_23' title="bbox 625 3318 2173 3412; baseline 0.001 -21"><span class='ocrx_word' id='word_1_100' title='bbox 625 3319 890 3412; x_wconf 90' lang='lat' dir='ltr'>gione,</span> <span class='ocrx_word' id='word_1_101' title='bbox 948 3323 1136 3391; x_wconf 88' lang='lat' dir='ltr'>sunt</span> <span class='ocrx_word' id='word_1_102' title='bbox 1196 3318 1344 3391; x_wconf 90' lang='lat' dir='ltr'>sub</span> <span class='ocrx_word' id='word_1_103' title='bbox 1416 3319 1691 3390; x_wconf 89' lang='lat' dir='ltr'>eadem</span> <span class='ocrx_word' id='word_1_104' title='bbox 1743 3319 2173 3393; x_wconf 87' lang='lat' dir='ltr'>constella-</span> 
     </span>
     <span class='ocr_line' id='line_1_24' title="bbox 622 3434 2176 3526; baseline -0.003 -16"><span class='ocrx_word' id='word_1_105' title='bbox 622 3436 868 3510; x_wconf 84' lang='lat' dir='ltr'>tione.</span> <span class='ocrx_word' id='word_1_106' title='bbox 938 3437 1038 3508; x_wconf 85' lang='lat' dir='ltr'>Et</span> <span class='ocrx_word' id='word_1_107' title='bbox 1097 3434 1577 3508; x_wconf 81' lang='lat' dir='ltr'>antecedens</span> <span class='ocrx_word' id='word_1_108' title='bbox 1658 3438 1907 3526; x_wconf 88' lang='lat' dir='ltr'>patet,</span> <span class='ocrx_word' id='word_1_109' title='bbox 1986 3434 2176 3526; x_wconf 91' lang='lat' dir='ltr'>quia</span> 
     </span>
     <span class='ocr_line' id='line_1_25' title="bbox 618 3549 2170 3643; baseline -0.001 -20"><span class='ocrx_word' id='word_1_110' title='bbox 618 3552 887 3624; x_wconf 89' lang='lat' dir='ltr'>nullus</span> <span class='ocrx_word' id='word_1_111' title='bbox 924 3549 1196 3643; x_wconf 88' lang='lat' dir='ltr'>posuit</span> <span class='ocrx_word' id='word_1_112' title='bbox 1243 3570 1422 3623; x_wconf 90' lang='lat' dir='ltr'>eam</span> <span class='ocrx_word' id='word_1_113' title='bbox 1494 3550 1610 3622; x_wconf 88' lang='lat' dir='ltr'>sic</span> <span class='ocrx_word' id='word_1_114' title='bbox 1681 3550 2170 3641; x_wconf 84' lang='lat' dir='ltr'>significare.</span> 
     </span>
    </p>

    <p class='ocr_par' dir='ltr' id='par_1_10' title="bbox 621 3666 2175 4344">
     <span class='ocr_line' id='line_1_26' title="bbox 718 3666 2174 3760; baseline -0.001 -19"><span class='ocrx_word' id='word_1_115' title='bbox 718 3668 1105 3749; x_wconf 86' lang='lat' dir='ltr'>Secundo,</span> <span class='ocrx_word' id='word_1_116' title='bbox 1260 3666 1442 3739; x_wconf 86' lang='lat' dir='ltr'>aliae</span> <span class='ocrx_word' id='word_1_117' title='bbox 1588 3666 2174 3760; x_wconf 86' lang='lat' dir='ltr'>impressiones</span> 
     </span>
     <span class='ocr_line' id='line_1_27' title="bbox 621 3784 2175 3875; baseline -0.002 -18"><span class='ocrx_word' id='word_1_118' title='bbox 621 3785 899 3875; x_wconf 84' lang='lat' dir='ltr'>ignitae</span> <span class='ocrx_word' id='word_1_119' title='bbox 932 3805 1091 3857; x_wconf 92' lang='lat' dir='ltr'>non</span> <span class='ocrx_word' id='word_1_120' title='bbox 1125 3785 1451 3873; x_wconf 84' lang='lat' dir='ltr'>signant</span> <span class='ocrx_word' id='word_1_121' title='bbox 1487 3789 1835 3857; x_wconf 88' lang='lat' dir='ltr'>mortem</span> <span class='ocrx_word' id='word_1_122' title='bbox 1873 3784 2175 3855; x_wconf 90' lang='lat' dir='ltr'>Princi-</span> 
     </span>
     <span class='ocr_line' id='line_1_28' title="bbox 622 3900 2174 3995; baseline -0.002 -22"><span class='ocrx_word' id='word_1_123' title='bbox 622 3923 854 3995; x_wconf 89' lang='lat' dir='ltr'>pum;</span> <span class='ocrx_word' id='word_1_124' title='bbox 891 3920 1095 3990; x_wconf 90' lang='lat' dir='ltr'>ergo</span> <span class='ocrx_word' id='word_1_125' title='bbox 1129 3921 1273 3974; x_wconf 90' lang='lat' dir='ltr'>nec</span> <span class='ocrx_word' id='word_1_126' title='bbox 1317 3900 1555 3972; x_wconf 88' lang='lat' dir='ltr'>stella</span> <span class='ocrx_word' id='word_1_127' title='bbox 1587 3905 1936 3973; x_wconf 88' lang='lat' dir='ltr'>comata.</span> <span class='ocrx_word' id='word_1_128' title='bbox 1977 3905 2174 3974; x_wconf 91' lang='lat' dir='ltr'>Con-</span> 
     </span>
     <span class='ocr_line' id='line_1_29' title="bbox 625 4016 2174 4110; baseline -0.001 -19"><span class='ocrx_word' id='word_1_129' title='bbox 625 4018 1047 4110; x_wconf 86' lang='lat' dir='ltr'>sequentia</span> <span class='ocrx_word' id='word_1_130' title='bbox 1087 4021 1332 4097; x_wconf 89' lang='lat' dir='ltr'>tenet,</span> <span class='ocrx_word' id='word_1_131' title='bbox 1382 4017 1569 4109; x_wconf 89' lang='lat' dir='ltr'>quia</span> <span class='ocrx_word' id='word_1_132' title='bbox 1600 4016 1803 4091; x_wconf 88' lang='lat' dir='ltr'>fiunt</span> <span class='ocrx_word' id='word_1_133' title='bbox 1847 4039 1945 4089; x_wconf 86' lang='lat' dir='ltr'>ex</span> <span class='ocrx_word' id='word_1_134' title='bbox 1988 4039 2174 4090; x_wconf 91' lang='lat' dir='ltr'>eon-</span> 
     </span>
     <span class='ocr_line' id='line_1_30' title="bbox 624 4133 2173 4226; baseline -0.001 -21"><span class='ocrx_word' id='word_1_135' title='bbox 624 4134 877 4206; x_wconf 90' lang='lat' dir='ltr'>simili</span> <span class='ocrx_word' id='word_1_136' title='bbox 915 4133 1287 4206; x_wconf 88' lang='lat' dir='ltr'>materia.</span> <span class='ocrx_word' id='word_1_137' title='bbox 1338 4136 1439 4206; x_wconf 87' lang='lat' dir='ltr'>Et</span> <span class='ocrx_word' id='word_1_138' title='bbox 1500 4133 1979 4207; x_wconf 83' lang='lat' dir='ltr'>antecedens</span> <span class='ocrx_word' id='word_1_139' title='bbox 2040 4153 2173 4226; x_wconf 89' lang='lat' dir='ltr'>ap-</span> 
     </span>
     <span class='ocr_line' id='line_1_31' title="bbox 630 4248 1664 4344; baseline -0.004 -22"><span class='ocrx_word' id='word_1_140' title='bbox 630 4254 868 4344; x_wconf 89' lang='lat' dir='ltr'>paret</span> <span class='ocrx_word' id='word_1_141' title='bbox 909 4251 1005 4323; x_wconf 89' lang='lat' dir='ltr'>ad</span> <span class='ocrx_word' id='word_1_142' title='bbox 1045 4248 1664 4342; x_wconf 85' lang='lat' dir='ltr'>experientiam.</span> 
     </span>
    </p>

    <p class='ocr_par' dir='ltr' id='par_1_11' title="bbox 624 4366 2176 5157">
     <span class='ocr_line' id='line_1_32' title="bbox 721 4366 2173 4457; baseline -0.001 -17"><span class='ocrx_word' id='word_1_143' title='bbox 721 4366 1024 4449; x_wconf 84' lang='lat' dir='ltr'>Tertio,</span> <span class='ocrx_word' id='word_1_144' title='bbox 1100 4366 1289 4457; x_wconf 90' lang='lat' dir='ltr'>quia</span> <span class='ocrx_word' id='word_1_145' title='bbox 1357 4366 1595 4439; x_wconf 89' lang='lat' dir='ltr'>stella</span> <span class='ocrx_word' id='word_1_146' title='bbox 1672 4369 1997 4438; x_wconf 90' lang='lat' dir='ltr'>comata</span> <span class='ocrx_word' id='word_1_147' title='bbox 2073 4366 2173 4440; x_wconf 92' lang='lat' dir='ltr'>si-</span> 
     </span>
     <span class='ocr_line' id='line_1_33' title="bbox 631 4482 2176 4577; baseline -0.001 -21"><span class='ocrx_word' id='word_1_148' title='bbox 631 4489 828 4577; x_wconf 88' lang='lat' dir='ltr'>gnat</span> <span class='ocrx_word' id='word_1_149' title='bbox 868 4487 1183 4563; x_wconf 85' lang='lat' dir='ltr'>ventos,</span> <span class='ocrx_word' id='word_1_150' title='bbox 1229 4486 1309 4557; x_wconf 89' lang='lat' dir='ltr'>et</span> <span class='ocrx_word' id='word_1_151' title='bbox 1367 4482 1868 4563; x_wconf 84' lang='lat' dir='ltr'>siccitatem3</span> <span class='ocrx_word' id='word_1_152' title='bbox 1916 4482 2176 4574; x_wconf 87' lang='lat' dir='ltr'>igitur</span> 
     </span>
     <span class='ocr_line' id='line_1_34' title="bbox 625 4598 2168 4690; baseline -0.003 -18"><span class='ocrx_word' id='word_1_153' title='bbox 625 4620 785 4672; x_wconf 92' lang='lat' dir='ltr'>non</span> <span class='ocrx_word' id='word_1_154' title='bbox 821 4598 1227 4689; x_wconf 86' lang='lat' dir='ltr'>significat</span> <span class='ocrx_word' id='word_1_155' title='bbox 1279 4603 1628 4672; x_wconf 89' lang='lat' dir='ltr'>mortem</span> <span class='ocrx_word' id='word_1_156' title='bbox 1674 4598 2168 4690; x_wconf 80' lang='lat' dir='ltr'>Principum.</span> 
     </span>
     <span class='ocr_line' id='line_1_35' title="bbox 626 4714 2173 4808; baseline -0.003 -16"><span class='ocrx_word' id='word_1_157' title='bbox 626 4715 1226 4808; x_wconf 87' lang='lat' dir='ltr'>Consequentia</span> <span class='ocrx_word' id='word_1_158' title='bbox 1258 4719 1502 4796; x_wconf 88' lang='lat' dir='ltr'>tenet,</span> <span class='ocrx_word' id='word_1_159' title='bbox 1544 4714 1735 4807; x_wconf 90' lang='lat' dir='ltr'>quia</span> <span class='ocrx_word' id='word_1_160' title='bbox 1777 4714 2016 4786; x_wconf 87' lang='lat' dir='ltr'>unius</span> <span class='ocrx_word' id='word_1_161' title='bbox 2073 4715 2173 4787; x_wconf 89' lang='lat' dir='ltr'>si-</span> 
     </span>
     <span class='ocr_line' id='line_1_36' title="bbox 625 4830 2174 4922; baseline 0.003 -19"><span class='ocrx_word' id='word_1_162' title='bbox 625 4833 761 4922; x_wconf 88' lang='lat' dir='ltr'>gni</span> <span class='ocrx_word' id='word_1_163' title='bbox 793 4832 1025 4905; x_wconf 86' lang='lat' dir='ltr'>debet</span> <span class='ocrx_word' id='word_1_164' title='bbox 1065 4853 1242 4903; x_wconf 88' lang='lat' dir='ltr'>esse</span> <span class='ocrx_word' id='word_1_165' title='bbox 1295 4853 1543 4904; x_wconf 90' lang='lat' dir='ltr'>unum</span> <span class='ocrx_word' id='word_1_166' title='bbox 1588 4830 2030 4922; x_wconf 87' lang='lat' dir='ltr'>signatum.</span> <span class='ocrx_word' id='word_1_167' title='bbox 2073 4834 2174 4907; x_wconf 87' lang='lat' dir='ltr'>Et</span> 
     </span>
     <span class='ocr_line' id='line_1_37' title="bbox 625 4948 2173 5041; baseline -0.001 -20"><span class='ocrx_word' id='word_1_168' title='bbox 625 4948 1102 5021; x_wconf 83' lang='lat' dir='ltr'>antecedens</span> <span class='ocrx_word' id='word_1_169' title='bbox 1173 4951 1517 5040; x_wconf 87' lang='lat' dir='ltr'>apparet</span> <span class='ocrx_word' id='word_1_170' title='bbox 1577 4948 2173 5041; x_wconf 86' lang='lat' dir='ltr'>perAristote-</span> 
     </span>
     <span class='ocr_line' id='line_1_38' title="bbox 624 5064 1829 5157; baseline -0.002 -20"><span class='ocrx_word' id='word_1_171' title='bbox 624 5065 782 5137; x_wconf 91' lang='lat' dir='ltr'>lem</span> <span class='ocrx_word' id='word_1_172' title='bbox 817 5064 897 5136; x_wconf 92' lang='lat' dir='ltr'>in</span> <span class='ocrx_word' id='word_1_173' title='bbox 931 5064 1088 5137; x_wconf 90' lang='lat' dir='ltr'>isto</span> <span class='ocrx_word' id='word_1_174' title='bbox 1134 5064 1425 5157; x_wconf 88' lang='lat' dir='ltr'>primo.</span> <span class='ocrx_word' id='word_1_175' title='bbox 1823 5137 1829 5143; x_wconf 69' lang='lat'><strong><em>,</em></strong></span> 
     </span>
    </p>

    <p class='ocr_par' dir='ltr' id='par_1_12' title="bbox 627 5183 2175 5639">
     <span class='ocr_line' id='line_1_39' title="bbox 718 5183 2175 5273; baseline 0 -16"><span class='ocrx_word' id='word_1_176' title='bbox 718 5190 1053 5270; x_wconf 84' lang='lat' dir='ltr'>Quarto,</span> <span class='ocrx_word' id='word_1_177' title='bbox 1120 5183 1461 5257; x_wconf 82' lang='lat' dir='ltr'>Galaxia</span> <span class='ocrx_word' id='word_1_178' title='bbox 1528 5203 1689 5255; x_wconf 90' lang='lat' dir='ltr'>non</span> <span class='ocrx_word' id='word_1_179' title='bbox 1766 5183 2175 5273; x_wconf 78' lang='lat' dir='ltr'>significat</span> 
     </span>
     <span class='ocr_line' id='line_1_40' title="bbox 630 5299 2172 5391; baseline -0.006 -12"><span class='ocrx_word' id='word_1_180' title='bbox 630 5308 983 5379; x_wconf 86' lang='lat' dir='ltr'>mortem</span> <span class='ocrx_word' id='word_1_181' title='bbox 1021 5299 1531 5391; x_wconf 78' lang='lat' dir='ltr'>Pi·inci1mm;</span> <span class='ocrx_word' id='word_1_182' title='bbox 1569 5320 1768 5387; x_wconf 83' lang='lat' dir='ltr'>ergo</span> <span class='ocrx_word' id='word_1_183' title='bbox 1812 5322 1954 5373; x_wconf 90' lang='lat' dir='ltr'>nec</span> <span class='ocrx_word' id='word_1_184' title='bbox 1990 5301 2172 5373; x_wconf 83' lang='lat' dir='ltr'>stel-</span> 
     </span>
     <span class='ocr_line' id='line_1_41' title="bbox 627 5417 2168 5508; baseline -0.003 -12"><span class='ocrx_word' id='word_1_185' title='bbox 627 5425 706 5496; x_wconf 90' lang='lat' dir='ltr'>la</span> <span class='ocrx_word' id='word_1_186' title='bbox 789 5423 1141 5494; x_wconf 90' lang='lat' dir='ltr'>comata.</span> <span class='ocrx_word' id='word_1_187' title='bbox 1239 5417 1834 5506; x_wconf 82' lang='lat' dir='ltr'>Consequentia</span> <span class='ocrx_word' id='word_1_188' title='bbox 1921 5421 2168 5508; x_wconf 83' lang='lat' dir='ltr'>patet,</span> 
     </span>
     <span class='ocr_line' id='line_1_42' title="bbox 627 5530 2175 5639; baseline 0.005 -33"><span class='ocrx_word' id='word_1_189' title='bbox 627 5537 815 5639; x_wconf 86' lang='lat' dir='ltr'>quia</span> <span class='ocrx_word' id='word_1_190' title='bbox 857 5537 1044 5609; x_wconf 83' lang='lat' dir='ltr'>sunt</span> <span class='ocrx_word' id='word_1_191' title='bbox 1087 5530 1381 5607; x_wconf 84' lang='lat' dir='ltr'>similis</span> <span class='ocrx_word' id='word_1_192' title='bbox 1424 5534 1763 5611; x_wconf 58' lang='lat' dir='ltr'>naturae.</span> <span class='ocrx_word' id='word_1_193' title='bbox 1823 5533 1924 5613; x_wconf 79' lang='lat' dir='ltr'>Et</span> <span class='ocrx_word' id='word_1_194' title='bbox 1957 5537 2175 5613; x_wconf 72' lang='lat' dir='ltr'>ante-</span> 
     </span>
    </p>
   </div>
   <div class='ocr_carea' id='block_1_7' title="bbox 281 3701 591 3751">
    <p class='ocr_par' dir='ltr' id='par_1_13' title="bbox 281 3701 591 3751">
     <span class='ocr_line' id='line_1_43' title="bbox 281 3701 591 3751; baseline 0.01 -3"><span class='ocrx_word' id='word_1_195' title='bbox 281 3701 591 3751; x_wconf 77' lang='lat' dir='ltr'>Secundum</span> 
     </span>
    </p>
   </div>
   <div class='ocr_carea' id='block_1_8' title="bbox 312 4395 561 4447">
    <p class='ocr_par' dir='ltr' id='par_1_14' title="bbox 312 4395 561 4447">
     <span class='ocr_line' id='line_1_44' title="bbox 312 4395 561 4447; baseline 0.008 -2"><span class='ocrx_word' id='word_1_196' title='bbox 312 4395 561 4447; x_wconf 76' lang='lat' dir='ltr'>Tertium.</span> 
     </span>
    </p>
   </div>
   <div class='ocr_carea' id='block_1_9' title="bbox 282 5227 567 5282">
    <p class='ocr_par' dir='ltr' id='par_1_15' title="bbox 282 5227 567 5282">
     <span class='ocr_line' id='line_1_45' title="bbox 282 5227 567 5282; baseline 0.011 -6"><span class='ocrx_word' id='word_1_197' title='bbox 282 5227 567 5282; x_wconf 73' lang='lat' dir='ltr'>Quartum.</span> 
     </span>
    </p>
   </div>
   <div class='ocr_carea' id='block_1_10' title="bbox 2277 527 4223 4817">
    <p class='ocr_par' dir='ltr' id='par_1_16' title="bbox 2277 527 3824 856">
     <span class='ocr_line' id='line_1_46' title="bbox 2279 527 3824 624; baseline 0.001 -23"><span class='ocrx_word' id='word_1_198' title='bbox 2279 529 2563 601; x_wconf 90' lang='lat' dir='ltr'>cedens</span> <span class='ocrx_word' id='word_1_199' title='bbox 2599 532 2963 622; x_wconf 89' lang='lat' dir='ltr'>apperet‚</span> <span class='ocrx_word' id='word_1_200' title='bbox 3010 527 3200 620; x_wconf 87' lang='lat' dir='ltr'>quia</span> <span class='ocrx_word' id='word_1_201' title='bbox 3226 528 3294 601; x_wconf 92' lang='lat' dir='ltr'>si</span> <span class='ocrx_word' id='word_1_202' title='bbox 3321 528 3462 611; x_wconf 87' lang='lat' dir='ltr'>sic,</span> <span class='ocrx_word' id='word_1_203' title='bbox 3502 550 3824 624; x_wconf 88' lang='lat' dir='ltr'>semper</span> 
     </span>
     <span class='ocr_line' id='line_1_47' title="bbox 2281 645 3822 740; baseline 0.003 -22"><span class='ocrx_word' id='word_1_204' title='bbox 2281 650 2810 721; x_wconf 89' lang='lat' dir='ltr'>morerentur</span> <span class='ocrx_word' id='word_1_205' title='bbox 2877 645 3325 739; x_wconf 62' lang='lat' dir='ltr'>Principes»,</span> <span class='ocrx_word' id='word_1_206' title='bbox 3412 649 3620 740; x_wconf 89' lang='lat' dir='ltr'>quod</span> <span class='ocrx_word' id='word_1_207' title='bbox 3697 652 3822 722; x_wconf 90' lang='lat' dir='ltr'>est</span> 
     </span>
     <span class='ocr_line' id='line_1_48' title="bbox 2277 762 3228 856; baseline -0.003 -21"><span class='ocrx_word' id='word_1_208' title='bbox 2277 767 2571 835; x_wconf 89' lang='lat' dir='ltr'>contra</span> <span class='ocrx_word' id='word_1_209' title='bbox 2610 762 3228 856; x_wconf 81' lang='lat' dir='ltr'>experientiam.</span> 
     </span>
    </p>

    <p class='ocr_par' dir='ltr' id='par_1_17' title="bbox 2277 879 4155 3050">
     <span class='ocr_line' id='line_1_49' title="bbox 2368 879 4155 973; baseline 0.002 -23"><span class='ocrx_word' id='word_1_210' title='bbox 2368 879 2690 964; x_wconf 85' lang='lat' dir='ltr'>Quinte,</span> <span class='ocrx_word' id='word_1_211' title='bbox 2757 880 2946 973; x_wconf 88' lang='lat' dir='ltr'>quia.</span> <span class='ocrx_word' id='word_1_212' title='bbox 3008 880 3247 953; x_wconf 88' lang='lat' dir='ltr'>stella</span> <span class='ocrx_word' id='word_1_213' title='bbox 3325 886 3651 955; x_wconf 87' lang='lat' dir='ltr'>comata</span> <span class='ocrx_word' id='word_1_214' title='bbox 3721 882 3820 955; x_wconf 88' lang='lat' dir='ltr'>si·</span> <span class='ocrx_word' id='word_1_215' title='bbox 3870 907 4155 963; x_wconf 73' lang='lat' dir='ltr'>Qutntum.</span> 
     </span>
     <span class='ocr_line' id='line_1_50' title="bbox 2280 995 3811 1092; baseline 0.005 -26"><span class='ocrx_word' id='word_1_216' title='bbox 2280 995 2708 1088; x_wconf 85' lang='lat' dir='ltr'>gnificaret</span> <span class='ocrx_word' id='word_1_217' title='bbox 2822 1003 3175 1073; x_wconf 89' lang='lat' dir='ltr'>mortem</span> <span class='ocrx_word' id='word_1_218' title='bbox 3307 999 3811 1092; x_wconf 84' lang='lat' dir='ltr'>Principum,</span> 
     </span>
     <span class='ocr_line' id='line_1_51' title="bbox 2277 1114 3816 1197; baseline 0.004 -13"><span class='ocrx_word' id='word_1_219' title='bbox 2277 1114 2405 1185; x_wconf 89' lang='lat' dir='ltr'>vel</span> <span class='ocrx_word' id='word_1_220' title='bbox 2439 1119 2526 1188; x_wconf 91' lang='lat' dir='ltr'>ut</span> <span class='ocrx_word' id='word_1_221' title='bbox 2558 1134 2807 1188; x_wconf 90' lang='lat' dir='ltr'>eausa</span> <span class='ocrx_word' id='word_1_222' title='bbox 2849 1114 3088 1189; x_wconf 88' lang='lat' dir='ltr'>istius</span> <span class='ocrx_word' id='word_1_223' title='bbox 3140 1116 3461 1197; x_wconf 88' lang='lat' dir='ltr'>mortis,</span> <span class='ocrx_word' id='word_1_224' title='bbox 3530 1116 3660 1189; x_wconf 84' lang='lat' dir='ltr'>vel</span> <span class='ocrx_word' id='word_1_225' title='bbox 3728 1121 3816 1191; x_wconf 90' lang='lat' dir='ltr'>ut</span> 
     </span>
     <span class='ocr_line' id='line_1_52' title="bbox 2279 1227 3821 1325; baseline 0.003 -23"><span class='ocrx_word' id='word_1_226' title='bbox 2279 1230 2613 1304; x_wconf 88' lang='lat' dir='ltr'>effectus</span> <span class='ocrx_word' id='word_1_227' title='bbox 2657 1231 2937 1325; x_wconf 57' lang='lat' dir='ltr'>ipsius</span> <span class='ocrx_word' id='word_1_228' title='bbox 2981 1232 3106 1302; x_wconf 90' lang='lat' dir='ltr'>vel</span> <span class='ocrx_word' id='word_1_229' title='bbox 3140 1227 3228 1307; x_wconf 89' lang='lat' dir='ltr'>ut</span> <span class='ocrx_word' id='word_1_230' title='bbox 3259 1232 3623 1323; x_wconf 78' lang='lat' dir='ltr'>signum:</span> <span class='ocrx_word' id='word_1_231' title='bbox 3660 1253 3821 1306; x_wconf 91' lang='lat' dir='ltr'>non</span> 
     </span>
     <span class='ocr_line' id='line_1_53' title="bbox 2281 1347 3829 1439; baseline 0.003 -24"><span class='ocrx_word' id='word_1_232' title='bbox 2281 1349 2371 1420; x_wconf 89' lang='lat' dir='ltr'>ut</span> <span class='ocrx_word' id='word_1_233' title='bbox 2412 1366 2685 1429; x_wconf 86' lang='lat' dir='ltr'>causa,</span> <span class='ocrx_word' id='word_1_234' title='bbox 2735 1347 2922 1439; x_wconf 92' lang='lat' dir='ltr'>quia</span> <span class='ocrx_word' id='word_1_235' title='bbox 2982 1352 3172 1420; x_wconf 88' lang='lat' dir='ltr'>tunc</span> <span class='ocrx_word' id='word_1_236' title='bbox 3218 1348 3459 1420; x_wconf 89' lang='lat' dir='ltr'>stella</span> <span class='ocrx_word' id='word_1_237' title='bbox 3501 1355 3829 1422; x_wconf 87' lang='lat' dir='ltr'>comata</span> 
     </span>
     <span class='ocr_line' id='line_1_54' title="bbox 2282 1460 3824 1555; baseline 0.002 -22"><span class='ocrx_word' id='word_1_238' title='bbox 2282 1460 2573 1554; x_wconf 84' lang='lat' dir='ltr'>posita,</span> <span class='ocrx_word' id='word_1_239' title='bbox 2616 1468 3305 1555; x_wconf 88' lang='lat' dir='ltr'>ponereturmors</span> <span class='ocrx_word' id='word_1_240' title='bbox 3328 1462 3824 1555; x_wconf 89' lang='lat' dir='ltr'>Principum,</span> 
     </span>
     <span class='ocr_line' id='line_1_55' title="bbox 2281 1577 3832 1673; baseline 0.005 -25"><span class='ocrx_word' id='word_1_241' title='bbox 2281 1577 2488 1670; x_wconf 90' lang='lat' dir='ltr'>quod</span> <span class='ocrx_word' id='word_1_242' title='bbox 2519 1582 2643 1652; x_wconf 87' lang='lat' dir='ltr'>est</span> <span class='ocrx_word' id='word_1_243' title='bbox 2687 1584 2980 1654; x_wconf 89' lang='lat' dir='ltr'>contra</span> <span class='ocrx_word' id='word_1_244' title='bbox 3034 1579 3653 1673; x_wconf 83' lang='lat' dir='ltr'>experientiam.</span> <span class='ocrx_word' id='word_1_245' title='bbox 3729 1584 3832 1656; x_wconf 85' lang='lat' dir='ltr'>Et</span> 
     </span>
     <span class='ocr_line' id='line_1_56' title="bbox 2281 1695 3836 1790; baseline 0.003 -26"><span class='ocrx_word' id='word_1_246' title='bbox 2281 1697 2506 1786; x_wconf 84' lang='lat' dir='ltr'>patet</span> <span class='ocrx_word' id='word_1_247' title='bbox 2586 1695 3198 1786; x_wconf 85' lang='lat' dir='ltr'>consequentia,</span> <span class='ocrx_word' id='word_1_248' title='bbox 3299 1697 3487 1788; x_wconf 88' lang='lat' dir='ltr'>quia</span> <span class='ocrx_word' id='word_1_249' title='bbox 3564 1699 3836 1790; x_wconf 89' lang='lat' dir='ltr'>posita</span> 
     </span>
     <span class='ocr_line' id='line_1_57' title="bbox 2281 1811 3839 1903; baseline 0.004 -20"><span class='ocrx_word' id='word_1_250' title='bbox 2281 1829 2530 1883; x_wconf 87' lang='lat' dir='ltr'>causa</span> <span class='ocrx_word' id='word_1_251' title='bbox 2589 1811 2927 1903; x_wconf 88' lang='lat' dir='ltr'>ponitur</span> <span class='ocrx_word' id='word_1_252' title='bbox 2992 1811 3351 1887; x_wconf 87' lang='lat' dir='ltr'>effectus.</span> <span class='ocrx_word' id='word_1_253' title='bbox 3436 1814 3839 1889; x_wconf 87' lang='lat' dir='ltr'>Similiter</span> 
     </span>
     <span class='ocr_line' id='line_1_58' title="bbox 2285 1926 3836 2006; baseline 0.004 -8"><span class='ocrx_word' id='word_1_254' title='bbox 2285 1926 2559 2000; x_wconf 78' lang='lat' dir='ltr'>multae</span> <span class='ocrx_word' id='word_1_255' title='bbox 2652 1932 2840 2002; x_wconf 86' lang='lat' dir='ltr'>sunt</span> <span class='ocrx_word' id='word_1_256' title='bbox 2915 1927 3097 2000; x_wconf 82' lang='lat' dir='ltr'>aliae</span> <span class='ocrx_word' id='word_1_257' title='bbox 3179 1950 3449 2002; x_wconf 82' lang='lat' dir='ltr'>causae</span> <span class='ocrx_word' id='word_1_258' title='bbox 3539 1931 3836 2006; x_wconf 90' lang='lat' dir='ltr'>mortis</span> 
     </span>
     <span class='ocr_line' id='line_1_59' title="bbox 2283 2043 3837 2138; baseline 0.002 -22"><span class='ocrx_word' id='word_1_259' title='bbox 2283 2043 2780 2136; x_wconf 88' lang='lat' dir='ltr'>Principum,</span> <span class='ocrx_word' id='word_1_260' title='bbox 2857 2044 3069 2119; x_wconf 90' lang='lat' dir='ltr'>sicut</span> <span class='ocrx_word' id='word_1_261' title='bbox 3136 2066 3497 2138; x_wconf 88' lang='lat' dir='ltr'>corpora</span> <span class='ocrx_word' id='word_1_262' title='bbox 3564 2048 3837 2120; x_wconf 88' lang='lat' dir='ltr'>coeles-</span> 
     </span>
     <span class='ocr_line' id='line_1_60' title="bbox 2283 2159 3840 2255; baseline 0 -21"><span class='ocrx_word' id='word_1_263' title='bbox 2283 2159 2423 2234; x_wconf 88' lang='lat' dir='ltr'>tia.</span> <span class='ocrx_word' id='word_1_264' title='bbox 2470 2162 2633 2232; x_wconf 92' lang='lat' dir='ltr'>Nec</span> <span class='ocrx_word' id='word_1_265' title='bbox 2678 2160 2889 2234; x_wconf 90' lang='lat' dir='ltr'>sieut</span> <span class='ocrx_word' id='word_1_266' title='bbox 2921 2161 3280 2243; x_wconf 85' lang='lat' dir='ltr'>effectus,</span> <span class='ocrx_word' id='word_1_267' title='bbox 3348 2162 3537 2255; x_wconf 89' lang='lat' dir='ltr'>quia</span> <span class='ocrx_word' id='word_1_268' title='bbox 3599 2163 3840 2237; x_wconf 89' lang='lat' dir='ltr'>stella</span> 
     </span>
     <span class='ocr_line' id='line_1_61' title="bbox 2282 2277 3836 2370; baseline 0.002 -23"><span class='ocrx_word' id='word_1_269' title='bbox 2282 2280 2608 2349; x_wconf 90' lang='lat' dir='ltr'>comata</span> <span class='ocrx_word' id='word_1_270' title='bbox 2670 2277 3050 2370; x_wconf 59' lang='lat' dir='ltr'>praecedit</span> <span class='ocrx_word' id='word_1_271' title='bbox 3109 2283 3461 2352; x_wconf 87' lang='lat' dir='ltr'>mortem</span> <span class='ocrx_word' id='word_1_272' title='bbox 3534 2279 3836 2353; x_wconf 92' lang='lat' dir='ltr'>Princi-</span> 
     </span>
     <span class='ocr_line' id='line_1_62' title="bbox 2284 2393 3836 2488; baseline 0.001 -25"><span class='ocrx_word' id='word_1_273' title='bbox 2284 2412 2499 2485; x_wconf 84' lang='lat' dir='ltr'>pum,</span> <span class='ocrx_word' id='word_1_274' title='bbox 2547 2396 2626 2465; x_wconf 89' lang='lat' dir='ltr'>et</span> <span class='ocrx_word' id='word_1_275' title='bbox 2661 2398 2935 2466; x_wconf 89' lang='lat' dir='ltr'>tamen</span> <span class='ocrx_word' id='word_1_276' title='bbox 2966 2393 3303 2467; x_wconf 84' lang='lat' dir='ltr'>effectus</span> <span class='ocrx_word' id='word_1_277' title='bbox 3334 2395 3564 2469; x_wconf 89' lang='lat' dir='ltr'>debet</span> <span class='ocrx_word' id='word_1_278' title='bbox 3608 2395 3836 2488; x_wconf 89' lang='lat' dir='ltr'>sequi</span> 
     </span>
     <span class='ocr_line' id='line_1_63' title="bbox 2286 2510 3830 2602; baseline 0.003 -22"><span class='ocrx_word' id='word_1_279' title='bbox 2286 2530 2517 2580; x_wconf 89' lang='lat' dir='ltr'>suam</span> <span class='ocrx_word' id='word_1_280' title='bbox 2577 2530 2935 2582; x_wconf 87' lang='lat' dir='ltr'>causam.</span> <span class='ocrx_word' id='word_1_281' title='bbox 3012 2513 3179 2584; x_wconf 93' lang='lat' dir='ltr'>Nec</span> <span class='ocrx_word' id='word_1_282' title='bbox 3225 2510 3440 2585; x_wconf 86' lang='lat' dir='ltr'>sicut</span> <span class='ocrx_word' id='word_1_283' title='bbox 3482 2510 3830 2602; x_wconf 89' lang='lat' dir='ltr'>signum,</span> 
     </span>
     <span class='ocr_line' id='line_1_64' title="bbox 2288 2626 3835 2721; baseline 0.002 -24"><span class='ocrx_word' id='word_1_284' title='bbox 2288 2626 2476 2718; x_wconf 91' lang='lat' dir='ltr'>quia</span> <span class='ocrx_word' id='word_1_285' title='bbox 2521 2648 2745 2700; x_wconf 87' lang='lat' dir='ltr'>mors</span> <span class='ocrx_word' id='word_1_286' title='bbox 2789 2626 3263 2721; x_wconf 88' lang='lat' dir='ltr'>Principum</span> <span class='ocrx_word' id='word_1_287' title='bbox 3304 2632 3384 2702; x_wconf 88' lang='lat' dir='ltr'>et</span> <span class='ocrx_word' id='word_1_288' title='bbox 3417 2628 3656 2702; x_wconf 88' lang='lat' dir='ltr'>stella</span> <span class='ocrx_word' id='word_1_289' title='bbox 3708 2650 3835 2702; x_wconf 93' lang='lat' dir='ltr'>co-</span> 
     </span>
     <span class='ocr_line' id='line_1_65' title="bbox 2289 2742 3835 2834; baseline 0.002 -22"><span class='ocrx_word' id='word_1_290' title='bbox 2289 2745 2510 2814; x_wconf 88' lang='lat' dir='ltr'>mata</span> <span class='ocrx_word' id='word_1_291' title='bbox 2578 2742 2658 2813; x_wconf 92' lang='lat' dir='ltr'>in</span> <span class='ocrx_word' id='word_1_292' title='bbox 2750 2742 2975 2814; x_wconf 89' lang='lat' dir='ltr'>nullo</span> <span class='ocrx_word' id='word_1_293' title='bbox 3043 2744 3570 2825; x_wconf 88' lang='lat' dir='ltr'>conveniunt;</span> <span class='ocrx_word' id='word_1_294' title='bbox 3633 2763 3835 2834; x_wconf 87' lang='lat' dir='ltr'>ergo</span> 
     </span>
     <span class='ocr_line' id='line_1_66' title="bbox 2287 2860 3834 2953; baseline 0.002 -25"><span class='ocrx_word' id='word_1_295' title='bbox 2287 2879 2533 2930; x_wconf 93' lang='lat' dir='ltr'>unum</span> <span class='ocrx_word' id='word_1_296' title='bbox 2575 2879 2738 2932; x_wconf 93' lang='lat' dir='ltr'>non</span> <span class='ocrx_word' id='word_1_297' title='bbox 2781 2863 3052 2953; x_wconf 86' lang='lat' dir='ltr'>potest</span> <span class='ocrx_word' id='word_1_298' title='bbox 3109 2881 3290 2933; x_wconf 86' lang='lat' dir='ltr'>esse</span> <span class='ocrx_word' id='word_1_299' title='bbox 3333 2860 3656 2952; x_wconf 90' lang='lat' dir='ltr'>signum</span> <span class='ocrx_word' id='word_1_300' title='bbox 3724 2860 3834 2932; x_wconf 89' lang='lat' dir='ltr'>al-</span> 
     </span>
     <span class='ocr_line' id='line_1_67' title="bbox 2289 2976 2575 3050; baseline -0.014 0"><span class='ocrx_word' id='word_1_301' title='bbox 2289 2976 2575 3050; x_wconf 89' lang='lat' dir='ltr'>terius.</span> 
     </span>
    </p>

    <p class='ocr_par' dir='ltr' id='par_1_18' title="bbox 2287 3095 4223 4007">
     <span class='ocr_line' id='line_1_68' title="bbox 2379 3095 4140 3186; baseline -0.001 -22"><span class='ocrx_word' id='word_1_302' title='bbox 2379 3095 2854 3186; x_wconf 79' lang='lat' dir='ltr'>Sexto‚quia</span> <span class='ocrx_word' id='word_1_303' title='bbox 2895 3095 2964 3167; x_wconf 89' lang='lat' dir='ltr'>si</span> <span class='ocrx_word' id='word_1_304' title='bbox 3005 3100 3329 3170; x_wconf 90' lang='lat' dir='ltr'>cometa</span> <span class='ocrx_word' id='word_1_305' title='bbox 3394 3100 3736 3169; x_wconf 88' lang='lat' dir='ltr'>causata</span> <span class='ocrx_word' id='word_1_306' title='bbox 3786 3115 3836 3167; x_wconf 88' lang='lat' dir='ltr'>a</span> <span class='ocrx_word' id='word_1_307' title='bbox 3894 3113 4140 3163; x_wconf 67' lang='lat' dir='ltr'>swam.</span> 
     </span>
     <span class='ocr_line' id='line_1_69' title="bbox 2289 3208 3837 3304; baseline 0.002 -22"><span class='ocrx_word' id='word_1_308' title='bbox 2289 3211 2548 3284; x_wconf 84' lang='lat' dir='ltr'>stellis</span> <span class='ocrx_word' id='word_1_309' title='bbox 2594 3212 3017 3285; x_wconf 84' lang='lat' dir='ltr'>malevolis</span> <span class='ocrx_word' id='word_1_310' title='bbox 3051 3208 3268 3288; x_wconf 89' lang='lat' dir='ltr'>esset</span> <span class='ocrx_word' id='word_1_311' title='bbox 3311 3213 3663 3304; x_wconf 88' lang='lat' dir='ltr'>signum,</span> <span class='ocrx_word' id='word_1_312' title='bbox 3708 3214 3837 3286; x_wconf 93' lang='lat' dir='ltr'>vel</span> 
     </span>
     <span class='ocr_line' id='line_1_70' title="bbox 2289 3328 3836 3422; baseline 0.002 -22"><span class='ocrx_word' id='word_1_313' title='bbox 2289 3347 2540 3400; x_wconf 88' lang='lat' dir='ltr'>causa</span> <span class='ocrx_word' id='word_1_314' title='bbox 2584 3328 2877 3402; x_wconf 91' lang='lat' dir='ltr'>mortis</span> <span class='ocrx_word' id='word_1_315' title='bbox 2915 3329 3411 3422; x_wconf 88' lang='lat' dir='ltr'>Principum,</span> <span class='ocrx_word' id='word_1_316' title='bbox 3467 3351 3836 3422; x_wconf 90' lang='lat' dir='ltr'>sequere-</span> 
     </span>
     <span class='ocr_line' id='line_1_71' title="bbox 2289 3446 3840 3536; baseline -0.001 -17"><span class='ocrx_word' id='word_1_317' title='bbox 2289 3449 2427 3519; x_wconf 88' lang='lat' dir='ltr'>tur</span> <span class='ocrx_word' id='word_1_318' title='bbox 2459 3446 2663 3536; x_wconf 94' lang='lat' dir='ltr'>quod</span> <span class='ocrx_word' id='word_1_319' title='bbox 2715 3451 3045 3520; x_wconf 89' lang='lat' dir='ltr'>comata</span> <span class='ocrx_word' id='word_1_320' title='bbox 3097 3446 3336 3521; x_wconf 87' lang='lat' dir='ltr'>stella</span> <span class='ocrx_word' id='word_1_321' title='bbox 3392 3452 3732 3520; x_wconf 88' lang='lat' dir='ltr'>causata</span> <span class='ocrx_word' id='word_1_322' title='bbox 3789 3467 3840 3518; x_wconf 90' lang='lat' dir='ltr'>a</span> 
     </span>
     <span class='ocr_line' id='line_1_72' title="bbox 2290 3562 3839 3655; baseline 0.001 -23"><span class='ocrx_word' id='word_1_323' title='bbox 2290 3562 2556 3633; x_wconf 87' lang='lat' dir='ltr'>stellis</span> <span class='ocrx_word' id='word_1_324' title='bbox 2597 3562 3009 3635; x_wconf 83' lang='lat' dir='ltr'>benevolis</span> <span class='ocrx_word' id='word_1_325' title='bbox 3052 3567 3268 3637; x_wconf 88' lang='lat' dir='ltr'>esset</span> <span class='ocrx_word' id='word_1_326' title='bbox 3316 3564 3664 3655; x_wconf 87' lang='lat' dir='ltr'>signum,</span> <span class='ocrx_word' id='word_1_327' title='bbox 3708 3562 3839 3635; x_wconf 90' lang='lat' dir='ltr'>vel</span> 
     </span>
     <span class='ocr_line' id='line_1_73' title="bbox 2287 3675 3837 3772; baseline 0.005 -26"><span class='ocrx_word' id='word_1_328' title='bbox 2287 3695 2539 3746; x_wconf 88' lang='lat' dir='ltr'>causa</span> <span class='ocrx_word' id='word_1_329' title='bbox 2569 3675 2759 3749; x_wconf 79' lang='lat' dir='ltr'>vitae</span> <span class='ocrx_word' id='word_1_330' title='bbox 2803 3676 3197 3769; x_wconf 86' lang='lat' dir='ltr'>ipsorum,</span> <span class='ocrx_word' id='word_1_331' title='bbox 3253 3684 3333 3752; x_wconf 88' lang='lat' dir='ltr'>et</span> <span class='ocrx_word' id='word_1_332' title='bbox 3367 3699 3513 3772; x_wconf 87' lang='lat' dir='ltr'>per</span> <span class='ocrx_word' id='word_1_333' title='bbox 3561 3700 3837 3753; x_wconf 84' lang='lat' dir='ltr'>conse-</span> 
     </span>
     <span class='ocr_line' id='line_1_74' title="bbox 2290 3793 3839 3884; baseline 0.006 -23"><span class='ocrx_word' id='word_1_334' title='bbox 2290 3812 2539 3882; x_wconf 91' lang='lat' dir='ltr'>quens</span> <span class='ocrx_word' id='word_1_335' title='bbox 2574 3813 2735 3864; x_wconf 91' lang='lat' dir='ltr'>non</span> <span class='ocrx_word' id='word_1_336' title='bbox 2779 3793 3153 3884; x_wconf 74' lang='lat' dir='ltr'>quaelibet</span> <span class='ocrx_word' id='word_1_337' title='bbox 3207 3795 3446 3868; x_wconf 89' lang='lat' dir='ltr'>stella</span> <span class='ocrx_word' id='word_1_338' title='bbox 3508 3805 3839 3873; x_wconf 87' lang='lat' dir='ltr'>comata</span> 
     </span>
     <span class='ocr_line' id='line_1_75' title="bbox 2289 3909 4223 4007; baseline 0.004 -27"><span class='ocrx_word' id='word_1_339' title='bbox 2289 3909 2642 3999; x_wconf 80' lang='lat' dir='ltr'>signabit</span> <span class='ocrx_word' id='word_1_340' title='bbox 2688 3917 3038 3985; x_wconf 92' lang='lat' dir='ltr'>mortem</span> <span class='ocrx_word' id='word_1_341' title='bbox 3085 3913 3581 4007; x_wconf 86' lang='lat' dir='ltr'>Principum.</span> <span class='ocrx_word' id='word_1_342' title='bbox 4221 4000 4223 4007; x_wconf 29' lang='grc' dir='ltr'>Ι</span> 
     </span>
    </p>

    <p class='ocr_par' dir='ltr' id='par_1_19' title="bbox 2287 4027 4223 4351">
     <span class='ocr_line' id='line_1_76' title="bbox 2379 4027 4223 4119; baseline 0.007 -20"><span class='ocrx_word' id='word_1_343' title='bbox 2379 4027 2863 4119; x_wconf 87' lang='lat' dir='ltr'>Oppositum</span> <span class='ocrx_word' id='word_1_344' title='bbox 2907 4029 3295 4119; x_wconf 83' lang='lat' dir='ltr'>arguitur</span> <span class='ocrx_word' id='word_1_345' title='bbox 3335 4031 3836 4107; x_wconf 86' lang='lat' dir='ltr'>auctoritate</span> <span class='ocrx_word' id='word_1_346' title='bbox 3865 4048 4170 4111; x_wconf 68' lang='lat' dir='ltr'>oppositum</span> <span class='ocrx_word' id='word_1_347' title='bbox 4221 4098 4223 4117; x_wconf 89' lang='grc'>,</span> 
     </span>
     <span class='ocr_line' id='line_1_77' title="bbox 2288 4132 4223 4239; baseline 0.005 -26"><span class='ocrx_word' id='word_1_348' title='bbox 2288 4143 2602 4217; x_wconf 88' lang='lat' dir='ltr'>Alberti</span> <span class='ocrx_word' id='word_1_349' title='bbox 2648 4165 2895 4238; x_wconf 90' lang='lat' dir='ltr'>super</span> <span class='ocrx_word' id='word_1_350' title='bbox 2946 4145 3106 4219; x_wconf 91' lang='lat' dir='ltr'>isto</span> <span class='ocrx_word' id='word_1_351' title='bbox 3162 4146 3454 4239; x_wconf 89' lang='lat' dir='ltr'>primo,</span> <span class='ocrx_word' id='word_1_352' title='bbox 3520 4151 3602 4221; x_wconf 89' lang='lat' dir='ltr'>et</span> <span class='ocrx_word' id='word_1_353' title='bbox 3675 4169 3835 4221; x_wconf 89' lang='lat' dir='ltr'>om·</span> <span class='ocrx_word' id='word_1_354' title='bbox 4221 4132 4223 4151; x_wconf 80' lang='lat'>&#39;</span> 
     </span>
     <span class='ocr_line' id='line_1_78' title="bbox 2287 4257 3219 4351; baseline 0 -20"><span class='ocrx_word' id='word_1_355' title='bbox 2287 4257 2515 4331; x_wconf 91' lang='lat' dir='ltr'>nium</span> <span class='ocrx_word' id='word_1_356' title='bbox 2550 4260 3219 4351; x_wconf 86' lang='lat' dir='ltr'>Astrologorum.</span> 
     </span>
    </p>

    <p class='ocr_par' dir='ltr' id='par_1_20' title="bbox 2286 4376 3834 4817">
     <span class='ocr_line' id='line_1_79' title="bbox 2382 4376 3834 4471; baseline 0.005 -24"><span class='ocrx_word' id='word_1_357' title='bbox 2382 4376 2469 4447; x_wconf 96' lang='lat' dir='ltr'>In</span> <span class='ocrx_word' id='word_1_358' title='bbox 2508 4376 2664 4449; x_wconf 90' lang='lat' dir='ltr'>ista</span> <span class='ocrx_word' id='word_1_359' title='bbox 2700 4377 3148 4469; x_wconf 79' lang='lat' dir='ltr'>quaestione</span> <span class='ocrx_word' id='word_1_360' title='bbox 3182 4379 3474 4471; x_wconf 88' lang='lat' dir='ltr'>primo,</span> <span class='ocrx_word' id='word_1_361' title='bbox 3515 4381 3834 4471; x_wconf 87' lang='lat' dir='ltr'>signan-</span> 
     </span>
     <span class='ocr_line' id='line_1_80' title="bbox 2286 4494 3830 4569; baseline 0.001 -5"><span class='ocrx_word' id='word_1_362' title='bbox 2286 4494 2400 4564; x_wconf 83' lang='lat' dir='ltr'>dae</span> <span class='ocrx_word' id='word_1_363' title='bbox 2465 4496 2653 4565; x_wconf 87' lang='lat' dir='ltr'>sunt</span> <span class='ocrx_word' id='word_1_364' title='bbox 2719 4494 3239 4569; x_wconf 87' lang='lat' dir='ltr'>diversitates</span> <span class='ocrx_word' id='word_1_365' title='bbox 3295 4501 3830 4569; x_wconf 89' lang='lat' dir='ltr'>cometarum.</span> 
     </span>
     <span class='ocr_line' id='line_1_81' title="bbox 2289 4610 3834 4693; baseline 0.002 -12"><span class='ocrx_word' id='word_1_366' title='bbox 2289 4610 2390 4683; x_wconf 85' lang='lat' dir='ltr'>Et</span> <span class='ocrx_word' id='word_1_367' title='bbox 2425 4611 2797 4693; x_wconf 87' lang='lat' dir='ltr'>secundo,</span> <span class='ocrx_word' id='word_1_368' title='bbox 2844 4611 3450 4684; x_wconf 80' lang='lat' dir='ltr'>considerandae</span> <span class='ocrx_word' id='word_1_369' title='bbox 3485 4618 3674 4688; x_wconf 90' lang='lat' dir='ltr'>sunt</span> <span class='ocrx_word' id='word_1_370' title='bbox 3707 4634 3834 4685; x_wconf 92' lang='lat' dir='ltr'>eo-</span> 
     </span>
     <span class='ocr_line' id='line_1_82' title="bbox 2291 4725 3614 4817; baseline 0.002 -20"><span class='ocrx_word' id='word_1_371' title='bbox 2291 4746 2472 4797; x_wconf 91' lang='lat' dir='ltr'>rum</span> <span class='ocrx_word' id='word_1_372' title='bbox 2509 4725 3152 4817; x_wconf 85' lang='lat' dir='ltr'>significationes</span> <span class='ocrx_word' id='word_1_373' title='bbox 3201 4732 3281 4802; x_wconf 91' lang='lat' dir='ltr'>et</span> <span class='ocrx_word' id='word_1_374' title='bbox 3322 4749 3614 4801; x_wconf 83' lang='lat' dir='ltr'>causae.</span> 
     </span>
    </p>
   </div>
   <div class='ocr_carea' id='block_1_11' title="bbox 2790 5029 3314 5088">
    <p class='ocr_par' dir='ltr' id='par_1_21' title="bbox 2790 5029 3314 5088">
     <span class='ocr_line' id='line_1_83' title="bbox 2790 5029 3314 5088; baseline 0.006 -4"><span class='ocrx_word' id='word_1_375' title='bbox 2790 5029 3217 5088; x_wconf 84' lang='lat' dir='ltr'>ARTICULUS</span> <span class='ocrx_word' id='word_1_376' title='bbox 3269 5032 3314 5087; x_wconf 92' lang='lat'>1.</span> 
     </span>
    </p>
   </div>
   <div class='ocr_carea' id='block_1_12' title="bbox 2449 5231 3670 5307">
    <p class='ocr_par' dir='ltr' id='par_1_22' title="bbox 2449 5231 3670 5307">
     <span class='ocr_line' id='line_1_84' title="bbox 2449 5231 3670 5307; baseline 0.004 -18"><span class='ocrx_word' id='word_1_377' title='bbox 2449 5232 2862 5289; x_wconf 74' lang='lat' dir='ltr'>cometarum</span> <span class='ocrx_word' id='word_1_378' title='bbox 2906 5232 3243 5291; x_wconf 74' lang='lat' dir='ltr'>diversitas</span> <span class='ocrx_word' id='word_1_379' title='bbox 3274 5231 3670 5307; x_wconf 72' lang='lat' dir='ltr'>assiqnatur.</span> 
     </span>
    </p>
   </div>
   <div class='ocr_carea' id='block_1_13' title="bbox 2377 5415 4015 5509">
    <p class='ocr_par' dir='ltr' id='par_1_23' title="bbox 2377 5415 4015 5509">
     <span class='ocr_line' id='line_1_85' title="bbox 2377 5415 4015 5509; baseline 0.002 -24"><span class='ocrx_word' id='word_1_380' title='bbox 2377 5421 2779 5499; x_wconf 85' lang='lat' dir='ltr'>Quantum</span> <span class='ocrx_word' id='word_1_381' title='bbox 2845 5416 2937 5486; x_wconf 88' lang='lat' dir='ltr'>ad</span> <span class='ocrx_word' id='word_1_382' title='bbox 3007 5415 3364 5508; x_wconf 89' lang='lat' dir='ltr'>primum</span> <span class='ocrx_word' id='word_1_383' title='bbox 3424 5417 3831 5489; x_wconf 86' lang='lat' dir='ltr'>sciendum</span> <span class='ocrx_word' id='word_1_384' title='bbox 3985 5460 4015 5509; x_wconf 73' lang='lat'>2</span> 
     </span>
    </p>
   </div>
   <div class='ocr_carea' id='block_1_14' title="bbox 2288 5524 4166 5639">
    <p class='ocr_par' dir='ltr' id='par_1_24' title="bbox 2288 5524 4166 5639">
     <span class='ocr_line' id='line_1_86' title="bbox 2288 5524 4166 5639; baseline -0.031 43"><span class='ocrx_word' id='word_1_385' title='bbox 2288 5540 2438 5617; x_wconf 55' lang='grc' dir='ltr'>εει,</span> <span class='ocrx_word' id='word_1_386' title='bbox 2488 5533 2694 5635; x_wconf 65' lang='lat' dir='ltr'>qUOd</span> <span class='ocrx_word' id='word_1_387' title='bbox 2729 5533 3032 5635; x_wconf 53' lang='lat' dir='ltr'>tpiplox</span> <span class='ocrx_word' id='word_1_388' title='bbox 3064 5532 3540 5631; x_wconf 64' lang='lat' dir='ltr'>&amp;SSigssatlll’</span> <span class='ocrx_word' id='word_1_389' title='bbox 3571 5533 3825 5611; x_wconf 64' lang='lat' dir='ltr'>(liVssl&#39;·</span> <span class='ocrx_word' id='word_1_390' title='bbox 3856 5524 4166 5639; x_wconf 50' lang='grc' dir='ltr'>νιωῖοέἕέεἵζ</span> 
     </span>
    </p>
   </div>
   <div class='ocr_carea' id='block_1_15' title="bbox 4220 4872 4224 5375">
    <p class='ocr_par' dir='ltr' id='par_1_25' title="bbox 4220 4872 4224 5375">
     <span class='ocr_line' id='line_1_87' title="bbox 4220 4872 4224 5375; baseline 0 0"><span class='ocrx_word' id='word_1_391' title='bbox 4220 4872 4224 5375; x_wconf 95' lang='lat' dir='ltr'> </span> 
     </span>
    </p>
   </div>
  </div>
 </body>
</html>
