4252 6393
1684 467 2050 544 QUAES'HO
2103 469 2115 528 Ι
2186 496 2191 503 ·

305 628 748 719 congelatio
793 628 900 701 sit
942 648 1194 700 causa
1251 627 1577 719 quietis,
1649 647 1835 719 pro-

308 746 554 825 batur,
605 744 792 836 quia
838 748 1112 817 motus
1171 743 1502 836 impedit
1552 764 1838 831 conge-

309 861 704 942 lationem,
746 862 880 932 sed
935 860 1163 951 quies
1211 860 1446 950 juvat
1489 880 1694 939 eam,
1753 864 1838 932 ut

313 982 513 1072 patet
607 978 699 1050 de
778 998 989 1069 aqua
1067 978 1387 1057 fluente,
1472 982 1551 1049 et
1630 995 1839 1067 aqua

312 1100 581 1168 stante.
690 1095 1092 1169 Similiter
1184 1094 1433 1167 etiam
1524 1092 1837 1184 quando

311 1211 588 1303 aliquid
668 1216 794 1284 est
875 1211 1426 1299 congelatum,
1512 1210 1838 1300 oportet

314 1327 735 1420 quiescere,
817 1332 899 1399 et
968 1347 1127 1398 non
1220 1325 1512 1404 fluere;
1585 1323 1839 1413 igitur

315 1443 755 1533 congelatio
789 1446 915 1515 est
950 1463 1198 1514 eausa
1243 1441 1565 1533 quietis

389 1561 543 1632 Nec
598 1559 848 1633 etiam
910 1558 1272 1637 tertium,
1314 1556 1627 1628 scilicet
1687 1556 1836 1626 fer-

313 1697 467 1756 vor,
556 1676 919 1768 impedit,
1007 1674 1445 1767 probatum
1521 1672 1707 1763 quia
1769 1672 1836 1742 si

312 1794 749 1883 congelatio
804 1790 1435 1885 putrefactibilis
1481 1789 1834 1881 impedit,

314 1915 483 1983 tunc
534 1910 1097 2002 servorjuvat‚
1159 1908 1346 1999 quia
1379 1903 1836 1979 contrario-

317 2049 480 2099 rum
577 2027 1015 2100 effectuum
1111 2024 1561 2098 contrariae
1650 2026 1837 2095 sunt

311 2164 586 2225 oausae,
623 2148 711 2217 ut
750 2143 1058 2216 dicitur
1095 2148 1161 2210 in
1192 2144 1258 2213 2.
1306 2154 1593 2209 tractatu
1641 2143 1839 2227 huJ'us

308 2265 539 2349 quarti.
584 2260 1083 2332 Antecedens
1139 2260 1363 2349 patet
1427 2256 1506 2327 in
1558 2253 1838 2327 littera

309 2397 394 2447 ex
424 2376 831 2467 allegatis.
892 2378 990 2448 Et
1022 2374 1568 2446 confirmatur
1599 2392 1696 2441 ex
1740 2390 1836 2441 eo

311 2493 501 2584 quod
557 2493 956 2572 caliditas,
1029 2492 1156 2564 vel
1229 2491 1511 2563 servor
1568 2488 1837 2579 aperit

312 2626 544 2698 poros
601 2604 1266 2700 putrefactibiliS,
1329 2608 1410 2676 et
1454 2602 1649 2674 facit
1698 2600 1834 2673 hu-

312 2725 592 2796 midum
626 2724 1058 2803 exhalare;
1118 2722 1378 2811 igitur
1411 2721 1647 2811 juvat
1699 2740 1832 2811 pu-

311 2842 896 2921 trefactionem,
933 2845 1012 2913 et
1064 2859 1226 2910 non
1275 2836 1629 2929 impedit,
1675 2841 1828 2908 etc.

307 2958 890 3051 Consequentia
927 2960 1172 3050 patet,
1211 2955 1398 3046 quia
1433 2954 1833 3047 putrefac-

305 3079 378 3146 ta
410 3074 976 3147 incinerantur
1017 3071 1364 3151 tandem,
1405 3074 1491 3143 ut
1533 3069 1836 3142 dicitur

306 3190 378 3264 in
417 3192 735 3272 littera;
774 3209 976 3281 ergo
1012 3188 1219 3279 quod
1248 3187 1483 3278 juvat
1517 3186 1609 3257 ad
1647 3186 1834 3259 inci-

306 3309 831 3387 nerationem,
889 3306 1128 3397 juvat
1199 3305 1292 3375 ad
1374 3303 1836 3396 corruptio-

304 3445 499 3506 nem,
546 3429 627 3497 et
669 3444 828 3495 non
866 3425 1342 3515 praeservat,
1399 3441 1541 3492 nec
1593 3420 1835 3511 impe-

302 3542 429 3623 dit,
467 3542 656 3636 quia
688 3546 816 3614 est
857 3559 1105 3611 causa
1138 3537 1834 3626 augmentationis

304 3657 624 3738 caloriS,
689 3656 878 3747 quia
938 3655 1170 3727 calor
1229 3657 1353 3725 est
1403 3673 1654 3725 causa
1700 3674 1835 3745 pu-

304 3773 850 3852 trefactionis:
917 3771 1176 3862 igitur
1229 3770 1488 3861 juvat,
1553 3774 1633 3843 et
1676 3790 1835 3840 non

307 3890 655 3983 impedit.
697 3892 925 3968 Item,
966 3890 1236 3959 motus
1277 3886 1721 3976 disgregat,
1759 3890 1840 3958 et

303 4009 562 4101 aperit
607 4027 855 4100 poros
899 4003 1558 4098 putrefactibilis,
1605 4009 1685 4076 et
1715 4006 1840 4074 est

301 4145 541 4197 causa
611 4121 1277 4217 putrefactionis;
1355 4120 1611 4209 igitur
1680 4125 1840 4191 non

300 4242 648 4336 impedit.
681 4238 1177 4314 Antecedens
1201 4237 1624 4330 probatur,
1652 4237 1838 4327 quia

301 4364 562 4433 motus
604 4355 1008 4436 calefacit,
1058 4359 1138 4428 et
1201 4355 1315 4426 sic
1390 4353 1832 4441 disgregat,

297 4481 370 4548 et
400 4476 671 4569 aperit
714 4474 990 4546 calore
1025 4491 1200 4542 suo.

377 4594 721 4665 Demum
779 4589 1178 4683 probatur
1220 4588 1424 4678 quod
1482 4585 1837 4660 multitu-

301 4710 387 4782 do
447 4705 1184 4803 putrefactibilium
1252 4725 1411 4777 non
1476 4705 1832 4797 impedit,

305 4828 478 4916 quia
503 4827 772 4918 juvat,
810 4822 1011 4894 unde
1042 4822 1343 4894 dieitur
1369 4822 1573 4912 quod
1607 4822 1838 4892 blada

305 4942 376 5013 in
430 4961 734 5030 magno
802 4938 1128 5010 cumulo
1197 4941 1676 5029 putrescunt
1736 4938 1837 5009 ei-

215 5107 221 5113 ·
303 5056 478 5133 tius,
519 5074 770 5146 quam
805 5051 886 5123 in
921 5070 1202 5143 parvo,
1244 5055 1323 5123 et
1374 5051 1623 5123 etiam
1658 5072 1838 5123 con·

299 5173 706 5249 firmatur,
781 5168 968 5258 quia
1033 5166 1430 5239 modicum
1484 5168 1650 5239 cito
1709 5188 1838 5238 ex-

306 5292 689 5368 siccatur,
766 5285 976 5357 sient
1041 5288 1262 5375 patet
1336 5284 1425 5354 de
1494 5284 1680 5354 vino
1735 5285 1838 5354 di-

308 5408 544 5478 misso
602 5405 687 5475 in
740 5421 959 5482 vase,
1027 5402 1159 5472 sed
1210 5400 1556 5472 multum
1615 5405 1840 5472 stans

309 5521 584 5595 ibidem
675 5516 1154 5612 pinguescit,
1251 5522 1330 5590 et
1401 5519 1837 5609 putrescit3

311 5641 554 5731 igitur
601 5635 1041 5716 multitudo
1069 5634 1325 5728 juvat,
1370 5639 1450 5706 et
1494 5655 1650 5706 nou
1710 5637 1842 5710 im-

3365 463 3483 526 215

1951 628 2189 719 pedit,
2223 628 2381 699 imo
2422 627 2688 719 potius
2724 625 3094 719 paucitas
3131 622 3484 715 impedit.

2040 744 2150 816 Ad
2176 744 2640 837 oppositum
2666 747 2789 815 est
2820 741 3311 814 Aristoteles
3350 760 3491 832 per
3553 764 3806 817 Tea-tium.

1950 864 2214 934 totum
2298 859 2651 952 primum
2720 861 3173 932 tractatum
3256 875 3487 946 quar-

1952 979 2014 1050 ti
2076 977 2343 1068 hujus,
2410 976 2780 1057 secundo,
2827 974 3102 1054 tertio,
3160 977 3482 1064 quarto,

1947 1094 2334 1165 definiens
2361 1092 3070 1186 putrefactionem,
3100 1090 3305 1182 quod
3328 1109 3488 1160 non

1950 1211 2306 1291 fecisset,
2365 1210 2430 1281 si
2474 1229 2635 1281 non
2678 1213 2893 1281 esset
2931 1206 3368 1300 possibilis,
3408 1209 3488 1277 et

1952 1328 2347 1403 similite&
2410 1328 2840 1400 ostendunt
2910 1324 3482 1418 proprietates,

1949 1450 2101 1519 etc.

2044 1564 2135 1634 In
2178 1561 2338 1635 ista.
2400 1561 2846 1653 quaestione
2901 1560 3168 1652 primo
3226 1558 3487 1629 viden-
3569 1573 3772 1623 vivaio

3516 1638 3834 1699 quaestionis

1948 1680 2134 1750 dum
2169 1682 2294 1750 est
2325 1678 2414 1748 de
2448 1678 2818 1768 quaesito,
2856 1675 3167 1748 scilicet
3210 1678 3486 1747 utrum

1955 1796 2365 1888 possibilis
2428 1795 2559 1875 sit,
2604 1795 2731 1866 vel
2777 1794 3036 1885 possit
3098 1793 3300 1863 fieri.
3360 1795 3486 1863 Se-

1949 1914 2233 1993 cundo,
2287 1911 2693 1984 videbitur
2733 1909 3132 2001 quomodo
3176 1908 3340 1981 fiat.
3390 1910 3488 1980 Et

1952 2028 2201 2102 tertio
2242 2030 2333 2099 de
2397 2026 3066 2120 proprietatibus,
3134 2023 3488 2096 acciden-

1954 2145 2167 2221 tibus
2212 2141 2868 2237 putresactioniS,
2934 2144 3014 2212 et
3064 2140 3155 2210 de
3215 2140 3486 2211 causis

1950 2283 2258 2334 earum.
2326 2264 2426 2334 Et
2477 2259 2767 2331 ultimo
2830 2279 3004 2349 qum
3056 2256 3162 2329 sit
3223 2255 3487 2327 defini·

1950 2379 2092 2459 tio,
2130 2382 2210 2451 et
2251 2374 2693 2468 descriptio
2727 2374 2928 2467 ejus.
2970 2376 3066 2445 Et
3119 2370 3301 2444 istis
3354 2391 3486 2441 no-

1951 2495 2056 2570 tis
2123 2493 2471 2566 sufficiet
2526 2491 2741 2564 forte
2786 2510 2934 2585 pro
2987 2487 3322 2583 aliquali
3378 2486 3487 2560 in-

1947 2612 2278 2686 tellectu
2332 2610 2658 2684 litterae.

2437 2995 2866 3051 ARTICULUS
2946 2996 2987 3050 1.

2208 3211 2310 3275 :in
2338 3208 2547 3295 possit
2584 3209 2740 3291 sieri
2769 3205 3230 3292 putrefactio?

2037 3437 2441 3515 Qua-ntum
2489 3433 2583 3502 ad
2621 3431 2998 3522 primum,
3038 3432 3483 3502 tractandae

1949 3554 2136 3621 sunt
2197 3548 2377 3619 aliae
2439 3547 2927 3638 quaestiones
2998 3544 3128 3617 hie
3177 3545 3477 3623 divisae,

1953 3665 2294 3745 Scilicet,
2346 3677 2569 3731 utrum
2623 3667 2758 3730 sinc
2816 3676 3098 3751 quatuor
3135 3665 3487 3750 qualitates

1944 3781 2232 3869 primoe‘?
2287 3791 2346 3846 el
2390 3792 2611 3845 utrum
2645 3779 2736 3844 ad
2768 3782 2927 3846 istas
2965 3780 3316 3866 qualitates
3342 3782 3485 3866 pri·

1952 3920 2094 3963 mas
2187 3898 2338 3962 aliae
2432 3895 2786 3982 qualitales
2887 3893 3355 3959 reducantur?
3431 3906 3491 3959 et

1953 4026 2173 4079 utrum
2231 4012 2379 4077 dna»
2461 4013 2597 4076 sint
2636 4013 2892 4089 accivoe,
2944 4021 3002 4074 et
3058 4010 3213 4074 alise
3268 4011 3491 4076 solum

1949 4130 2273 4216 passim,-
2328 4127 2419 4196 de
2471 4125 2634 4197 illis
2686 4123 3237 4197 communiter
3304 4123 3489 4195 dici-

1952 4248 2089 4316 tur
2153 4243 2376 4314 circa
2449 4241 2743 4312 librum
2812 4241 2902 4311 de
2963 4241 3491 4329 generatione

1950 4359 2472 4431 antecedente
2535 4358 2807 4430 istum.
2876 4359 3058 4428 Ideo
3102 4357 3196 4427 ad
3242 4356 3490 4445 majo-

1954 4497 2123 4548 rem
2163 4475 2792 4566 intelligentiam
2826 4475 3064 4565 liujus
3091 4473 3276 4545 libri
3312 4495 3491 4566 sup-

1954 4592 2313 4685 ponitur,
2391 4592 2602 4663 sieut
2655 4590 3038 4682 supponit
3091 4590 3489 4662 Aristote-

1950 4711 2066 4781 les
2144 4731 2241 4781 ex
2312 4710 2523 4790 aliis,
2595 4713 2674 4781 et
2742 4708 3105 4780 breviter
3179 4711 3490 4780 tractat

1951 4829 2080 4900 hic
2119 4827 2581 4920 recipiendo
2620 4825 3028 4908 insistere,
3076 4831 3154 4898 et
3198 4826 3492 4916 loquor

1947 4946 2039 5016 de
2084 4943 2302 5035 stylo
2350 4942 2776 5034 probabili,
2816 4962 2973 5012 non
3027 4946 3296 5015 tamen
3332 4942 3491 5014 for-

1953 5063 2014 5136 ti
2078 5061 2291 5133 sicut
2355 5060 2433 5131 in
2497 5059 2777 5141 tertie,
2845 5060 3032 5150 quia
3083 5057 3251 5130 haec
3308 5063 3494 5132 sunt

1957 5176 2437 5269 probabilia,
2538 5196 2695 5246 non
2794 5174 3490 5253 demonstrabilia,

1955 5293 2112 5365 nisi
2192 5290 3027 5364 demonstrationiluis
3106 5291 3495 5364 naturali-

1954 5410 2102 5480 bus
2149 5408 2415 5480 minus
2451 5407 2727 5486 certis,
2775 5410 2854 5478 et
2907 5406 3135 5496 quasi
3189 5405 3497 5496 conjec-

1959 5525 2308 5601 turando
2341 5545 2631 5596 causas
2668 5545 2762 5593 ex
2796 5522 3239 5601 effectibus,
3288 5521 3497 5595 sicut

1957 5642 2260 5718 dictum
2332 5641 2483 5716 suit
2559 5642 2634 5713 in
2716 5638 3161 5734 quaestione
3234 5639 3494 5734 prima

3641 3446 3717 3496 15.
