4252 6393
703 403 784 471 70
1865 412 2036 475 Lm:
2060 414 2108 479 Ι.
2153 409 2698 475 Mersouionml

692 588 903 661 aqua
961 575 1178 644 θὸὃθῖ
1236 571 1530 664 major·
1594 577 1675 647 Οἱ
1734 572 2007 664 aliqua
2048 590 2243 665 PstPS
2355 594 2798 688 quamlibet
2849 594 2975 668 sui
3047 596 3220 686 agit
3273 596 3353 669 in
3402 616 3760 689 passum,
3821 591 3899 670 e't

692 692 943 761 terrae
981 687 1472 764 elevaretur.
1506 692 1604 762 Et
1646 688 1793 762 hoc
1834 689 1925 761 de
1961 688 2237 764 tertio.
2356 710 2775 784 minimam
2807 732 2983 805 quae
3014 732 3200 785 non,

2447 826 2806 900 Secundo
2830 828 3226 921 sequitur,
3253 829 3441 902 dato
3462 829 3668 922 quod
3694 829 3904 919 ignis

2352 945 2687 1018 excedat
2728 945 2890 1018 alia
2921 945 3347 1029 elementa,
3390 950 3473 1020 et
3522 947 3629 1021 sit
3692 947 3970 1040 suffi-g,
4071 960 4119 969 ⁴·

2355 1057 2674 1134 cientor
2695 1061 3156 1155 applicatus
3178 1062 3324 1146 eis,
3360 1082 3524 1136 non
3565 1068 3909 1157 propter

2355 1173 2506 1249 hoc
2544 1159 2720 1271 ipsa
2760 1183 3361 1273 corrumperet.
3411 1182 3669 1261 Patet,
3717 1180 3906 1274 quia

2355 1312 2515 1364 non
2574 1294 2750 1385 agit
2810 1295 3246 1369 secundum
3291 1316 3568 1369 omnes
3623 1300 3904 1389 partes

2354 1406 2505 1488 sui,
2534 1408 2667 1480 sed
2687 1411 2950 1482 solum
2975 1412 3412 1484 secundum
3430 1410 3749 1504 aliquas
3772 1432 3903 1507 ap·

2355 1524 2866 1616 proximatas
2920 1548 3188 1621 passo,
3216 1550 3392 1622 quae
3434 1534 3622 1604 sunt
3655 1531 3902 1623 majo-

2353 1640 2469 1712 ris
2516 1642 2925 1733 potentiae,
2965 1664 3207 1737 quam
3257 1667 3591 1739 passum
3635 1647 3742 1720 sit
3786 1667 3902 1720 re-

2354 1758 2772 1834 sistentiae.

2440 1876 2624 1949 Alia
2664 1877 2796 1950 via
2841 1877 3256 1953 inducendi
3298 1887 3424 1957 cst
3461 1903 3603 1975 per
3628 1904 3901 1955 conse·
3967 1875 4234 1988 Soefflgdoe

2352 1993 2735 2084 quentia:
2791 1997 3283 2088 supponitur
3332 1998 3625 2092 primu,
3698 2000 3905 2092 quod
4027 2003 4134 2053 ¹³³⁰·
4233 2052 4234 2063 η

2347 2108 2753 2200 quodlibet
2839 2110 3329 2193 elementum
3417 2115 3907 2190 determinat

2351 2223 2503 2296 sibi
2562 2229 2881 2299 certum
2926 2228 3268 2317 gradum
3333 2230 3735 2311 raritatis,
3774 2233 3902 2304 vel

2346 2340 2804 2425 densitatis,
2870 2364 3108 2436 quem
3185 2347 3684 2421 naturaliter
3740 2368 3900 2420 non

1152 1030 1165 1043 ·
1184 1014 1618 1074 ARTICULUS
1652 1018 1751 1075 lv,

691 1181 857 1258 Dato
880 1198 1051 1273 quod
1068 1194 1385 1258 clementa
1403 1203 1598 1259 essent
1628 1198 2003 1278 inaequalia,
2036 1168 2246 1279 φιιιὶἰ-Δ

694 1301 698 1305 ”
770 1311 870 1365 ter
886 1310 1151 1381 possunt
1196 1308 1568 1368 comer-vari
1606 1326 1685 1369 ue
1710 1325 1913 1371 unum
1955 1328 2244 1373 corrum-

762 1418 992 1492 μαῖαν.

470 1641 550 1693 ,8,
783 1599 897 1671 De
985 1603 1303 1690 quarto,
1391 1600 1566 1675 dico
1644 1604 1849 1694 quod
1912 1604 2242 1699 duplici-

346 1704 668 1775 Wm“⁶⁶“‘
698 1722 828 1794 ter
888 1720 1161 1809 potest
1243 1715 1504 1790 induci
1583 1720 1791 1811 quod
1840 1720 2241 1796 elementa

532 1820 541 1829 ⁸
695 1853 859 1907 non
915 1836 1453 1926 corrumpant
1525 1834 1793 1927 seipsa
1864 1835 2233 1921 invicem,

692 1949 879 2022 dato
934 1948 1140 2041 quod
1192 1947 1355 2023 sint
1391 1949 1865 2045 inaequalia.
1927 1954 2231 2037 Primo,

689 2066 830 2148 sic,
866 2071 946 2140 et
989 2064 1097 2141 sit
1147 2067 1564 2141 conclusio
1618 2068 1800 2152 ista,
1840 2072 2046 2164 quod
2075 2093 2238 2145 non

688 2182 1097 2274 quodlibet
1140 2203 1388 2275 agens
1424 2184 1503 2255 in
1536 2184 1859 2278 aliquod
1903 2208 2236 2280 passum

684 2298 862 2389 agit
913 2301 1348 2374 secundum
1408 2302 1847 2393 quamlibet
1915 2310 2235 2397 partem

690 2417 813 2489 sui
849 2415 930 2491 in
961 2416 1385 2511 profundo.
1427 2420 1858 2503 Probatur,
1920 2421 2108 2514 quia
2169 2424 2237 2496 si

688 2534 805 2608 ita
860 2539 1102 2615 esset,
1176 2534 1551 2627 sequitur
1624 2538 1834 2629 quod
1903 2538 2238 2613 minima

689 2652 1051 2727 scintilla
1072 2652 1290 2726 aeris
1317 2653 1577 2746 possit
1609 2674 1855 2747 agere
1882 2656 1961 2728 in
1994 2678 2237 2750 quan-

687 2776 1204 2863 tamcumque
1333 2771 1833 2846 distantiam.
1949 2778 2238 2848 Conse-

689 2910 939 2982 quens
998 2893 1123 2963 est
1203 2887 1728 2980 impossibile,
1792 2890 1980 2984 quia
2030 2897 2220 2966 tunc

687 3008 952 3099 majus
998 3012 1078 3082 et
1119 3005 1419 3080 fortius
1481 3025 1730 3098 agens
1772 3028 1931 3083 non
1976 3012 2238 3103 possit

687 3127 783 3199 ad
874 3127 1271 3220 majorem
1365 3126 1839 3204 distantiam
1963 3150 2233 3223 agere,

689 3265 930 3337 quam
974 3245 1264 3317 minus.
1303 3246 1713 3321 Probatur
1747 3269 2236 3343 consequen-

688 3361 830 3443 tia,
867 3362 1054 3454 quia
1088 3383 1241 3436 aer.
1283 3363 1717 3446 exalterat,
1767 3365 2022 3456 igitur
2049 3389 2237 3441 cum

688 3485 880 3572 agat
928 3480 1362 3554 secundum
1423 3482 1864 3574 quamlibet
1915 3490 2237 3578 partem

2350 2461 2619 2550 potest
2652 2461 3143 2551 transgredi,
3180 2483 3343 2535 non
3376 2469 3643 2557 potest
3675 2471 3902 2541 natu-

2353 2573 2671 2657 raliter,
2699 2597 2845 2650 nec
2877 2578 3308 2664 violenter,
3345 2582 3500 2654 nisi
3534 2602 3901 2654 corrum-

2351 2695 2618 2783 patur.
2686 2695 3073 2776 Secundo,
3147 2699 3645 2790 supponitur
3694 2704 3901 2792 quod

2352 2809 2526 2881 tota
2557 2808 2880 2900 sphaera
2933 2812 3551 2901 generabilium,
3604 2820 3684 2891 et
3723 2839 3899 2890 cor-

2353 2925 2867 3018 ruptibilium
2902 2929 3162 3022 replet
3193 2930 3464 3005 locum
3510 2933 3723 3007 inter
3775 2956 3899 3007 or·

2351 3041 2528 3113 bem
2565 3042 2834 3126 Lunae,
2879 3049 2961 3119 et
3003 3051 3376 3123 centrum
3413 3054 3688 3133 terrae,
3755 3074 3904 3127 nec

2351 3161 2622 3250 potest
2659 3160 2975 3254 replere
3010 3163 3606 3256 majorem,ch
3653 3170 3904 3244 mino-

2351 3296 2523 3348 rem
2559 3301 2574 3357 ;
2615 3282 2804 3382 tunc
2840 3301 2939 3351 cx
2975 3281 3159 3356 istis
3184 3291 3667 3377 sequeretur
3696 3290 3904 3381 quod

2350 3378 2438 3464 si'
2505 3414 2752 3466 unum
2831 3396 3339 3473 elementum
3449 3403 3900 3488 rarefieret,

2352 3515 2777 3602 oporteret
2853 3512 3143 3606 ipsum,
3217 3518 3344 3589 vel
3433 3518 3904 3612 adjunctum

690 3602 770 3673 in
839 3597 1265 3691 profundo,
1338 3599 1710 3693 sequitur
1768 3601 1976 3692 quod
2042 3623 2237 3696 pars

366 3727 666 3841 gmfflzm
691 3716 908 3792 aeris
939 3714 1192 3788 adhuc
1224 3717 1319 3788 ad
1344 3717 1663 3791 Roman
1694 3717 2033 3795 ‘alterat
2084 3743 2234 3805 me,

395 3855 616 3979 2333·
693 3853 879 3909 cum
930 3835 1207 3925 partos
1252 3832 1411 3906 illae
1458 3842 1645 3911 sunt
1714 3838 1792 3911 in
1844 3839 2241 3930 profundo

702 3971 948 4023 acr1s.

2295 3705 2302 3712 ,
2346 3627 2855 3702 condensari.

2441 3745 2657 3816 Tunc
2686 3744 3018 3837 ponitur
3042 3747 3202 3822 ista
3224 3751 3665 3848 conclusio,
3696 3758 3902 3847 quod

2354 3859 2420 3931 si
2480 3860 2690 3950 ignis
2754 3863 2982 3938 debet
3032 3885 3433 3955 generare
3491 3870 3756 3959 ignem
3799 3893 3900 3944 ex

398 3977 592 4032 deesse.

786 4070 1143 4143 Secunda
1183 4070 1601 4144 conclusio
1652 4076 1800 4154 cst,
1848 4074 2053 4165 quod
2110 4098 2241 4148 cu-

675 4184 705 4274 j
721 4183 1013 4258 uslibct
1035 4187 1353 4278 agentis
1375 4187 1666 4278 aliquae
1691 4194 1968 4279 partes
1986 4202 2241 4283 agunt

690 4302 1126 4375 secundum
1209 4303 1722 4396 profundum.
1829 4308 2240 4385 Probatur

688 4439 836 4510 per
918 4418 1535 4511 experientiam,
1618 4442 1805 4494 nam
1875 4425 2237 4499 videmus

690 4536 898 4629 quod
950 4534 1160 4626 ignis
1210 4536 1649 4629 aliquantae
1684 4541 2236 4633 spissitudinis

688 4651 862 4744 agit
932 4652 1463 4726 intensiorem
1541 4647 1926 4741 calorem,
1992 4680 2234 4751 quam

692 4769 905 4860 ignis
948 4771 1099 4844 sibi
1139 4774 1476 4864 aequalis
1510 4775 1944 4848 secundum
1979 4775 2234 4867 longi-

692 4887 1074 4971 tudinem,
1128 4894 1206 4963 ct
1267 4891 1798 4974 latitudinem,
1855 4913 2039 4967 cum
2093 4896 2233 4970 mi‘

689 5006 875 5078 nori
925 5010 1197 5079 tamon
1265 5010 1808 5103 spissitudine.
1884 5017 2000 5087 Ex
2073 5015 2232 5092 isto

690 5121 1063 5214 sequitur
1106 5124 1311 5215 quod
1364 5148 1548 5199 cum
1610 5127 1899 5220 aliquae
1951 5137 2229 5224 partes

688 5239 905 5312 aeris
981 5238 1061 5311 in
1123 5241 1519 5333 profundo
1577 5250 1854 5336 agunt,
1917 5253 1998 5322 ct
2069 5270 2229 5321 non

687 5354 1088 5444 quaelibet,
1146 5355 1515 5448 sequitur
1555 5361 1760 5450 quod
1810 5362 2228 5454 longitudo

692 5470 909 5563 passi
952 5477 1396 5555 mensurat,
1433 5478 1512 5548 et
1566 5477 2002 5552 maximam
2048 5503 2226 5574 par-

2354 3976 2538 4048 aliis
2563 3978 3012 4062 elementis,
3037 3985 3460 4072 generatio
3489 3985 3707 4058 illius
3740 4008 3900 4061 non

2355 4097 2623 4183 potest
2653 4093 2858 4177 fieri,
2905 4096 3064 4168 nisi
3098 4119 3351 4191 usque
3393 4101 3485 4172 ad
3525 4102 3899 4176 determi-

2352 4211 2627 4282 natam
2657 4211 3223 4301 quantitatem.
3251 4215 3681 4300 Probatur,
3712 4219 3901 4310 quia

2353 4323 2564 4415 ignis
2669 4328 3018 4419 requirit
3116 4333 3512 4424 majorem
3598 4335 3892 4421 locum,

2351 4462 2592 4533 quam
2649 4443 3138 4519 elementum
3197 4469 3294 4520 ex
3368 4471 3525 4542 quo
3567 4471 3896 4541 gencra-

2352 4561 2514 4639 tur,
2540 4564 2834 4633 etcum
2869 4561 3094 4635 locus
3138 4586 3297 4636 non
3341 4572 3613 4659 potest
3649 4570 3897 4662 majo·

2351 4672 2549 4755 rari,
2588 4676 2958 4768 sequitur
2999 4681 3205 4772 quod
3239 4703 3382 4756 nec
3419 4683 3629 4774 ignis
3654 4706 3895 4778 quan-

2348 4791 2726 4866 tumlibet
2780 4794 3197 4883 generari,
3248 4795 3410 4869 imo
3461 4819 3608 4891 per
3647 4800 3895 4874 talem

2348 4910 2958 4996 generationem
3000 4911 3322 4983 tandem
3372 4916 3899 4990 condensare-

2346 5027 2506 5105 tur,
2551 5030 2633 5098 et
2687 5027 3051 5100 tenderet
3104 5028 3199 5099 ad
3240 5053 3376 5098 non
3406 5054 3562 5112 esse,
3611 5055 3747 5106 seu
3803 5035 3900 5106 ad

2343 5143 2961 5236 corruptionem
2997 5145 3153 5226 sui;
3192 5151 3271 5219 ct
3302 5169 3399 5219 ex
3435 5148 3592 5222 isto
3627 5173 3898 5244 seque·

2345 5261 2578 5331 retur
2636 5260 2841 5350 quod
2883 5264 3201 5335 tantum
3260 5263 3350 5335 dc
3395 5264 3577 5355 igne
3621 5273 3896 5360 posset

2343 5376 2724 5462 generari
2785 5375 2884 5447 ab
2941 5377 3125 5449 aliis
3171 5379 3620 5464 elementis,
3690 5386 3894 5477 quod

2342 5489 2553 5578 ignis
2629 5511 2789 5563 non
2868 5496 3144 5585 posset
3227 5493 3403 5586 plus
3477 5502 3884 5588 generari.

690 5592 853 5660 tom
895 5589 1240 5680 agentis,
1279 5611 1453 5682 qua*
1496 5595 1926 5669 secundum
1981 5619 2088 5682 se,
2144 5610 2224 5680 et
2338 5604 2771 5689 Probatur,
2818 5607 3007 5700 quia
3052 5608 3263 5699 ignis
3298 5630 3458 5684 non
3500 5619 3768 5706 potest
3790 5637 3887 5689 ex
