4252 6393
1599 468 1960 545 QUAEs·1·10
1995 468 2181 530 xvm

408 632 601 692 nimhr.
635 635 732 691 tw.
767 635 817 689 4.
850 634 1064 700 Physic.
1095 651 1140 689 c.
1179 631 1264 690 14.
1295 647 1348 700 q.
1380 630 1433 685 2.
1475 628 1608 685 vide
1637 631 1785 686 noct.
1822 632 1882 684 tn

407 703 461 760 2.
495 707 623 760 dist.
660 702 715 762 2.
757 723 807 774 q.
835 709 891 760 2.
925 710 974 759 et
1005 708 1064 759 in
1097 705 1281 774 quedl.
1311 706 1364 759 6.

168 926 207 976 1,
423 887 897 978 Respondeo
943 914 956 955 ε
1006 888 1204 959 Cum
1246 888 1565 978 tempus
1609 884 1714 956 sit
1756 903 1882 954 ac·

342 1002 604 1077 cidens
638 1003 1056 1094 quoddam,
1103 1023 1198 1073 eo
1241 1003 1446 1094 quod
1486 1006 1610 1075 est
1647 1001 1724 1071 in
1757 1020 1880 1090 ge·

339 1139 528 1192 nere
559 1117 1098 1200 Quantitatis;
1149 1117 1417 1189 unitas
1453 1121 1725 1189 autem
1760 1136 1881 1186 ac-

337 1236 671 1314 cidentis
732 1237 830 1310 ab
891 1237 1201 1309 unitate
1253 1239 1644 1308 causatur
1706 1234 1878 1305 sub·

329 1353 548 1444 jecti,
613 1354 905 1428 saltem
969 1373 1115 1444 per
1164 1352 1565 1431 accidens,
1610 1356 1727 1436 (ut
1767 1350 1877 1421 vi—

335 1491 507 1546 sum
558 1475 683 1544 est
746 1470 823 1544 in
881 1468 1360 1561 praecedenti
1406 1467 1880 1560 quaestione)

334 1587 502 1660 ideo
558 1587 656 1659 ad
700 1587 1124 1659 videndum
1175 1586 1574 1678 temporis
1621 1584 1875 1658 unita·

337 1709 522 1786 tem,
591 1725 922 1782 necesse
974 1709 1100 1776 est
1167 1703 1466 1782 videre,
1550 1702 1627 1772 in
1718 1724 1873 1793 quo

334 1820 435 1896 sit
505 1825 822 1911 tempus
879 1823 1270 1909 tanquam
1332 1817 1411 1890 in
1481 1817 1869 1905 subjecto,

335 1938 440 2012 Ad
484 1936 715 2026 quus
767 1935 1260 2009 evidentiam
1312 1934 1477 2008 tria
1527 1938 1712 2007 sunt
1757 1935 1872 2005 in-

333 2054 745 2146 quirenda.
796 2053 1098 2135 Primo,
1150 2058 1474 2145 oportet
1526 2052 1872 2144 inquire-

331 2192 414 2244 re
501 2171 900 2263 temporis
980 2171 1610 2261 uniuscujusque
1686 2191 1871 2241 cum

331 2292 549 2366 motu
588 2287 1121 2367 identitatem,
1157 2290 1235 2359 et
1280 2286 1866 2359 diversitatem.

331 2405 711 2484 Secundo,
751 2409 1081 2497 oportet
1117 2403 1530 2495 inquirere
1579 2404 1870 2475 animae

325 2523 417 2598 ad
485 2527 807 2614 tempus
885 2521 1484 2595 causalitatem.
1565 2521 1865 2601 Tertio,

328 2639 724 2732 temporis
757 2639 851 2712 ad
887 2643 1197 2712 motum
1259 2638 1500 2730 primi
1546 2637 1870 2709 mobilis

327 2757 830 2849 singularem
872 2757 1562 2831 conformitatem.
1613 2759 1710 2829 Et
1750 2757 1870 2828 de-

327 2896 545 2950 mum
587 2879 885 2967 quarto
930 2875 1565 2967 respondendum
1610 2878 1735 2947 est
1777 2874 1871 2946 ad

332 2992 693 3066 rationes
736 2992 1230 3065 contrarias.

800 3288 1229 3345 ARTICULUS
1289 3289 1330 3342 1.

585 3465 800 3532 Varice
839 3466 1229 3549 reseruntur
1265 3468 1631 3532 sementim.

141 3716 184 3768 2·
413 3663 652 3738 Circa
677 3662 1029 3755 primum
1053 3665 1178 3735 est
1204 3661 1635 3743 sciendum,
1667 3663 1872 3755 quod

133 3779 269 3894 2222
327 3781 604 3875 opinio
713 3780 1163 3853 multorum
1264 3779 1584 3852 videtur
1665 3802 1866 3860 esse,

132 3921 260 4018 33¹2-
327 3895 537 3985 quod
586 3900 903 3989 tempus
946 3914 994 3965 a
1047 3899 1267 3967 motu
1332 3895 1669 3968 realiter
1733 3894 1872 3968 dif-

132 4032 260 4081 ma
324 4011 565 4093 ferat.
612 4016 699 4087 ut
743 4011 848 4083 sit
892 4010 1261 4086 accidens
1319 4009 1873 4102 inseparabili-

132 4103 215 4142 Μ’
324 4134 458 4201 ter
494 4128 751 4221 ipsum
786 4131 1098 4201 motum
1130 4127 1717 4208 concomitans,
1776 4128 1873 4200 si-

325 4247 468 4317 cut
515 4244 882 4319 caliditas
945 4242 1181 4335 ignis.
1257 4246 1592 4317 Tracta-t
1658 4243 1871 4317 enim

325 4359 482 4433 hoc
521 4360 1006 4435 Aristoteles
1057 4360 1134 4435 in
1183 4360 1528 4433 diversis
1569 4359 1875 4452 capitu-

132 4530 291 4583 ·.⁴.5.
327 4477 429 4549 lis
474 4477 559 4551 de
592 4483 814 4553 motu
867 4483 948 4550 et
991 4483 1362 4569 tempore
1395 4479 1417 4503 *
1461 4506 1473 4548 :
1513 4481 1595 4550 et
1627 4498 1872 4551 unum

137 4591 279 4701 2²¹¹!-
323 4593 520 4667 dicit
557 4616 733 4667 esse
775 4592 1118 4665 alterius
1157 4612 1647 4665 mensuram.
1673 4592 1878 4663 Rab-

166 4692 178 4704 ’
325 4710 404 4785 bi
452 4710 692 4787 etiam
731 4711 1058 4800 Moyses
1103 4709 1179 4782 in
1210 4712 1276 4780 2.
1315 4708 1447 4781 lib.
1496 4730 1640 4780 suo
1676 4707 1874 4780 vide-

331 4832 477 4900 tur
542 4828 848 4901 sentire
895 4826 1097 4919 quod
1143 4831 1462 4916 tempus
1535 4844 1578 4895 a
1644 4828 1874 4897 motu

323 4942 669 5019 differat.

132 5086 270 5140 rmum
425 5060 588 5133 Hoc
629 5060 880 5134 etiam
921 5059 1283 5143 videtur;
1323 5061 1506 5151 quia
1561 5059 1630 5131 si
1687 5063 1879 5130 tem-

132 5167 282 5263 ζῗῆῗη·
330 5195 486 5265 pus
548 5177 652 5251 sit
697 5176 900 5251 idem
935 5176 1141 5266 quod
1185 5180 1477 5257 motus,
1523 5182 1601 5249 et
1638 5193 1879 5267 quan-

329 5290 530 5364 titas
580 5292 979 5386 temporis
1034 5293 1238 5367 idem
1293 5292 1499 5384 quod
1571 5293 1879 5383 quanti-

331 5412 468 5481 tas
508 5413 797 5489 motus,
845 5415 1034 5483 tunc
1097 5414 1398 5500 quanto
1462 5413 1732 5482 motus
1766 5431 1882 5481 es-

332 5525 464 5596 set
526 5526 887 5600 velocior
970 5530 1048 5598 et
1148 5527 1576 5607 intensior,
1653 5529 1880 5599 tanto

337 5643 659 5734 tempus
725 5650 941 5718 esset
1013 5644 1322 5735 majus:
1393 5648 1579 5716 tunc
1633 5644 1880 5715 etiam

3406 467 3524 533 ‹315›

1991 629 2340 702 tarditas
2398 632 2475 700 et
2544 629 2939 703 velocitas
3008 632 3540 707 convenirent

1994 747 2375 840 tempori,
2432 748 2641 821 sicut
2700 748 3191 822 conveniunt
3248 751 3533 829 motui,

1994 864 2200 954 quod
2277 868 2399 935 est
2459 868 2751 940 contra
2842 864 3424 958 Philosophum
3470 871 3533 940 4.

1991 984 2261 1068 physic.
2307 995 2465 1049 teme,
2503 984 2654 1054 109.
2698 996 2758 1050 ec
2799 985 2949 1054 110.

2085 1098 2313 1176 Item,
2418 1098 2850 1170 secundum
2931 1101 3536 1171 Commentato-
3622 1126 3833 1176 secun-

1996 1231 2169 1283 rem
2208 1232 2296 1283 su
2315 1233 2456 1304 per
2506 1212 2853 1304 princip.
2887 1215 2952 1282 3.
2989 1215 3261 1300 physic.
3296 1236 3529 1284 comm.
3653 1187 3800 1238 dm·

1991 1332 2054 1400 4.
2089 1332 2358 1402 motus
2399 1350 2539 1421 per
2573 1349 2657 1400 se
2690 1349 2850 1402 non
2883 1333 3008 1402 est
3033 1328 3112 1399 in
3144 1328 3529 1402 distincto

1993 1445 2656 1527 Praedicamento,
2698 1447 2827 1517 sed
2861 1451 2985 1518 est
3022 1446 3102 1517 in
3147 1446 3285 1517 illo
3332 1449 3533 1517 Prae-

1987 1562 2470 1644 dicamcnto,
2516 1563 2593 1637 in
2628 1584 2782 1654 quo
2825 1567 2949 1637 est
3012 1583 3141 1634 res
3182 1563 3534 1655 acquisi-

1990 1689 2074 1757 ta
2117 1701 2262 1773 per
2296 1686 2629 1760 motum,
2704 1684 2788 1753 ut
2834 1683 3103 1751 motus
3155 1681 3250 1752 ad
3283 1681 3536 1771 quali-

1989 1804 2268 1878 tatem,
2313 1799 2434 1868 est
2487 1797 2568 1869 in
2602 1816 2897 1886 genere
2938 1795 3403 1878 Qualitatis,
3449 1800 3527 1869 et

1987 1916 2102 1989 sic
2169 1914 2261 1986 de
2321 1911 2530 1986 aliis.
2603 1913 2834 1986 Nunc
2884 1916 3156 1984 autem
3208 1915 3527 2002 tempus

1986 2051 2149 2103 non
2196 2029 2526 2121 ponitur
2561 2028 2638 2099 in
2699 2047 2992 2120 genero
3063 2026 3525 2109 Qualitatis,

1986 2170 2130 2223 nec
2174 2149 2253 2222 in
2294 2147 2459 2221 alio
2503 2166 2798 2237 genere
2869 2166 3108 2237 quam
3181 2145 3262 2217 in
3301 2164 3531 2235 gene-

1989 2287 2076 2338 re
2146 2263 2645 2347 Quantitatis
2690 2290 2702 2332 :
2769 2281 2967 2350 ergo
3008 2265 3328 2353 tempus
3371 2280 3532 2333 non

1985 2386 2109 2455 est
2166 2384 2460 2453 motus.

2077 2502 2307 2579 Item,
2348 2495 2852 2588 impossibile
2881 2498 3003 2567 est
3035 2495 3188 2566 duo
3222 2499 3533 2586 tempo·
3598 2516 3855 2567 Tertium.

1988 2635 2082 2689 ra
2115 2613 2357 2687 simul
2399 2632 2602 2693 esse,
2637 2610 2797 2684 nisi
2859 2630 3107 2682 unum
3167 2609 3275 2683 sit
3339 2629 3528 2701 pars

1983 2731 2330 2808 alterius
2369 2757 2383 2803 ε
2422 2748 2581 2804 non
2621 2728 2837 2802 enim
2874 2730 3060 2801 sunt
3102 2726 3343 2800 simul
3382 2727 3533 2798 duo

1981 2849 2176 2930 dies,
2237 2846 2364 2920 vel
2408 2847 2581 2920 duae
2617 2843 2665 2915 h
2712 2863 2903 2924 orae,
2952 2843 3077 2916 vel
3116 2843 3270 2915 duo
3315 2843 3530 2923 anni,

1984 2966 2117 3039 sed
2174 2964 2369 3045 dies,
2423 2966 2500 3035 et
2560 2961 2792 3043 hora,
2836 2964 2916 3032 et
2981 2979 3239 3034 annus
3295 2958 3537 3033 simul

1984 3084 2216 3162 sunt;
2265 3079 2396 3152 sed
2427 3079 2580 3152 duo
2625 3082 2893 3152 motus
2926 3081 3004 3150 et
3038 3076 3314 3168 plures
3348 3078 3533 3148 sunt

1986 3199 2256 3278 simul,
2284 3201 2366 3272 et
2405 3195 2832 3287 {equaliter
2872 3193 3156 3276 fluunt,
3184 3214 3530 3291 quorum

1987 3337 2190 3387 unus
2242 3333 2402 3387 non
2478 3316 2603 3385 est
2671 3332 2864 3405 pars
2933 3311 3303 3392 alterius,
3350 3311 3539 3402 quia

1985 3431 2231 3505 simul
2303 3429 2718 3503 currimus
2788 3448 2939 3519 ego
2981 3430 3061 3500 et
3122 3433 3235 3507 tu,
3291 3426 3531 3499 simul

1987 3551 2418 3623 moventur
2458 3545 2843 3627 circulus,
2904 3545 3032 3615 vel
3102 3543 3393 3617 coelum
3453 3548 3535 3616 et

1984 3664 2269 3737 homo:
2309 3682 2509 3753 ergo
2537 3666 2805 3735 motus
2831 3681 2992 3733 non
3024 3665 3149 3735 est
3180 3663 3530 3753 tempus.

2078 3787 2305 3861 Item,
2386 3784 2705 3853 certum
2772 3781 2919 3859 est,
2986 3779 3190 3869 quod
3254 3798 3530 3852 omnes
3568 3776 3831 3895 &aff-ium

1989 3904 2264 3993 partes
2326 3897 2503 3969 coeli
2574 3895 2816 3968 simul
2898 3898 3351 3976 moventur,
3416 3896 3532 3969 ita

1987 4014 2193 4107 quod
2251 4034 2347 4084 ex
2405 4010 2885 4105 partialibus
2958 4010 3310 4083 motibus
3371 4031 3531 4082 om-

1986 4132 2211 4205 nium
2248 4128 2605 4222 partium
2632 4126 2809 4200 coeli
2839 4126 3306 4217 integratur
3328 4147 3532 4198 unus

1983 4247 2270 4321 totalis
2335 4248 2602 4318 motus
2648 4243 2903 4318 totius
2931 4243 3110 4315 coeli
3156 4271 3169 4312 ε
3218 4262 3419 4334 ergo
3464 4244 3531 4315 si

1987 4369 2309 4457 tempus
2340 4367 2464 4435 est
2519 4366 2816 4442 motus,
2869 4360 3256 4435 similiter
3300 4362 3530 4433 fieret

1990 4501 2236 4552 unum
2278 4479 2532 4553 totale
2564 4483 2882 4569 tempus
2913 4498 3013 4548 ex
3047 4477 3535 4569 partialibus

1985 4592 3544 4689 temporibussiinulcoexistentibuS‚si-

1988 4718 2125 4786 cut
2193 4710 2660 4785 coexistunt
2706 4715 2974 4783 motus
3013 4712 3398 4802 partium,
3450 4716 3537 4783 ut

1991 4829 2106 4901 sic
2152 4827 2651 4917 imaginetur
2695 4831 3038 4918 tempu&
3088 4828 3292 4918 quod
3326 4847 3540 4899 men·

1993 4949 2225 5017 surat
2269 4945 2579 5015 motum
2655 4942 2895 5034 primi
2968 4943 3317 5024 mobilis,
3380 4964 3540 5015 non

1993 5062 2259 5133 solum
2356 5080 2532 5130 esse
2621 5062 3015 5148 quantum
3106 5059 3542 5129 secundum

1995 5197 2229 5250 suam
2275 5173 2903 5255 successionem,
2952 5173 3084 5245 sed
3135 5175 3383 5247 etiam
3417 5195 3546 5245 ex-

1995 5300 2225 5368 tense
2293 5291 2671 5363 diffusum
2717 5290 3149 5362 secundum
3216 5290 3551 5362 distinc-

1999 5411 2307 5485 tionem
2370 5407 2731 5500 partium
2786 5406 3131 5487 mobilis,
3208 5428 3381 5499 quae
3453 5406 3551 5478 si·

1998 5529 2166 5599 mul
2201 5530 2656 5599 moventur.

2091 5646 2248 5717 Aut
2281 5644 2624 5724 dicatur,
2674 5645 2879 5735 quod
2916 5643 3123 5714 sicut
3188 5643 3556 5715 substan-
