4252 6393
1620 435 1981 513 QUAESTIO
2029 436 2217 499 xxm

388 620 485 673 ex
554 597 705 672 hoc
769 598 1070 673 dicitur
1147 599 1651 682 continuum,
1726 599 1933 692 quod

387 717 676 810 ubique
709 717 1023 810 signari
1065 721 1333 812 potest
1386 717 1725 793 instans.
1770 717 1933 790 Un-

383 835 472 907 de
527 855 689 909 non
739 839 863 909 cst
916 835 1556 929 intelligendum,
1619 838 1825 929 quod
1886 856 1933 907 a

383 950 529 1024 tali
564 951 903 1025 instanti
939 951 1220 1027 trahat
1272 952 1927 1036 continuitatem,

383 1066 573 1159 quia
605 1070 795 1142 tunc
830 1067 1039 1141 sicut
1075 1068 1390 1143 instans
1423 1090 1583 1142 non
1614 1073 1739 1144 est
1775 1066 1933 1141 nisi

388 1184 467 1256 in
508 1184 898 1277 potentia,
948 1185 1064 1258 sic
1118 1189 1437 1279 tempus
1497 1207 1659 1260 non
1718 1189 1933 1259 esset

384 1306 570 1376 actu
614 1303 1115 1386 continuum,
1172 1302 1306 1375 sed
1358 1303 1624 1375 solum
1681 1303 1759 1374 in
1800 1322 1932 1395 po-

386 1419 665 1493 tentia.
714 1419 860 1491 Sed
913 1418 993 1490 in
1036 1419 1423 1493 continuo
1468 1419 1783 1492 instans
1828 1424 1935 1493 ta-

387 1537 458 1608 le
516 1535 595 1609 in
655 1538 1022 1630 potentia
1077 1537 1380 1611 dicitur
1437 1559 1614 1610 esse
1682 1536 1935 1610 conti-

385 1674 670 1737 nuanS,
718 1654 904 1747 quia
937 1655 1148 1729 sicut
1188 1655 1499 1728 instans
1544 1657 1730 1728 actu
1773 1674 1935 1728 non

385 1774 535 1854 est,
588 1769 745 1844 nisi
797 1772 929 1845 ubi
972 1776 1097 1845 est
1169 1771 1415 1845 realis
1457 1770 1772 1854 divisi0‚
1820 1771 1935 1844 ita

388 1890 702 1962 instans
758 1887 838 1961 in
904 1890 1267 1981 potentia
1326 1910 1486 1962 non
1554 1892 1704 1971 est,
1777 1887 1934 1961 nisi

385 2004 519 2077 ubi
560 2009 686 2079 est
733 2004 980 2078 realis
1023 2005 1547 2086 continuitas,
1585 2009 1661 2078 et
1696 2004 1936 2079 habet

385 2142 472 2196 se
516 2123 609 2195 ad
662 2121 1287 2198 continuitatem
1344 2122 1421 2194 in
1466 2122 1789 2196 ratione
1838 2122 1935 2194 si-

382 2239 556 2331 gni,
597 2238 786 2331 quia
815 2241 940 2313 est
983 2239 1305 2331 signum
1336 2238 1931 2321 continuitatis,

382 2377 547 2429 non
587 2375 861 2430 causa.

477 2478 697 2559 Quod
740 2480 1013 2549 autem
1064 2474 1258 2550 illud
1309 2476 1623 2550 instans
1685 2475 1935 2550 conti-

383 2593 731 2669 nuitatis
790 2615 953 2667 non
1016 2595 1122 2669 sit
1173 2598 1360 2669 actu
1405 2594 1485 2666 in
1541 2597 1930 2687 tempore,

385 2708 624 2803 plane
663 2710 857 2784 dicit
903 2712 1310 2785 Avicenna
1360 2710 1440 2783 in
1488 2711 1620 2783 lib.
1655 2713 1722 2782 Ξ.
1760 2714 1938 2797 Phy-

95 2849 343 2964 ἷίξιιτὲῆοίςὲ.
384 2830 584 2897 sicar.
611 2831 633 2853 ⁶
656 2852 802 2918 cap.
830 2831 938 2901 12.
973 2829 1100 2901 ubi
1136 2830 1472 2921 loquens
1506 2829 1596 2900 dc
1631 2828 1935 2901 instan-

149 2950 160 2963 .
212 2953 223 2966 .
267 2932 279 2962 Ι
319 2954 330 2965 .

389 2949 470 3019 te
510 2945 1040 3020 continuante
1072 2946 1267 3021 dicit
1303 2974 1316 3017 :
1368 2949 1785 3015 Continuam
1813 2969 1937 3012 au-

389 3077 516 3131 lem
558 3086 693 3132 non
741 3066 931 3134 habet
979 3084 1158 3137 esse
1205 3068 1277 3133 in
1326 3077 1499 3147 actu,
1547 3068 1621 3132 in
1660 3087 1733 3131 eo
1764 3064 1938 3152 quod

386 3181 578 3249 habet
607 3182 1073 3251 distentionem
1104 3193 1352 3251 rectam
1379 3182 1740 3251 secundum
1763 3180 1937 3269 quod

385 3311 480 3364 est
509 3302 929 3367 continuans.
969 3301 1069 3373 Et
1103 3297 1366 3372 subdit
1403 3326 1415 3369 :
1454 3321 1590 3367 non
1613 3302 1790 3368 enim
1821 3302 1935 3367 Ιια·

386 3416 564 3483 beret
594 3434 771 3486 esse
814 3420 888 3485 in
930 3430 1104 3498 actu,
1160 3420 1298 3484 nisi
1336 3421 1940 3506 interrumperetur

390 3544 643 3622 tempus
671 3535 899 3623 aliquo
940 3536 1132 3603 modo
1171 3537 1711 3622 interruptioni&

480 3649 669 3721 Tale
702 3650 952 3724 etiam
986 3650 1302 3725 instans
1344 3651 1668 3732 dicitur,
1709 3652 1939 3743 quasi

388 3789 525 3834 non
579 3780 786 3851 stans,
845 3769 1034 3859 quia
1095 3769 1307 3842 sicut
1360 3772 1584 3843 totus
1638 3771 1932 3849 motuS,

389 3886 471 3954 et
532 3886 850 3978 tempus
893 3891 1015 3958 est
1080 3886 1156 3958 in
1217 3885 1757 3966 successione,
1824 3883 1939 3956 sic

391 3998 825 4092 signabilia
858 4004 935 4075 in
967 4024 1059 4076 eo
1096 4007 1280 4076 sunt
1316 4003 1393 4075 in
1430 4000 1939 4075 successione

394 4116 566 4188 sine
609 4119 1200 4210 permanentia.

105 4247 245 4360 rma
288 4325 411 4362 w·
484 4236 627 4306 Est
674 4235 886 4308 aliud
935 4237 1247 4312 instans
1299 4257 1456 4310 non
1502 4238 1746 4320 reale,
1805 4237 1937 4309 scd

144 4375 301 4436 cepa-0.
395 4351 955 4443 imaginatum,
992 4354 1121 4425 vel
1157 4353 1683 4435 intellectum,
1733 4356 1938 4445 quod

389 4486 548 4538 non
585 4468 1108 4562 imaginatur,
1144 4472 1275 4544 vel
1300 4470 1792 4562 intelligitur
1820 4493 1937 4545 so·

391 4586 558 4657 lum
625 4587 703 4658 in
766 4588 1154 4680 potentia,
1230 4589 1393 4660 imo
1456 4585 1937 4677 imaginatio

390 4703 687 4795 accipit
724 4704 988 4797 ipsum
1025 4710 1235 4780 actu.
1274 4704 1462 4776 Tale
1490 4706 1759 4777 autem
1790 4702 1939 4775 ins-

388 4822 597 4904 tans,
675 4842 831 4914 quo
900 4824 1220 4915 tempus
1281 4823 1793 4903 numeratur,
1859 4824 1937 4894 et

391 4957 543 5029 quo
600 4937 999 5012 mediante
1048 4941 1368 5032 tempus
1416 4937 1753 5031 proprie
1810 4957 1939 5010 ac-

390 5060 740 5150 ceptum,
781 5060 982 5150 quod
1037 5058 1407 5151 sequitur
1442 5060 1752 5130 motum
1788 5078 1939 5130 coe-

392 5173 475 5254 li,
526 5178 942 5248 mensurat
1005 5175 1211 5248 alios
1276 5179 1546 5248 motus
1592 5195 1737 5267 per
1798 5173 1941 5244 ali-

396 5309 634 5380 quam
700 5291 822 5362 sui
876 5294 1221 5384 partem,
1282 5312 1327 5364 a
1376 5291 1605 5364 nobis
1651 5290 1939 5382 imagi-

393 5406 776 5480 nabiliter
835 5414 1277 5504 acceptam,
1349 5432 1529 5484 cum
1598 5412 1939 5484 dicimus

397 5526 600 5616 quod
645 5526 798 5598 iste
843 5532 1111 5602 motus
1143 5529 1467 5601 duravit
1506 5548 1663 5601 una
1705 5528 1935 5608 hora,

395 5641 523 5713 vel
571 5643 719 5727 die,
777 5645 905 5717 vel
959 5665 1191 5718 anno,
1251 5649 1428 5719 Non
1479 5646 1691 5719 enim
1736 5646 1941 5717 bora

113 2992 199 3041 rap.
231 2978 302 3030 12.

3493 432 3604 495 701

2047 598 2145 669 ab
2197 596 2426 679 hora,
2472 596 2600 668 vel
2653 596 2820 670 dies
2872 615 2917 668 a
2970 596 3118 678 die,
3167 596 3298 668 vel
3340 616 3597 668 annus

2046 716 2145 787 ab
2213 734 2422 789 anno
2474 714 3153 796 discontinuatur,
3224 713 3409 808 quia
3475 716 3595 786 to-

2043 833 2219 903 tum
2251 835 2572 926 tempus
2616 834 3037 925 acceptum
3078 833 3202 906 est
3238 851 3481 903 unum
3515 832 3595 902 et

2046 950 2547 1025 continuum.
2625 952 2770 1024 Sed
2829 969 2976 1023 nos
3044 949 3597 1042 imaginamur

2045 1066 2483 1140 divisiones
2547 1066 2625 1139 in
2678 1067 2818 1140 illo
2879 1070 3254 1160 tempore
3325 1086 3597 1139 secun-

2046 1183 2231 1254 dum
2272 1182 2706 1256 divisiones
2751 1185 3042 1265 reales,
3104 1188 3183 1257 et
3236 1182 3598 1257 actuales

2050 1304 2416 1373 motuum
2473 1301 2844 1374 realium.
2904 1304 3003 1384 Et
3058 1300 3263 1383 ideo,
3330 1302 3416 1371 ut
3473 1320 3597 1393 pa·

2050 1421 2192 1501 tet,
2249 1418 2407 1492 nisi
2466 1419 2631 1492 tale
2701 1419 3014 1491 instans
3084 1418 3602 1509 acciperetur

2049 1536 2147 1606 ab
2181 1534 2480 1618 anima,
2519 1539 2839 1628 tempus
2874 1557 3031 1608 non
3078 1536 3597 1609 mensuraret

2050 1656 2391 1739 motum,
2432 1674 2577 1726 nec
2613 1657 2885 1746 posset
2919 1652 3208 1726 divisio
3237 1652 3596 1746 partium

2047 1768 2448 1862 temporis
2487 1769 2948 1862 imaginari.

2139 1889 2281 1959 Est
2328 1892 2709 1981 quartum
2754 1908 3006 1980 genus
3052 1888 3461 1975 instantiS,
3504 1889 3595 1960 de
3631 1885 3855 2008 0‘231’2'53
3861 1897 3945 1994 7⁶·

2049 2024 2206 2095 quo
2266 2003 2586 2086 dicitur,
2654 2007 2859 2096 quod
2919 2008 3042 2079 cst
3094 2005 3297 2077 idem
3353 2005 3430 2076 in
3481 2026 3598 2077 cs-

2050 2121 2314 2194 sentia
2358 2122 2432 2193 in
2486 2124 2661 2194 toto
2726 2127 3119 2216 tempore,
3184 2122 3595 2195 diversum

2051 2239 2323 2310 tamen
2367 2238 2801 2311 secundum
2847 2259 3050 2311 esse.

2535 2568 2970 2628 ARTIC-ULUS
3046 2569 3114 2625 11.

2057 2750 2363 2825 Qualiter
2421 2750 2680 2816 instans
2721 2749 2812 2815 ad
2856 2761 3107 2838 tempus
3138 2754 3603 2839 comparetur?

2140 2947 2379 3021 Circa
2448 2948 2883 3019 secundum
2948 2972 2961 3017 :
3029 2946 3181 3021 hoc
3254 2949 3593 3032 instans,
3773 2978 3831 3029 5.

2050 3060 2484 3131 seeundum
2515 3060 2968 3133 doctrinam
3015 3061 3488 3135 Aristotelis
3529 3066 3595 3136 4.
3656 3044 3914 3155 3332'2151533,

2050 3179 2400 3264 Pltysieor.
2477 3189 2636 3245 least.
2709 3201 2940 3247 comm.
3008 3181 3158 3253 105.
3227 3179 3598 3271 Sequitur·
3647 3183 3924 3280 „3¹32”ssssoe

2052 3292 2368 3373 mobile,
2409 3292 2620 3366 sicut
2662 3297 2981 3387 tempus
3029 3298 3377 3379 motum;
3426 3297 3597 3371 ideo
3629 3294 3949 3357 ‘'mmm'‘-

2049 3414 2171 3484 est
2209 3412 2287 3483 in
2321 3411 2624 3495 mobili,
2673 3417 2757 3486 ut
2803 3414 2879 3485 in
2914 3415 3276 3507 subjecto
3314 3441 3328 3497 ;
3365 3422 3444 3493 ct
3475 3425 3601 3494 est

2052 3549 2436 3601 mensura
2489 3531 2808 3602 mobilis
2881 3533 3025 3605 sub
3084 3533 3378 3620 forma,
3446 3556 3601 3626 qua

2055 3645 2372 3719 mobile.
2439 3646 2821 3729 Quamvis
2883 3651 3155 3723 autem
3227 3650 3376 3725 hoc
3447 3652 3601 3724 ins-

2052 3767 2235 3836 tans
2314 3762 2604 3838 habeat
2685 3765 2888 3837 idem
2967 3790 3100 3835 esse
3168 3770 3603 3843 secundum

2054 3880 2596 3954 substantiam
2659 3881 2737 3953 in
2793 3885 2971 3955 toto
3032 3886 3427 3977 tempore,
3489 3891 3602 3960 ta-

2054 4018 2234 4070 men
2269 4000 2648 4073 continue
2694 4005 3162 4086 renovatur,
3209 4007 3287 4075 et
3330 4005 3601 4077 varia-

2055 4117 2216 4198 tur,
2257 4120 2646 4207 quantum
2693 4118 2787 4190 ad
2831 4143 2964 4188 esse
3025 4122 3598 4213 respectivum.

2055 4231 2263 4306 sicut
2301 4235 2564 4327 ipsum
2600 4235 2891 4307 mobile
2923 4240 3044 4308 est
3080 4236 3286 4309 idem
3317 4239 3391 4308 in
3425 4242 3603 4312 toto

2055 4355 2279 4424 motu
2318 4355 2750 4427 secundum
2797 4354 3339 4429 substantiam
3393 4383 3406 4426 :
3467 4358 3600 4431 scd

2052 4467 2430 4539 variatur
2461 4470 2839 4543 continue
2882 4474 3271 4563 quantum
3315 4472 3408 4545 ad
3441 4498 3596 4557 esse,

2054 4584 2260 4674 quod
2348 4587 2639 4679 recipit
2727 4591 3158 4662 secundum
3234 4591 3601 4666 diversos

2054 4702 2350 4791 gradus
2418 4703 2636 4777 illius
2700 4710 2996 4779 motus.
3046 4707 3267 4781 Sicut
3329 4713 3601 4782 autem

2054 4817 2195 4889 illa
2226 4842 2359 4886 esse
2403 4821 2836 4893 seeundum
2889 4824 3096 4914 quod
3140 4825 3599 4908 variantur,

2053 4954 2211 5006 non
2273 4940 2457 5009 sunt
2515 4940 2700 5010 actu
2768 4938 2845 5010 in
2911 4943 3133 5013 motu
3188 4941 3600 5026 continuO,

2054 5053 2184 5124 sed
2231 5054 2494 5126 solum
2530 5054 2608 5126 in
2643 5056 3031 5147 potentia,
3088 5064 3393 5150 praeter
3426 5059 3599 5142 hoc,

2054 5171 2259 5262 quod
2300 5176 2422 5246 est
2486 5172 2565 5245 in
2613 5174 2767 5246 fine
2823 5177 3117 5257 motus,
3177 5176 3365 5268 quia
3419 5180 3603 5249 sunt

2055 5289 2414 5378 quendam
2456 5304 2712 5360 mutata
2759 5315 2893 5360 esse
2929 5319 2954 5374 ,·
3008 5290 3122 5365 sic
3165 5317 3300 5362 esse
3356 5294 3597 5377 aliud,

2053 5409 2135 5479 et
2176 5407 2387 5479 aliud
2433 5407 2684 5500 ipsius
2723 5409 3129 5495 instantis,
3164 5431 3323 5489 non
3360 5413 3602 5487 sumi—

2050 5525 2192 5595 tur
2233 5526 2442 5606 actu,
2495 5527 2628 5598 sed
2677 5513 3077 5620 potentia3
3128 5529 3314 5621 quia
3358 5530 3424 5602 si
3467 5555 3601 5602 esse

2053 5639 2291 5714 istius
2353 5642 2759 5729 instantis,
2834 5646 3039 5737 quod
3107 5646 3197 5721 fit
3266 5647 3346 5720 in
3419 5652 3606 5748 toto¹
