4252 6393
105 658 108 727 l

115 3609 165 3656 ,ω
180 3579 219 3661 ’3.

113 4732 169 4781 Ad
203 4738 240 4788 4.

1640 450 2008 529 QUAES'HO
2057 451 2100 513 ΙΙ

313 619 481 694 talis
539 616 920 689 convenit
988 636 1169 689 cum
1237 614 1496 693 mixto
1549 634 1828 687 secun-

307 738 465 809 dum
500 734 714 827 quod
749 733 1093 806 mixtum
1124 732 1219 822 jin
1270 730 1822 823 generatione,

3375 440 3495 507 247

1940 609 2314 685 trahitur
2351 610 2583 682 calor
2643 611 2736 681 ad
2785 605 3208 679 exteriora
3253 622 3501 676 mem-

1940 727 2115 809 bra,
2194 726 2407 801 sicut
2489 727 2567 799 in
2663 722 2975 796 balneis
3072 720 3498 813 impediret

311 853 412 924 vel
487 857 680 927 ante
772 848 1388 941 generationem
1481 846 1634 919 sui.
1727 849 1826 918 Et
1937 844 2476 935 digestionem
2601 844 2939 936 propter
3048 835 3499 912 absentiam

309 967 829 1061 exemplificat
861 963 1146 1037 diffuse
1193 965 1286 1035 de
1337 964 1644 1036 semine
1693 962 1829 1035 hu-

312 1104 551 1165 mano,
597 1087 678 1155 et
722 1080 1311 1164 consimilibus,
1355 1100 1530 1173 quae
1566 1080 1827 1153 dimit-

311 1206 399 1273 to.

382 1318 520 1391 Sed
562 1317 632 1389 si
675 1314 844 1389 haec
878 1315 984 1388 sit
1042 1314 1387 1387 intentio
1430 1314 1827 1386 Aristote-

311 1434 414 1515 lis,
460 1437 544 1506 ut
585 1433 1002 1527 probabile
1034 1433 1183 1513 est,
1221 1434 1299 1503 et
1342 1429 1822 1511 verisimile,

308 1552 530 1623 etiam
592 1556 673 1624 et
736 1550 888 1623 iste
955 1549 1263 1621 diceret
1331 1568 1828 1639 consequen-

309 1672 413 1740 ter
460 1667 669 1760 quod
717 1666 804 1738 fit
880 1686 977 1737 ex
1028 1665 1306 1738 calore
1377 1664 1825 1738 intrinseco

312 1783 878 1877 principaliter,
934 1784 1012 1854 et
1061 1782 1500 1874 juvaretur
1549 1782 1648 1853 ab
1694 1801 1829 1852 ex-

310 1901 671 1982 trinseco,
743 1904 821 1972 et
891 1902 1083 1972 tunc
1141 1899 1364 1969 nulla
1425 1899 1829 1970 existente

309 2017 700 2091 caliditate
750 2016 1216 2089 extrinseca
1256 2018 1595 2105 negaret
1651 2014 1828 2086 fieri

311 2151 522 2223 posse
550 2133 1118 2225 digestionem,
1156 2129 1281 2202 vel
1321 2132 1822 2213 antecedenS,

307 2249 530 2323 aliter
563 2249 993 2343 responsio
1032 2248 1384 2320 rationis
1435 2249 1822 2331 secundae,

307 2369 573 2441 saltem
604 2368 695 2440 de
729 2367 1185 2458 digestione
1217 2366 1580 2439 naturali
1623 2387 1669 2437 a
1709 2385 1827 2438 ca-

306 2484 439 2557 lido
505 2484 980 2565 intrinseco,
1045 2503 1205 2554 non
1263 2483 1603 2556 valeret.
1671 2482 1821 2557 Sed

301 2600 377 2673 de
407 2601 747 2691 digestis
798 2601 1058 2672 calido
1121 2600 1508 2680 naturali,
1569 2604 1645 2672 et
1698 2622 1826 2671 ex-

302 2718 667 2799 trinseco,
705 2737 866 2789 non
898 2717 1201 2789 diceret
1256 2715 1494 2798 forte,
1547 2719 1631 2789 ut
1672 2717 1826 2788 dic-

304 2835 455 2907 tum
487 2838 636 2917 est,
675 2834 847 2907 sive
891 2833 970 2905 in
1012 2834 1615 2915 artificialibus
1657 2835 1825 2905 sive

310 2948 374 3021 in
399 2950 904 3024 naturalibus
931 2975 945 3030 ;
986 2950 1117 3021 sed
1142 2954 1365 3022 certe
1391 2949 1824 3039 indigestio

306 3069 410 3138 est
438 3067 590 3140 cibi
640 3067 723 3140 in
774 3065 1224 3146 stomacho,
1272 3086 1432 3138 non
1471 3065 1667 3138 bene
1716 3067 1825 3138 in-

307 3182 567 3276 telligo
626 3184 943 3278 quando
1012 3184 1242 3257 calor
1322 3182 1823 3257 intrinsecus

305 3300 543 3374 cibum
582 3302 927 3392 digerat,
974 3305 1051 3373 et
1100 3300 1272 3373 ideo
1306 3300 1644 3393 quilibet
1687 3299 1825 3373 eli-

306 3420 427 3506 gat
457 3417 631 3501 sibi,
675 3418 883 3510 quod
919 3417 1208 3490 melius
1247 3417 1400 3490 sibi
1442 3419 1730 3510 placet.

379 3534 483 3606 Ad
514 3536 875 3616 tertiam,
935 3538 1231 3623 Diqesaeio
1267 3537 1346 3620 fit
1376 3559 1416 3603 a
1459 3537 1681 3603 calore
1709 3558 1820 3602 ar-

303 3653 572 3734 tificiali.
610 3651 1104 3725 Conceditur
1132 3651 1224 3721 de
1265 3650 1539 3741 aliqua
1569 3652 1825 3742 diges-

307 3766 530 3849 tione,
578 3771 656 3840 et
708 3788 870 3840 non
932 3768 1023 3840 de
1095 3767 1342 3850 omni,
1381 3771 1458 3839 et
1515 3769 1629 3840 sic
1671 3789 1828 3839 una

303 3882 378 3953 fit
434 3884 530 3955 ab
583 3884 1028 3964 artificiali,
1074 3887 1153 3956 et
1215 3883 1402 3965 alia,
1476 3905 1680 3965 non;
1747 3887 1825 3957 et

304 3999 531 4071 etiam
566 3999 750 4072 licet
787 3999 951 4071 alia
972 3999 1436 4073 artificialis
1473 3999 1577 4071 sit
1604 3999 1823 4084 talis,

301 4115 556 4187 tamen
585 4134 741 4188 non
774 4115 862 4187 fit
900 4115 1074 4187 sine
1108 4114 1473 4188 naturali
1509 4116 1824 4198 calore;

301 4235 369 4303 et
428 4233 495 4304 si
552 4232 730 4323 quis
808 4232 1097 4304 stricte
1167 4231 1386 4323 loqui
1459 4235 1825 4324 cuperet,

305 4350 546 4422 omnis
578 4350 808 4421 calor
852 4354 984 4422 est
1020 4348 1253 4422 calor
1285 4350 1717 4432 naturalis,
1753 4355 1829 4423 ct

300 4482 446 4536 non
479 4465 967 4548 artificialis,
1006 4467 1122 4539 sic
1166 4467 1374 4558 quod
1409 4487 1569 4538 non
1605 4471 1833 4540 natu-

305 4581 507 4654 ralis.

386 4701 492 4773 Ad
543 4702 965 4794 quartam,
1027 4703 1273 4788 Aliqua
1320 4701 1626 4789 diqesciO,
1681 4704 1830 4774 eto.

312 4818 610 4893 Dicitur
644 4822 851 4912 quod
893 4840 1037 4912 per
1090 4819 1314 4891 illam
1381 4822 1650 4910 potest
1713 4841 1837 4893 ac-

313 4934 656 5016 celerari,
695 4936 829 5008 sed
862 4933 1271 5008 naturalis
1320 4935 1551 5007 calor
1591 4935 1838 5012 efficit

316 5052 881 5144 principaliter,
948 5055 1027 5124 et
1104 5052 1220 5124 sic
1290 5051 1683 5124 similiter
1747 5055 1838 5126 de

315 5167 563 5239 calore
617 5169 907 5250 balnei,
975 5168 1105 5260 qui
1163 5169 1396 5261 juvat
1455 5169 1839 5260 digestio-

317 5300 500 5364 nem,
544 5305 692 5358 non
726 5304 909 5356 cum
967 5287 1320 5376 oportet,
1374 5283 1505 5354 sed
1563 5284 1832 5366 istam,

321 5417 473 5487 quae
517 5399 594 5472 fit
639 5400 717 5473 in
763 5399 1182 5480 membris,
1228 5402 1305 5470 et
1357 5419 1518 5470 non
1584 5399 1832 5483 illam,

322 5533 475 5605 quae
515 5513 593 5588 fit
647 5517 727 5589 in
769 5513 1222 5597 stomacho,
1285 5516 1411 5586 vel
1471 5516 1548 5587 in
1601 5515 1840 5608 hepa-

321 5633 410 5710 te,
452 5631 627 5726 quia
674 5632 991 5730 hepate,
1038 5631 1167 5707 vel
1209 5631 1631 5706 stomacho
1683 5635 1841 5707 dis-

1941 960 2421 1054 principalis
2450 957 2920 1051 digerentiS.
2952 996 2963 1003 -

2033 1088 2148 1160 Ad
2185 1087 2584 1179 quintam,
2629 1087 2709 1153 si
2735 1088 2855 1166 sic,
2896 1093 3276 1171 sequeretur
3316 1080 3492 1169 quod

1940 1207 2169 1272 omnia
2196 1204 2452 1291 diqesta
2473 1214 2682 1270 essene
2712 1199 3071 1268 calidiora.
3111 1192 3486 1270 Concedi-

1942 1324 2083 1393 tur
2141 1315 2743 1408 consequentia,
2807 1316 2886 1386 et
2954 1332 3479 1404 consequens,

1942 1436 2266 1509 caeteris
2308 1433 2669 1528 paribuS,
2716 1432 2783 1503 si
2821 1431 2981 1502 sint
3037 1428 3116 1501 in
3154 1428 3311 1509 via,
3356 1427 3483 1501 vel

1941 1554 2025 1627 in
2059 1553 2318 1625 medio
2352 1548 2858 1642 digestionis,
2895 1550 2973 1619 et
3006 1566 3166 1618 non
3200 1544 3484 1637 incipit

1942 1670 2106 1743 alia
2142 1668 2515 1747 mutatio,
2548 1687 2721 1758 quae
2754 1685 2916 1737 non
2948 1666 3071 1737 est
3103 1660 3478 1753 digestio.

1942 1786 2056 1860 Ad
2107 1784 2674 1879 probationem
2718 1780 3135 1861 falsitatiS,
3185 1783 3341 1869 quia
3388 1802 3481 1848 es·

1940 1907 2116 1986 cula,
2173 1907 2324 1976 etc.
2373 1900 2675 1973 dicitur
2733 1899 2936 1989 quod
2981 1898 3121 1971 illa
3171 1900 3482 1990 putres-

1941 2022 2159 2101 cunt,
2195 2022 2273 2091 et
2301 2015 2585 2108 incipit
2610 2014 2879 2105 aliqua
2906 2012 3280 2095 mutatio,
3307 2032 3481 2104 quaa

1942 2157 2099 2210 non
2144 2139 2267 2208 est
2306 2132 2680 2223 digestio,
2728 2133 2807 2202 et
2856 2129 3108 2201 adhuc
3147 2149 3306 2199 non
3356 2132 3480 2201 est

1942 2253 2373 2349 probatum
2408 2249 2613 2341 quod
2658 2247 2933 2320 escula
2979 2247 3045 2318 si
3091 2246 3481 2319 sint-mol·

1940 2370 2088 2442 lita
2132 2369 2319 2439 sunt
2352 2363 2617 2437 minus
2651 2360 2934 2442 calida,
2973 2382 3212 2452 quam
3256 2363 3475 2442 ante;

1941 2501 2227 2555 verum
2286 2482 2409 2550 est
2476 2481 2751 2550 tamen
2821 2475 3025 2566 quod
3088 2476 3155 2547 si
3205 2481 3479 2550 essent

1940 2597 2327 2691 perfecta,
2361 2594 2642 2666 debent
2675 2613 2852 2665 esse
2889 2591 3156 2664 minus
3189 2591 3472 2674 calida,

1942 2720 2029 2789 ut
2068 2714 2370 2785 dietum
2409 2713 2531 2782 est
2569 2710 2650 2782 in
2694 2708 3173 2802 praecedenti
3228 2730 3478 2801 quaes-

1941 2834 2190 2906 tione.
2240 2830 2385 2904 Sed
2428 2828 2643 2900 forte
2692 2827 3040 2900 calidum
3083 2827 3479 2900 extrinse-

1938 2969 2148 3031 cum,
2175 2968 2329 3040 quo
2363 2944 2636 3018 escula
2669 2945 3174 3037 putrescunt,
3211 2944 3289 3015 et
3316 2944 3480 3016 alio

1941 3067 2175 3138 modo
2208 3065 2569 3137 alterant
2612 3060 2876 3151 magis
2911 3057 3476 3141 calefaciendo,

1941 3183 2033 3254 ad
2077 3180 2528 3254 faciendum
2560 3174 2912 3248 calidum
2952 3172 3365 3256 exhalare,
3403 3179 3484 3249 et

1941 3296 2056 3368 sic
2123 3293 2482 3367 finaliter
2533 3292 2822 3364 fierent
2863 3289 3125 3380 magis
3186 3289 3484 3380 frigida

1942 3409 2541 3506 putrefactione
2623 3406 3000 3480 totaliter
3077 3407 3482 3497 completa

1941 3550 2192 3621 usque
2241 3527 2335 3598 ad
2377 3524 3038 3604 exsiccationem,
3095 3521 3482 3596 similiter

1937 3648 2259 3722 dicatur
2287 3645 2378 3717 de
2420 3643 2606 3714 aliis
2642 3641 3065 3713 fructibus.

2057 3772 2170 3845 Ad
2258 3769 2506 3841 aliam
2595 3765 3302 3839 confirmationem
3391 3767 3483 3837 de

1944 3892 2241 3969 musto,
2290 3886 2495 3978 quod
2554 3887 2679 3957 est
2739 3882 3080 3956 calidius
3142 3884 3329 3953 ante
3375 3881 3482 3954 di-

1944 4006 2424 4097 gestionem,
2455 4023 2694 4094 quam
2724 3999 3034 4094 quando
3059 4002 3181 4071 est
3205 3999 3391 4070 vinu
3409 4019 3481 4069 m

1942 4122 2251 4195 factum
2280 4145 2294 4200 ;
2331 4118 2631 4192 dicitur
2666 4116 2873 4210 quod
2903 4115 3054 4188 hoc
3078 4119 3203 4188 est
3239 4115 3484 4186 ratio-

1942 4258 2040 4309 ne
2080 4235 2524 4308 caliditatis
2576 4234 3084 4313 extrinsecae,
3128 4234 3209 4303 et
3264 4231 3482 4302 inna-

1949 4355 2271 4436 turalis,
2320 4352 2638 4426 scilicet
2685 4372 2782 4423 ex
2826 4354 3060 4443 parte
3112 4347 3349 4428 Solis,
3405 4349 3483 4419 et

1945 4494 2043 4544 ex
2106 4475 2344 4564 parte
2409 4466 2969 4558 indigerentiS,
3013 4470 3093 4539 et
3163 4464 3486 4538 ratione

1947 4587 2616 4663 commutationis
2679 4585 2996 4666 multae;
3053 4586 3326 4656 tamen
3381 4580 3488 4653 di-

1949 4706 2169 4778 citur
2222 4703 2430 4795 quod
2497 4701 2895 4775 calefacta
2963 4699 3149 4771 dum
3222 4716 3487 4788 segre·

1950 4826 2277 4912 gantur,
2324 4823 2403 4892 ct
2462 4821 2916 4912 evaporant
2955 4814 3290 4888 subtilia
3349 4813 3489 4885 ali-

1951 4958 2109 5029 qua
2169 4956 2359 5008 aere
2418 4934 2702 5016 mixta,
2788 4931 3147 5006 redivivo
3218 4934 3492 5005 tamen

1949 5053 2168 5134 vino,
2243 5054 2324 5124 et
2400 5048 2869 5121 deveniente
2946 5048 3041 5120 ad
3107 5051 3492 5120 naturam

1955 5168 2377 5260 propriam
2416 5164 3069 5245 determinatam,
3114 5168 3194 5237 et
3245 5161 3494 5254 speci-

1951 5283 2188 5356 ficam
2229 5281 2422 5362 vini,
2464 5281 2653 5353 illud
2687 5281 2964 5352 vinum
2998 5283 3120 5351 est
3156 5277 3492 5351 calidius

1950 5399 2382 5488 digestum,
2423 5416 2661 5488 quam
2697 5394 3209 5485 indigestum,
3250 5394 3316 5465 si
3351 5393 3492 5465 ali-

1956 5537 2111 5608 qua
2183 5513 2529 5587 mutatio
2607 5532 3142 5604 corrumpens
3231 5509 3490 5603 possit

1956 5632 2362 5714 advenire,
2400 5630 2588 5723 quia
2636 5630 2912 5703 vinum
2963 5627 3485 5708 acceleraret,

3618 1077 3703 1132 2⁷.

3596 1144 3685 1196 Ad
3707 1145 3763 1202 5.
