4252 6393
663 394 809 463 151-

660 564 1027 648 meridie,
1110 563 1300 656 quia
1395 567 1584 637 tunc
1665 562 1988 636 sedatus
2074 565 2200 634 est

658 685 1009 775 impetus
1089 682 1640 755 exhalationis
1717 700 1964 774 super
2041 686 2198 755 ter-

654 820 835 873 ram
900 803 1245 892 propter
1310 800 1700 872 calorem.
1764 801 2035 878 Sexto,
2110 797 2200 870 fit

654 918 880 990 circa
931 917 1273 1010 eclipsin
1319 919 1587 997 Lunae,
1668 914 1981 989 scilicet
2037 934 2199 986 mo-

652 1033 919 1106 dicum
981 1038 1192 1115 ante,
1262 1033 1389 1106 vel
1460 1037 1670 1126 post,
1744 1032 1933 1124 quia
2008 1033 2200 1102 tunc

656 1153 979 1224 sedatus
1046 1156 1333 1225 ventus
1402 1152 1793 1232 exterior,
1859 1154 2203 1243 propter

656 1267 1057 1341 defectum
1090 1269 1400 1343 caloris
1443 1271 1712 1341 Lunae.
1768 1270 1869 1341 Et
1908 1263 2059 1336 hoc
2109 1264 2201 1334 de

661 1387 1035 1459 secundo.

747 1506 862 1578 Ad
914 1505 1277 1579 rationes
1313 1532 1327 1575 ε
1369 1506 1483 1577 Ad
1536 1505 1912 1597 primam,
1978 1508 2203 1597 patet

656 1623 864 1715 quod
904 1642 1065 1694 non
1099 1620 1593 1712 intelligitur
1622 1621 1713 1692 de
1757 1621 1904 1695 tali
1947 1626 2197 1695 motu.

744 1737 857 1810 Ad
927 1738 1394 1818 secundam,
1483 1737 1659 1809 dico
1739 1738 1945 1828 quod
2008 1736 2200 1810 talis

656 1858 955 1934 motus,
1029 1853 1341 1926 scilicet
1404 1852 1704 1926 fractio
1798 1858 2041 1926 terrae
2113 1855 2202 1927 ut

652 1970 1056 2044 violenter
1137 1997 1151 2040 :
1227 1974 1307 2043 et
1376 1969 1745 2060 quamvis
1806 1968 1959 2042 hoc
2039 1989 2200 2040 non

654 2092 931 2180 posset
1004 2087 1183 2160 fieri
1260 2088 1781 2170 naturaliter,
1859 2093 2201 2182 propter

655 2204 1151 2279 soliditatem
1238 2209 1512 2289 terrae,
1596 2209 1867 2298 potest
1927 2210 2201 2279 tamen

652 2322 832 2394 fieri
874 2322 1281 2395 violenter
1342 2323 1440 2394 ab
1507 2323 1779 2415 aliquo
1841 2322 2003 2394 alio
2060 2323 2199 2396 im-

663 2440 1052 2533 pellente;
1093 2445 1172 2514 et
1217 2441 1531 2532 quando
1558 2442 1957 2532 quaeritur
2001 2442 2200 2513 unde

660 2555 936 2629 veniat
979 2561 1210 2630 tanta
1250 2557 1373 2628 vis
1409 2556 1629 2629 illius
1678 2557 2195 2650 impellentis,

663 2675 1223 2765 respondetur,
1298 2675 1503 2767 quod
1585 2676 1856 2768 aliquo
1930 2677 2198 2749 modo-

662 2809 871 2872 rum,
921 2788 1056 2881 qui
1099 2785 1328 2881 prius
1379 2789 1569 2864 dicti
1629 2796 1840 2865 sunt.

748 2906 862 2979 Ad
904 2907 1268 2990 tertiam,
1331 2912 1674 2978 exhalatio
1750 2912 1875 2979 illa
1927 2925 2203 3001 propter

655 3026 1015 3126 ἰουίιαιειῃ,
1060 3028 1212 3097 etc.
1269 3026 1635 3098 Concedo
1698 3029 1904 3119 quod
1964 3027 2202 3100 exha-

660 3140 860 3215 latio
930 3141 1069 3214 illa
1136 3142 1304 3217 exit
1359 3148 1697 3237 propter
1755 3145 2197 3227 levitatem,

662 3276 1126 3349 quanquam
1160 3263 1331 3332 tum
1365 3260 1770 3353 contingit
1804 3264 2007 3354 quod
2041 3285 2202 3336 non

662 3377 932 3465 potest
990 3376 1242 3459 exire,
1305 3380 1387 3449 et
1441 3375 1612 3449 ideo
1655 3379 1966 3470 quando
2034 3379 2204 3453 exit

662 3510 805 3582 per
848 3512 1120 3584 poros,
1170 3498 1359 3567 tunc
1401 3495 1490 3567 fit
1538 3501 1852 3577 ventus,
1908 3503 1987 3571 et
2040 3518 2202 3570 non

659 3610 1210 3683 terraemotus.
1267 3613 1366 3684 Et
1410 3610 1524 3683 sic
1567 3611 1872 3685 (lictum
1931 3618 2054 3687 est
2107 3614 2203 3684 ad

662 3724 1222 3816 quaestionem.

304 1545 393 1594 Aa
406 1519 621 1604 arbum.

335 1607 379 1655 ί.
439 1608 607 1656 rinei-

317 1686 392 1733 pa
448 1705 461 1718 .

367 1741 455 1792 Aa
479 1740 530 1791 2.

372 2899 462 2952 Aa
512 2898 562 2951 3.

1065 4030 1524 4112 QUAEsTlo
1620 4036 1796 4105 VII.

666 4229 900 4295 Utrum
969 4233 1430 4325 tranquillitas
1493 4236 1580 4300 sit
1643 4237 1908 4323 siquam
1985 4249 2205 4304 ter-rw-

1292 4351 1557 4417 motus?

465 4570 516 4622 ι.
587 4635 598 4646 ι
753 4546 1162 4635 Arguitur
1224 4548 1429 4638 quod
1503 4569 1688 4630 non,
1755 4549 1943 4641 quia·
2011 4553 2202 4622 tunc

302 4635 627 4747 ‘¹'',‘,',·„„{’‚’‘⁸'
662 4683 875 4755 saepe
952 4663 1183 4736 fieret
1242 4668 1767 4738 terrfemotus
1841 4692 1854 4734 :
1929 4687 2203 4738 conse-

664 4800 915 4873 quens
949 4784 1075 4853 est
1115 4785 1404 4853 contra
1446 4782 2066 4875 experientiam,
2122 4788 2203 4857 et

664 4901 959 4970 contra
1019 4897 1548 4971 Aristotelem
1600 4904 1669 4968 in
1721 4904 1846 4967 isto
1889 4904 2198 4970 secundo.

665 5012 1074 5088 Probatur
1116 5017 1717 5107 consequentia,
1765 5016 1951 5109 quia
1993 5039 2204 5110 saepe

664 5132 754 5204 fit
807 5130 1392 5223 tranquillitas,

758 5249 1143 5328 Secundo,
1195 5247 1622 5339 aliquando
1654 5250 1744 5321 fit
1791 5255 2206 5324 terraemo-

668 5373 825 5449 tus,
882 5387 1041 5437 non
1101 5366 1500 5438 existente
1551 5366 2204 5458 tranquillitate;

669 5504 868 5571 ergo
915 5482 1474 5574 tranquillitas
1518 5502 1675 5553 non
1719 5488 1842 5555 cst
1886 5484 2207 5569 signum

670 5604 1220 5677 terrzemotus.
1296 5600 1541 5677 Tenet
1601 5599 2206 5695 consequentia,

309 5262 608 5312 Secundam
620 5298 633 5311 .

1839 396 1985 460 LlB.
2036 396 2106 458 ll.
2156 391 2700 462 ME'rssououUM

2316 558 2505 649 quia
2565 559 2741 651 Jam
2784 559 3107 651 signum
3155 563 3225 635 id
3269 568 3488 638 esset
3527 564 3849 648 falsum,

2313 679 2394 748 et
2443 696 2605 747 non
2663 682 3008 751 certum.
3058 683 3157 754 Et
3199 681 3676 754 antecedens
3729 704 3855 777 pa-

2314 795 2431 867 tet
2465 799 2534 864 in
2576 801 2700 864 isto
2743 802 3050 869 secundo.

2403 911 2706 993 Tertio,
2772 913 2922 986 hoc
2985 917 3339 988 maxime
3381 923 3619 1003 esset,
3669 920 3856 1012 quia
3914 950 4137 1002 renium.

2315 1032 2508 1102 tunc
2561 1032 2978 1107 exhalatio
3032 1037 3584 1111 includeretur
3645 1038 3859 1111 infra

2317 1148 2655 1229 terram,
2704 1148 2837 1220 sed
2879 1154 3222 1242 propter
3269 1151 3423 1223 hoc
3464 1157 3621 1222 non
3677 1179 3692 1221 ι
3739 1174 3859 1224 er-

2319 1281 2446 1352 go,
2526 1268 2679 1337 etc.
2764 1267 3365 1357 Consequentia
3443 1272 3687 1348 tenet,
3779 1277 3860 1344 et

2320 1383 2589 1472 major
2657 1387 2883 1475 patet
2960 1405 3106 1477 per
3182 1386 3718 1463 Aristotelem
3788 1395 3862 1461 in

2314 1503 2442 1568 islo
2503 1503 2810 1572 secundo,
2857 1505 2957 1576 Et
3029 1503 3296 1575 minor·
3346 1511 3595 1597 patet,
3674 1509 3865 1600 quia

2320 1617 2879 1707 tranquillitas
2937 1624 3207 1711 potest
3230 1621 3406 1694 fieri
3453 1644 3597 1715 per
3650 1624 3862 1698 alias

2314 1752 2605 1806 causas
2649 1756 2890 1826 quam
2948 1757 3089 1829 per
3142 1739 3576 1814 introitum
3623 1742 3864 1815 exha-

2315 1849 2647 1924 lationis
2693 1850 2772 1922 in
2815 1855 3152 1934 terram,
3214 1854 3429 1929 sicut
3487 1876 3634 1948 per
3672 1878 3860 1930 con-

2313 1967 2776 2039 versionem
2821 1966 3366 2042 exhalationis
3414 1970 3490 2043 in
3531 1992 3858 2064 aquam,

2313 2084 2439 2154 vel
2508 2104 2655 2176 per
2733 2086 3442 2178 consumptionem
3514 2089 3770 2181 ipsius
3812 2111 3862 2163 a

2317 2197 2527 2274 Sole.
3462 2287 3467 2292 ,

2402 2322 2736 2399 Quarto,
2817 2319 3005 2410 quia
3070 2320 3256 2393 dato
3344 2323 3552 2412 quod
3616 2323 4147 2422 exha-0,m,.,„„„

2316 2435 2516 2510 latio
2572 2436 3035 2511 includatur
3087 2437 3300 2510 infra
3343 2442 3684 2519 terram,
3734 2440 3860 2513 ad-

2313 2552 2467 2626 huc
2518 2554 2903 2645 possibile
2944 2561 3069 2629 est
3112 2557 3318 2648 quod
3360 2577 3520 2629 non
3573 2557 3865 2631 fortifi-

2315 2674 2549 2743 cetur
2580 2670 2704 2741 vis
2736 2670 2911 2761 ejus
2953 2672 3048 2742 ad
3091 2671 3684 2765 impellendum,
3731 2676 3862 2748 vel

2320 2787 2841 2868 movendum;
2915 2807 3115 2877 ergo
3158 2792 3349 2861 tunc
3407 2809 3566 2860 non
3624 2789 3865 2864 fieret

2317 2906 2867 2985 terrsemotus,
2966 2909 3045 2978 et
3133 2925 3277 2997 per
3356 2925 3864 2998 consequens

2317 3020 2879 3112 tranquillitas
2932 3041 3088 3091 non
3132 3025 3256 3094 est
3317 3020 3638 3112 signum
3701 3028 3865 3097 ter-

2323 3143 2740 3213 raemotuS.

2407 3256 2886 3349 Oppositum
2938 3257 3320 3345 arguitur
3354 3278 3497 3350 per
3548 3259 3868 3332 Aristo-

2319 3373 2561 3446 telem
2595 3377 2668 3440 in
2706 3377 2830 3441 isto
2866 3377 2931 3444 2.
2980 3386 3172 3441 tract.
3217 3378 3281 3443 3.
3328 3399 3474 3463 cap.
3516 3377 3583 3445 2.

2413 3492 2496 3561 ln
2534 3489 2688 3563 ista
2733 3489 3176 3582 quastione
3212 3491 3477 3583 primo
3511 3493 3870 3565 notanda

2320 3612 2507 3681 sunt
2552 3607 2784 3695 signa,
2845 3606 3381 3699 praecedentia
3439 3611 3868 3681 terraemo-

2318 3728 2518 3805 tum,
2615 3744 2709 3794 cx
2791 3723 3076 3814 quibus
3166 3724 3479 3797 scilicet
3585 3731 3870 3817 posset

2319 3839 2931 3932 prognosticari
2974 3843 3524 3913 terrmmotus.
3573 3844 3870 3914 Secun-

2317 3957 2440 4037 do,
2489 3957 3051 4029 enudabuntur
3121 3956 3353 4046 signa
3404 3957 3858 4049 sequentia,

2317 4078 2396 4146 et
2444 4072 2778 4146 effectus
2834 4073 3327 4166 principales
3377 4094 3869 4167 consequen-

2320 4194 2441 4263 tes
2487 4193 3078 4264 terraemotum.

3899 3316 4175 3384 Oppositum

2817 4521 3244 4579 ARTICULUS
3321 4524 3363 4577 1.

2479 4731 2691 4815 Siqua
2728 4729 3177 4814 pnes-edentia
3219 4740 3693 4796 cerroemotum.

2435 4902 2839 4980 Quantum
2939 4897 3033 4969 ad
3126 4899 3521 4991 primum,
3633 4902 3868 4993 ponit
3924 4918 4144 5042 swam

2321 5015 2727 5087 Averroes
2770 5017 2975 5108 quod
3026 5038 3271 5088 unum
3322 5016 3641 5107 signum
3705 5026 3869 5095 ter·
3917 5044 4147 5104 primum

2324 5137 2713 5205 raemotus
2784 5137 2932 5214 est,
3021 5133 3331 5223 quando
3422 5156 3610 5206 aves
3699 5158 3868 5210 non
3915 5113 4173 5221 {fgoemffi

2323 5248 2478 5320 nisi
2559 5269 2741 5319 cum
2813 5254 3174 5321 tremore
3264 5250 3538 5323 sedent
3619 5273 3872 5345 super

2323 5370 2661 5445 terram,
2709 5365 2822 5435 ita
2866 5366 3070 5456 quod
3126 5366 3406 5439 volant
3464 5367 3873 5443 modicum

2323 5483 2843 5559 ascendendo,
2899 5486 2977 5555 et
3019 5484 3583 5565 ‹lescen‹lend0‚
3637 5489 3873 5576 quasi

2325 5612 2485 5675 non
2544 5602 2815 5677 esseut
2859 5619 3168 5671 securas
3224 5618 3701 5695 permanere
3744 5623 3874 5679 su·
3916 5624 3919 5630 ¹
