<?xml version="1.0" encoding="UTF-8"?>
<!DOCTYPE html PUBLIC "-//W3C//DTD XHTML 1.0 Transitional//EN"
    "http://www.w3.org/TR/xhtml1/DTD/xhtml1-transitional.dtd">
<html xmlns="http://www.w3.org/1999/xhtml" xml:lang="en" lang="en">
 <head>
  <title>
</title>
<meta http-equiv="Content-Type" content="text/html;charset=utf-8" />
  <meta name='ocr-system' content='tesseract 3.04.00' />
  <meta name='ocr-capabilities' content='ocr_page ocr_carea ocr_par ocr_line ocrx_word'/>
</head>
<body>
  <div class='ocr_page' id='page_1' title='image "./joannisdunsscot03waddgoog_0328.png"; bbox 0 0 4252 6393; ppageno 0'>
   <div class='ocr_carea' id='block_1_1' title="bbox 265 3730 2152 3920">
    <p class='ocr_par' dir='ltr' id='par_1_1' title="bbox 265 3730 2152 3920">
     <span class='ocr_line' id='line_1_1' title="bbox 265 3730 871 3816; baseline -0.005 -2"><span class='ocrx_word' id='word_1_1' title='bbox 265 3763 476 3815; x_wconf 65' lang='lat' dir='ltr'>Relatio</span> <span class='ocrx_word' id='word_1_2' title='bbox 488 3767 591 3816; x_wconf 63' lang='lat' dir='ltr'>Dea·</span> <span class='ocrx_word' id='word_1_3' title='bbox 613 3730 871 3811; x_wconf 69' lang='lat' dir='ltr'>fiOI&#39;sst‚</span> 
     </span>
     <span class='ocr_line' id='line_1_2' title="bbox 266 3827 2152 3920; baseline -0.008 1"><span class='ocrx_word' id='word_1_4' title='bbox 266 3827 586 3878; x_wconf 73' lang='lat'>“⁶¹⁶‘&#39;⁶⁶“²“</span> <span class='ocrx_word' id='word_1_5' title='bbox 615 3847 838 3920; x_wconf 88' lang='lat' dir='ltr'>nulla</span> <span class='ocrx_word' id='word_1_6' title='bbox 900 3845 1115 3919; x_wconf 86' lang='lat' dir='ltr'>sacta</span> <span class='ocrx_word' id='word_1_7' title='bbox 1198 3841 1648 3915; x_wconf 79' lang='lat' dir='ltr'>mutatione</span> <span class='ocrx_word' id='word_1_8' title='bbox 1710 3837 1789 3909; x_wconf 88' lang='lat' dir='ltr'>in</span> <span class='ocrx_word' id='word_1_9' title='bbox 1854 3856 2012 3915; x_wconf 87' lang='lat' dir='ltr'>me,</span> <span class='ocrx_word' id='word_1_10' title='bbox 2074 3838 2152 3906; x_wconf 86' lang='lat' dir='ltr'>ct</span> 
     </span>
    </p>
   </div>
   <div class='ocr_carea' id='block_1_2' title="bbox 264 3902 588 4189">
    <p class='ocr_par' dir='ltr' id='par_1_2' title="bbox 264 3902 588 4189">
     <span class='ocr_line' id='line_1_3' title="bbox 264 3902 588 3939; baseline 0.012 -4"><span class='ocrx_word' id='word_1_11' title='bbox 264 3903 389 3938; x_wconf 80' lang='lat' dir='ltr'>ram</span> <span class='ocrx_word' id='word_1_12' title='bbox 400 3902 475 3939; x_wconf 78' lang='lat' dir='ltr'>est</span> <span class='ocrx_word' id='word_1_13' title='bbox 486 3907 588 3938; x_wconf 76' lang='lat' dir='ltr'>ra-</span> 
     </span>
     <span class='ocr_line' id='line_1_4' title="bbox 268 3952 587 4013; baseline 0.006 -14"><span class='ocrx_word' id='word_1_14' title='bbox 268 3952 448 4013; x_wconf 74' lang='lat' dir='ltr'>tionis,</span> <span class='ocrx_word' id='word_1_15' title='bbox 477 3969 587 4002; x_wconf 76' lang='lat' dir='ltr'>cre-</span> 
     </span>
     <span class='ocr_line' id='line_1_5' title="bbox 266 4022 585 4066; baseline -0.003 -5"><span class='ocrx_word' id='word_1_16' title='bbox 266 4022 445 4064; x_wconf 73' lang='lat' dir='ltr'>aturoe</span> <span class='ocrx_word' id='word_1_17' title='bbox 460 4030 585 4066; x_wconf 84' lang='lat' dir='ltr'>vero</span> 
     </span>
     <span class='ocr_line' id='line_1_6' title="bbox 286 4076 567 4128; baseline 0.021 -6"><span class='ocrx_word' id='word_1_18' title='bbox 286 4076 363 4125; x_wconf 81' lang='lat' dir='ltr'>ad</span> <span class='ocrx_word' id='word_1_19' title='bbox 391 4079 567 4128; x_wconf 81' lang='lat' dir='ltr'>Deum</span> 
     </span>
     <span class='ocr_line' id='line_1_7' title="bbox 329 4140 513 4189; baseline 0.011 -2"><span class='ocrx_word' id='word_1_20' title='bbox 329 4140 513 4189; x_wconf 74' lang='lat' dir='ltr'>realis.</span> 
     </span>
    </p>
   </div>
   <div class='ocr_carea' id='block_1_3' title="bbox 649 417 765 488">
    <p class='ocr_par' dir='ltr' id='par_1_3' title="bbox 649 417 765 488">
     <span class='ocr_line' id='line_1_8' title="bbox 649 417 765 488; baseline 0 -1"><span class='ocrx_word' id='word_1_21' title='bbox 649 417 765 488; x_wconf 60' lang='lat'>302</span> 
     </span>
    </p>
   </div>
   <div class='ocr_carea' id='block_1_4' title="bbox 612 574 2171 3815">
    <p class='ocr_par' dir='ltr' id='par_1_4' title="bbox 612 574 2171 3217">
     <span class='ocr_line' id='line_1_9' title="bbox 633 574 2113 676; baseline -0.009 -17"><span class='ocrx_word' id='word_1_22' title='bbox 633 586 965 660; x_wconf 86' lang='lat' dir='ltr'>ralitate</span> <span class='ocrx_word' id='word_1_23' title='bbox 1008 605 1094 657; x_wconf 83' lang='lat' dir='ltr'>se</span> <span class='ocrx_word' id='word_1_24' title='bbox 1134 580 1521 676; x_wconf 82' lang='lat' dir='ltr'>exprimit</span> <span class='ocrx_word' id='word_1_25' title='bbox 1584 580 1666 652; x_wconf 91' lang='lat' dir='ltr'>in</span> <span class='ocrx_word' id='word_1_26' title='bbox 1704 574 2113 652; x_wconf 86' lang='lat' dir='ltr'>creaturis</span> 
     </span>
     <span class='ocr_line' id='line_1_10' title="bbox 629 692 2167 796; baseline -0.01 -19"><span class='ocrx_word' id='word_1_27' title='bbox 629 706 709 777; x_wconf 93' lang='lat' dir='ltr'>in</span> <span class='ocrx_word' id='word_1_28' title='bbox 757 702 1156 796; x_wconf 83' lang='lat' dir='ltr'>aliquibus</span> <span class='ocrx_word' id='word_1_29' title='bbox 1216 720 1362 793; x_wconf 84' lang='lat' dir='ltr'>per</span> <span class='ocrx_word' id='word_1_30' title='bbox 1395 696 1717 769; x_wconf 85' lang='lat' dir='ltr'>modum</span> <span class='ocrx_word' id='word_1_31' title='bbox 1759 692 2167 786; x_wconf 80' lang='lat' dir='ltr'>imaginis,</span> 
     </span>
     <span class='ocr_line' id='line_1_11' title="bbox 629 807 2165 911; baseline -0.01 -19"><span class='ocrx_word' id='word_1_32' title='bbox 629 821 710 892; x_wconf 88' lang='lat' dir='ltr'>in</span> <span class='ocrx_word' id='word_1_33' title='bbox 770 819 1173 911; x_wconf 81' lang='lat' dir='ltr'>aliquibus</span> <span class='ocrx_word' id='word_1_34' title='bbox 1226 835 1369 909; x_wconf 89' lang='lat' dir='ltr'>per</span> <span class='ocrx_word' id='word_1_35' title='bbox 1422 813 1744 885; x_wconf 84' lang='lat' dir='ltr'>modum</span> <span class='ocrx_word' id='word_1_36' title='bbox 1811 807 2165 897; x_wconf 63' lang='lat' dir='ltr'>vestig-rii.</span> 
     </span>
     <span class='ocr_line' id='line_1_12' title="bbox 631 916 2170 1013; baseline -0.009 -13"><span class='ocrx_word' id='word_1_37' title='bbox 631 929 722 1000; x_wconf 90' lang='lat' dir='ltr'>In</span> <span class='ocrx_word' id='word_1_38' title='bbox 766 928 1003 999; x_wconf 86' lang='lat' dir='ltr'>rebus</span> <span class='ocrx_word' id='word_1_39' title='bbox 1037 929 1309 998; x_wconf 86' lang='lat' dir='ltr'>autern</span> <span class='ocrx_word' id='word_1_40' title='bbox 1353 919 1925 1013; x_wconf 71' lang='lat' dir='ltr'>corporalibus</span> <span class='ocrx_word' id='word_1_41' title='bbox 1965 916 2170 987; x_wconf 72' lang='lat' dir='ltr'>vidc-</span> 
     </span>
     <span class='ocr_line' id='line_1_13' title="bbox 628 1036 2170 1136; baseline -0.01 -20"><span class='ocrx_word' id='word_1_42' title='bbox 628 1065 832 1125; x_wconf 89' lang='lat' dir='ltr'>mus,</span> <span class='ocrx_word' id='word_1_43' title='bbox 880 1043 1082 1136; x_wconf 87' lang='lat' dir='ltr'>quod</span> <span class='ocrx_word' id='word_1_44' title='bbox 1135 1039 1202 1113; x_wconf 90' lang='lat' dir='ltr'>si</span> <span class='ocrx_word' id='word_1_45' title='bbox 1253 1061 1383 1112; x_wconf 88' lang='lat' dir='ltr'>res</span> <span class='ocrx_word' id='word_1_46' title='bbox 1437 1059 1521 1109; x_wconf 86' lang='lat' dir='ltr'>se</span> <span class='ocrx_word' id='word_1_47' title='bbox 1572 1036 1977 1129; x_wconf 81' lang='lat' dir='ltr'>exprimat</span> <span class='ocrx_word' id='word_1_48' title='bbox 2026 1052 2170 1125; x_wconf 88' lang='lat' dir='ltr'>per</span> 
     </span>
     <span class='ocr_line' id='line_1_14' title="bbox 626 1145 2167 1251; baseline -0.008 -20"><span class='ocrx_word' id='word_1_49' title='bbox 626 1179 855 1231; x_wconf 86' lang='lat' dir='ltr'>suam</span> <span class='ocrx_word' id='word_1_50' title='bbox 917 1157 1291 1251; x_wconf 88' lang='lat' dir='ltr'>speciem,</span> <span class='ocrx_word' id='word_1_51' title='bbox 1346 1153 1571 1226; x_wconf 83' lang='lat' dir='ltr'>nulla</span> <span class='ocrx_word' id='word_1_52' title='bbox 1627 1150 1948 1222; x_wconf 82' lang='lat' dir='ltr'>videtur</span> <span class='ocrx_word' id='word_1_53' title='bbox 1988 1145 2167 1218; x_wconf 85' lang='lat' dir='ltr'>fieri</span> 
     </span>
     <span class='ocr_line' id='line_1_15' title="bbox 627 1264 2166 1358; baseline -0.009 -10"><span class='ocrx_word' id='word_1_54' title='bbox 627 1276 708 1348; x_wconf 92' lang='lat' dir='ltr'>in</span> <span class='ocrx_word' id='word_1_55' title='bbox 739 1299 834 1349; x_wconf 89' lang='lat' dir='ltr'>ea</span> <span class='ocrx_word' id='word_1_56' title='bbox 877 1298 974 1348; x_wconf 83' lang='lat' dir='ltr'>ex</span> <span class='ocrx_word' id='word_1_57' title='bbox 1016 1276 1167 1348; x_wconf 86' lang='lat' dir='ltr'>hoc</span> <span class='ocrx_word' id='word_1_58' title='bbox 1221 1271 1615 1351; x_wconf 85' lang='lat' dir='ltr'>mutatio;</span> <span class='ocrx_word' id='word_1_59' title='bbox 1656 1288 1853 1358; x_wconf 71' lang='lat' dir='ltr'>crgo</span> <span class='ocrx_word' id='word_1_60' title='bbox 1901 1264 2166 1337; x_wconf 90' lang='lat' dir='ltr'>minus</span> 
     </span>
     <span class='ocr_line' id='line_1_16' title="bbox 625 1383 2168 1468; baseline -0.009 -2"><span class='ocrx_word' id='word_1_61' title='bbox 625 1393 706 1466; x_wconf 92' lang='lat' dir='ltr'>in</span> <span class='ocrx_word' id='word_1_62' title='bbox 763 1397 956 1468; x_wconf 86' lang='lat' dir='ltr'>Deo.</span> <span class='ocrx_word' id='word_1_63' title='bbox 1028 1395 1248 1466; x_wconf 84' lang='lat' dir='ltr'>Unde</span> <span class='ocrx_word' id='word_1_64' title='bbox 1314 1391 1405 1463; x_wconf 89' lang='lat' dir='ltr'>dc</span> <span class='ocrx_word' id='word_1_65' title='bbox 1475 1390 1632 1460; x_wconf 86' lang='lat' dir='ltr'>ista</span> <span class='ocrx_word' id='word_1_66' title='bbox 1695 1383 2168 1459; x_wconf 80' lang='lat' dir='ltr'>voluntaria</span> 
     </span>
     <span class='ocr_line' id='line_1_17' title="bbox 624 1502 2168 1591; baseline -0.011 -6"><span class='ocrx_word' id='word_1_67' title='bbox 624 1511 769 1585; x_wconf 87' lang='lat' dir='ltr'>Dei</span> <span class='ocrx_word' id='word_1_68' title='bbox 822 1507 1555 1585; x_wconf 78' lang='lat' dir='ltr'>communicatione</span> <span class='ocrx_word' id='word_1_69' title='bbox 1614 1502 1804 1577; x_wconf 87' lang='lat' dir='ltr'>dicit</span> <span class='ocrx_word' id='word_1_70' title='bbox 1866 1502 2168 1591; x_wconf 75' lang='lat' dir='ltr'>Augus-</span> 
     </span>
     <span class='ocr_line' id='line_1_18' title="bbox 624 1618 2161 1707; baseline -0.009 -11"><span class='ocrx_word' id='word_1_71' title='bbox 624 1624 845 1698; x_wconf 80' lang='lat' dir='ltr'>tinus</span> <span class='ocrx_word' id='word_1_72' title='bbox 888 1630 996 1699; x_wconf 71' lang='lat'>12.</span> <span class='ocrx_word' id='word_1_73' title='bbox 1061 1629 1142 1695; x_wconf 87' lang='lat' dir='ltr'>de</span> <span class='ocrx_word' id='word_1_74' title='bbox 1180 1628 1363 1694; x_wconf 80' lang='lat' dir='ltr'>civit.</span> <span class='ocrx_word' id='word_1_75' title='bbox 1437 1626 1583 1703; x_wconf 86' lang='lat' dir='ltr'>Dei,</span> <span class='ocrx_word' id='word_1_76' title='bbox 1648 1618 1779 1690; x_wconf 84' lang='lat' dir='ltr'>ubi</span> <span class='ocrx_word' id='word_1_77' title='bbox 1853 1635 2161 1707; x_wconf 71' lang='lat' dir='ltr'>Supra:</span> 
     </span>
     <span class='ocr_line' id='line_1_19' title="bbox 628 1735 2171 1832; baseline -0.01 -21"><span class='ocrx_word' id='word_1_78' title='bbox 628 1746 801 1811; x_wconf 81' lang='lat' dir='ltr'>Hinc</span> <span class='ocrx_word' id='word_1_79' title='bbox 838 1748 952 1825; x_wconf 64' lang='grc' dir='ltr'>εἰς,</span> <span class='ocrx_word' id='word_1_80' title='bbox 994 1746 1108 1832; x_wconf 79' lang='lat' dir='ltr'>qui</span> <span class='ocrx_word' id='word_1_81' title='bbox 1140 1745 1308 1810; x_wconf 79' lang='lat' dir='ltr'>talia</span> <span class='ocrx_word' id='word_1_82' title='bbox 1347 1740 1575 1808; x_wconf 83' lang='lat' dir='ltr'>videre</span> <span class='ocrx_word' id='word_1_83' title='bbox 1617 1746 1915 1825; x_wconf 78' lang='lat' dir='ltr'>possunt,</span> <span class='ocrx_word' id='word_1_84' title='bbox 1961 1735 2171 1801; x_wconf 80' lang='lat' dir='ltr'>mira-</span> 
     </span>
     <span class='ocr_line' id='line_1_20' title="bbox 622 1846 2171 1949; baseline -0.01 -24"><span class='ocrx_word' id='word_1_85' title='bbox 622 1859 850 1927; x_wconf 84' lang='lat' dir='ltr'>biliter</span> <span class='ocrx_word' id='word_1_86' title='bbox 886 1863 1197 1949; x_wconf 73' lang='lat' dir='ltr'>fortassis</span> <span class='ocrx_word' id='word_1_87' title='bbox 1240 1856 1611 1936; x_wconf 75' lang='lat' dir='ltr'>ostendens,</span> <span class='ocrx_word' id='word_1_88' title='bbox 1664 1872 1858 1939; x_wconf 79' lang='lat' dir='ltr'>quam</span> <span class='ocrx_word' id='word_1_89' title='bbox 1899 1869 2033 1913; x_wconf 73' lang='lat' dir='ltr'>uon</span> <span class='ocrx_word' id='word_1_90' title='bbox 2077 1846 2171 1912; x_wconf 78' lang='lat' dir='ltr'>eis</span> 
     </span>
     <span class='ocr_line' id='line_1_21' title="bbox 618 1965 2169 2065; baseline -0.012 -21"><span class='ocrx_word' id='word_1_91' title='bbox 618 1998 756 2045; x_wconf 74' lang='lat' dir='ltr'>non</span> <span class='ocrx_word' id='word_1_92' title='bbox 804 1978 1201 2065; x_wconf 62' lang='lat' dir='ltr'>indiguerit,</span> <span class='ocrx_word' id='word_1_93' title='bbox 1244 1974 1500 2040; x_wconf 76' lang='lat' dir='ltr'>sedeas</span> <span class='ocrx_word' id='word_1_94' title='bbox 1528 1970 1827 2058; x_wconf 63' lang='lat' dir='ltr'>qrammi</span> <span class='ocrx_word' id='word_1_95' title='bbox 1878 1965 2169 2031; x_wconf 78' lang='lat' dir='ltr'>bonitate</span> 
     </span>
     <span class='ocr_line' id='line_1_22' title="bbox 619 2081 2167 2176; baseline -0.014 -14"><span class='ocrx_word' id='word_1_96' title='bbox 619 2096 1021 2176; x_wconf 78' lang='lat' dir='ltr'>condiderit,</span> <span class='ocrx_word' id='word_1_97' title='bbox 1085 2115 1232 2160; x_wconf 82' lang='lat' dir='ltr'>cum</span> <span class='ocrx_word' id='word_1_98' title='bbox 1286 2093 1434 2156; x_wconf 75' lang='lat' dir='ltr'>sine</span> <span class='ocrx_word' id='word_1_99' title='bbox 1476 2089 1618 2155; x_wconf 80' lang='lat' dir='ltr'>iltis</span> <span class='ocrx_word' id='word_1_100' title='bbox 1667 2106 1751 2150; x_wconf 70' lang='lat' dir='ltr'>ca:</span> <span class='ocrx_word' id='word_1_101' title='bbox 1792 2081 2167 2147; x_wconf 73' lang='lat' dir='ltr'>ceter-nitate</span> 
     </span>
     <span class='ocr_line' id='line_1_23' title="bbox 617 2195 2167 2288; baseline -0.012 -12"><span class='ocrx_word' id='word_1_102' title='bbox 617 2222 884 2277; x_wconf 74' lang='lat' dir='ltr'>carente</span> <span class='ocrx_word' id='word_1_103' title='bbox 920 2212 1138 2288; x_wconf 77' lang='lat' dir='ltr'>initio,</span> <span class='ocrx_word' id='word_1_104' title='bbox 1186 2209 1260 2273; x_wconf 80' lang='lat' dir='ltr'>in</span> <span class='ocrx_word' id='word_1_105' title='bbox 1302 2227 1435 2271; x_wconf 43' lang='lat' dir='ltr'>non.</span> <span class='ocrx_word' id='word_1_106' title='bbox 1467 2204 1726 2268; x_wconf 77' lang='lat' dir='ltr'>minore</span> <span class='ocrx_word' id='word_1_107' title='bbox 1758 2195 2167 2263; x_wconf 68' lang='lat' dir='ltr'>beatitudine</span> 
     </span>
     <span class='ocr_line' id='line_1_24' title="bbox 612 2308 2162 2416; baseline -0.01 -22"><span class='ocrx_word' id='word_1_108' title='bbox 612 2329 1007 2416; x_wconf 78' lang='lat' dir='ltr'>permansit.</span> <span class='ocrx_word' id='word_1_109' title='bbox 1087 2322 1237 2394; x_wconf 86' lang='lat' dir='ltr'>Ubi</span> <span class='ocrx_word' id='word_1_110' title='bbox 1317 2339 1515 2411; x_wconf 73' lang='lat' dir='ltr'>ergo</span> <span class='ocrx_word' id='word_1_111' title='bbox 1609 2313 1945 2386; x_wconf 78' lang='lat' dir='ltr'>dicentis</span> <span class='ocrx_word' id='word_1_112' title='bbox 2040 2308 2162 2380; x_wconf 76' lang='lat' dir='ltr'>est</span> 
     </span>
     <span class='ocr_line' id='line_1_25' title="bbox 618 2429 2162 2520; baseline -0.012 -5"><span class='ocrx_word' id='word_1_113' title='bbox 618 2448 1018 2517; x_wconf 76' lang='lat' dir='ltr'>aeternum</span> <span class='ocrx_word' id='word_1_114' title='bbox 1050 2441 1417 2520; x_wconf 80' lang='lat' dir='ltr'>verbum,</span> <span class='ocrx_word' id='word_1_115' title='bbox 1474 2434 1606 2508; x_wconf 92' lang='lat' dir='ltr'>ubi</span> <span class='ocrx_word' id='word_1_116' title='bbox 1650 2430 1998 2503; x_wconf 82' lang='lat' dir='ltr'>volentis</span> <span class='ocrx_word' id='word_1_117' title='bbox 2040 2429 2162 2498; x_wconf 86' lang='lat' dir='ltr'>est</span> 
     </span>
     <span class='ocr_line' id='line_1_26' title="bbox 620 2543 2164 2640; baseline -0.014 -5"><span class='ocrx_word' id='word_1_118' title='bbox 620 2565 1018 2634; x_wconf 81' lang='lat' dir='ltr'>aeternum</span> <span class='ocrx_word' id='word_1_119' title='bbox 1099 2554 1531 2631; x_wconf 90' lang='lat' dir='ltr'>consilium</span> <span class='ocrx_word' id='word_1_120' title='bbox 1627 2554 1704 2622; x_wconf 86' lang='lat' dir='ltr'>et</span> <span class='ocrx_word' id='word_1_121' title='bbox 1787 2543 2164 2640; x_wconf 88' lang='lat' dir='ltr'>proposi-</span> 
     </span>
     <span class='ocr_line' id='line_1_27' title="bbox 619 2659 2164 2759; baseline -0.014 -9"><span class='ocrx_word' id='word_1_122' title='bbox 619 2663 827 2759; x_wconf 70' lang='lat' dir='ltr'>tum,</span> <span class='ocrx_word' id='word_1_123' title='bbox 924 2676 1055 2750; x_wconf 91' lang='lat' dir='ltr'>ubi</span> <span class='ocrx_word' id='word_1_124' title='bbox 1136 2670 1581 2746; x_wconf 79' lang='lat' dir='ltr'>similitudo</span> <span class='ocrx_word' id='word_1_125' title='bbox 1667 2659 2164 2755; x_wconf 70' lang='lat' dir='ltr'>exprimitur</span> 
     </span>
     <span class='ocr_line' id='line_1_28' title="bbox 619 2773 2162 2873; baseline -0.014 -8"><span class='ocrx_word' id='word_1_126' title='bbox 619 2795 1054 2866; x_wconf 87' lang='lat' dir='ltr'>secundum</span> <span class='ocrx_word' id='word_1_127' title='bbox 1127 2789 1388 2862; x_wconf 91' lang='lat' dir='ltr'>omnis</span> <span class='ocrx_word' id='word_1_128' title='bbox 1466 2773 2162 2873; x_wconf 72' lang='lat' dir='ltr'>incorporationis</span> 
     </span>
     <span class='ocr_line' id='line_1_29' title="bbox 622 2897 2164 3001; baseline -0.013 -17"><span class='ocrx_word' id='word_1_129' title='bbox 622 2912 973 2992; x_wconf 87' lang='lat' dir='ltr'>modum,</span> <span class='ocrx_word' id='word_1_130' title='bbox 1032 2908 1399 3001; x_wconf 85' lang='lat' dir='ltr'>sequitur</span> <span class='ocrx_word' id='word_1_131' title='bbox 1446 2900 1772 2976; x_wconf 89' lang='lat' dir='ltr'>omnino</span> <span class='ocrx_word' id='word_1_132' title='bbox 1817 2897 2020 2990; x_wconf 79' lang='lat' dir='ltr'>quod</span> <span class='ocrx_word' id='word_1_133' title='bbox 2065 2915 2164 2967; x_wconf 86' lang='lat' dir='ltr'>cx</span> 
     </span>
     <span class='ocr_line' id='line_1_30' title="bbox 619 3014 2164 3120; baseline -0.012 -20"><span class='ocrx_word' id='word_1_134' title='bbox 619 3048 831 3100; x_wconf 83' lang='lat' dir='ltr'>nova</span> <span class='ocrx_word' id='word_1_135' title='bbox 865 3024 1422 3120; x_wconf 85' lang='lat' dir='ltr'>productione,</span> <span class='ocrx_word' id='word_1_136' title='bbox 1476 3020 1689 3093; x_wconf 83' lang='lat' dir='ltr'>nulla</span> <span class='ocrx_word' id='word_1_137' title='bbox 1738 3018 1825 3089; x_wconf 89' lang='lat' dir='ltr'>fit</span> <span class='ocrx_word' id='word_1_138' title='bbox 1862 3014 1943 3085; x_wconf 90' lang='lat' dir='ltr'>in</span> <span class='ocrx_word' id='word_1_139' title='bbox 1987 3033 2164 3105; x_wconf 85' lang='lat' dir='ltr'>pro-</span> 
     </span>
     <span class='ocr_line' id='line_1_31' title="bbox 621 3139 1367 3217; baseline -0.008 0"><span class='ocrx_word' id='word_1_140' title='bbox 621 3145 957 3217; x_wconf 84' lang='lat' dir='ltr'>ducente</span> <span class='ocrx_word' id='word_1_141' title='bbox 994 3139 1367 3214; x_wconf 88' lang='lat' dir='ltr'>mutatio.</span> 
     </span>
    </p>

    <p class='ocr_par' dir='ltr' id='par_1_5' title="bbox 613 3252 2159 3815">
     <span class='ocr_line' id='line_1_32' title="bbox 707 3252 2159 3352; baseline -0.012 -18"><span class='ocrx_word' id='word_1_142' title='bbox 707 3259 1188 3352; x_wconf 80' lang='lat' dir='ltr'>Exemplum</span> <span class='ocrx_word' id='word_1_143' title='bbox 1245 3256 1493 3329; x_wconf 89' lang='lat' dir='ltr'>etiam</span> <span class='ocrx_word' id='word_1_144' title='bbox 1546 3252 1830 3326; x_wconf 85' lang='lat' dir='ltr'>adhoc</span> <span class='ocrx_word' id='word_1_145' title='bbox 1886 3267 2159 3319; x_wconf 88' lang='lat' dir='ltr'>manu-</span> 
     </span>
     <span class='ocr_line' id='line_1_33' title="bbox 613 3370 2159 3467; baseline -0.012 -13"><span class='ocrx_word' id='word_1_146' title='bbox 613 3379 1054 3454; x_wconf 88' lang='lat' dir='ltr'>ducendum</span> <span class='ocrx_word' id='word_1_147' title='bbox 1121 3403 1136 3447; x_wconf 75' lang='grc' dir='ltr'>ε</span> <span class='ocrx_word' id='word_1_148' title='bbox 1201 3374 1387 3467; x_wconf 89' lang='lat' dir='ltr'>quia</span> <span class='ocrx_word' id='word_1_149' title='bbox 1465 3373 1534 3446; x_wconf 91' lang='lat' dir='ltr'>si</span> <span class='ocrx_word' id='word_1_150' title='bbox 1608 3370 1814 3443; x_wconf 80' lang='lat' dir='ltr'>velle</span> <span class='ocrx_word' id='word_1_151' title='bbox 1893 3385 2159 3439; x_wconf 89' lang='lat' dir='ltr'>meum</span> 
     </span>
     <span class='ocr_line' id='line_1_34' title="bbox 617 3480 2156 3569; baseline -0.011 0"><span class='ocrx_word' id='word_1_152' title='bbox 617 3500 832 3569; x_wconf 86' lang='lat' dir='ltr'>esset</span> <span class='ocrx_word' id='word_1_153' title='bbox 878 3493 1286 3568; x_wconf 79' lang='lat' dir='ltr'>sufficiens</span> <span class='ocrx_word' id='word_1_154' title='bbox 1355 3509 1601 3563; x_wconf 86' lang='lat' dir='ltr'>causa</span> <span class='ocrx_word' id='word_1_155' title='bbox 1669 3486 2028 3566; x_wconf 79' lang='lat' dir='ltr'>effectuS,</span> <span class='ocrx_word' id='word_1_156' title='bbox 2090 3480 2156 3553; x_wconf 93' lang='lat' dir='ltr'>si</span> 
     </span>
     <span class='ocr_line' id='line_1_35' title="bbox 613 3596 2157 3701; baseline -0.013 -14"><span class='ocrx_word' id='word_1_157' title='bbox 613 3614 847 3686; x_wconf 87' lang='lat' dir='ltr'>hodie</span> <span class='ocrx_word' id='word_1_158' title='bbox 912 3611 1228 3692; x_wconf 77' lang='lat' dir='ltr'>vellem,</span> <span class='ocrx_word' id='word_1_159' title='bbox 1304 3607 1509 3701; x_wconf 85' lang='lat' dir='ltr'>quod</span> <span class='ocrx_word' id='word_1_160' title='bbox 1593 3624 1777 3678; x_wconf 88' lang='lat' dir='ltr'>cras</span> <span class='ocrx_word' id='word_1_161' title='bbox 1858 3596 2157 3692; x_wconf 85' lang='lat' dir='ltr'>aliquid</span> 
     </span>
     <span class='ocr_line' id='line_1_36' title="bbox 985 3720 2158 3815; baseline -0.013 -15"><span class='ocrx_word' id='word_1_162' title='bbox 985 3728 1177 3800; x_wconf 85' lang='lat' dir='ltr'>illud</span> <span class='ocrx_word' id='word_1_163' title='bbox 1275 3746 1461 3799; x_wconf 90' lang='lat' dir='ltr'>cras</span> <span class='ocrx_word' id='word_1_164' title='bbox 1567 3720 2158 3815; x_wconf 72' lang='lat' dir='ltr'>produceretur</span> 
     </span>
    </p>
   </div>
   <div class='ocr_carea' id='block_1_5' title="bbox 607 3954 2158 5202">
    <p class='ocr_par' dir='ltr' id='par_1_6' title="bbox 607 3954 2158 5202">
     <span class='ocr_line' id='line_1_37' title="bbox 615 3954 2158 4055; baseline -0.01 -19"><span class='ocrx_word' id='word_1_165' title='bbox 615 3965 911 4055; x_wconf 86' lang='lat' dir='ltr'>absque</span> <span class='ocrx_word' id='word_1_166' title='bbox 951 3981 1161 4033; x_wconf 86' lang='lat' dir='ltr'>novo</span> <span class='ocrx_word' id='word_1_167' title='bbox 1203 3957 1435 4031; x_wconf 79' lang='lat' dir='ltr'>velle.</span> <span class='ocrx_word' id='word_1_168' title='bbox 1484 3955 1564 4029; x_wconf 84' lang='lat' dir='ltr'>si</span> <span class='ocrx_word' id='word_1_169' title='bbox 1614 3954 1860 4026; x_wconf 86' lang='lat' dir='ltr'>etiam</span> <span class='ocrx_word' id='word_1_170' title='bbox 1907 3956 2158 4023; x_wconf 84' lang='lat' dir='ltr'>atten-</span> 
     </span>
     <span class='ocr_line' id='line_1_38' title="bbox 612 4072 2157 4170; baseline -0.009 -18"><span class='ocrx_word' id='word_1_171' title='bbox 612 4082 920 4158; x_wconf 83' lang='lat' dir='ltr'>damus,</span> <span class='ocrx_word' id='word_1_172' title='bbox 959 4077 1165 4170; x_wconf 87' lang='lat' dir='ltr'>quod</span> <span class='ocrx_word' id='word_1_173' title='bbox 1202 4073 1520 4154; x_wconf 86' lang='lat' dir='ltr'>relatio,</span> <span class='ocrx_word' id='word_1_174' title='bbox 1562 4092 1731 4163; x_wconf 81' lang='lat' dir='ltr'>quae</span> <span class='ocrx_word' id='word_1_175' title='bbox 1767 4072 2157 4144; x_wconf 85' lang='lat' dir='ltr'>causatur</span> 
     </span>
     <span class='ocr_line' id='line_1_39' title="bbox 616 4183 2156 4268; baseline -0.008 0"><span class='ocrx_word' id='word_1_176' title='bbox 616 4198 832 4268; x_wconf 86' lang='lat' dir='ltr'>inter</span> <span class='ocrx_word' id='word_1_177' title='bbox 871 4197 1127 4268; x_wconf 88' lang='lat' dir='ltr'>Deum</span> <span class='ocrx_word' id='word_1_178' title='bbox 1170 4194 1248 4264; x_wconf 87' lang='lat' dir='ltr'>et</span> <span class='ocrx_word' id='word_1_179' title='bbox 1301 4192 1795 4268; x_wconf 86' lang='lat' dir='ltr'>creaturam,</span> <span class='ocrx_word' id='word_1_180' title='bbox 1859 4207 1959 4256; x_wconf 82' lang='lat' dir='ltr'>ex</span> <span class='ocrx_word' id='word_1_181' title='bbox 2008 4183 2156 4256; x_wconf 82' lang='lat' dir='ltr'>hoc</span> 
     </span>
     <span class='ocr_line' id='line_1_40' title="bbox 616 4303 2156 4408; baseline -0.01 -22"><span class='ocrx_word' id='word_1_182' title='bbox 616 4314 820 4408; x_wconf 85' lang='lat' dir='ltr'>quod</span> <span class='ocrx_word' id='word_1_183' title='bbox 889 4315 1010 4383; x_wconf 86' lang='lat' dir='ltr'>est</span> <span class='ocrx_word' id='word_1_184' title='bbox 1090 4330 1360 4389; x_wconf 85' lang='lat' dir='ltr'>causa,</span> <span class='ocrx_word' id='word_1_185' title='bbox 1427 4311 1505 4380; x_wconf 88' lang='lat' dir='ltr'>ct</span> <span class='ocrx_word' id='word_1_186' title='bbox 1564 4306 1757 4378; x_wconf 84' lang='lat' dir='ltr'>illud</span> <span class='ocrx_word' id='word_1_187' title='bbox 1823 4303 2156 4376; x_wconf 83' lang='lat' dir='ltr'>effectus</span> 
     </span>
     <span class='ocr_line' id='line_1_41' title="bbox 611 4422 2158 4512; baseline -0.008 -10"><span class='ocrx_word' id='word_1_188' title='bbox 611 4451 792 4502; x_wconf 91' lang='lat' dir='ltr'>cum</span> <span class='ocrx_word' id='word_1_189' title='bbox 827 4449 986 4500; x_wconf 91' lang='lat' dir='ltr'>non</span> <span class='ocrx_word' id='word_1_190' title='bbox 1020 4427 1123 4498; x_wconf 87' lang='lat' dir='ltr'>sit</span> <span class='ocrx_word' id='word_1_191' title='bbox 1161 4424 1453 4498; x_wconf 87' lang='lat' dir='ltr'>relatio</span> <span class='ocrx_word' id='word_1_192' title='bbox 1498 4423 1742 4495; x_wconf 86' lang='lat' dir='ltr'>realis</span> <span class='ocrx_word' id='word_1_193' title='bbox 1783 4444 1880 4493; x_wconf 84' lang='lat' dir='ltr'>cx</span> <span class='ocrx_word' id='word_1_194' title='bbox 1925 4422 2158 4512; x_wconf 85' lang='lat' dir='ltr'>parte</span> 
     </span>
     <span class='ocr_line' id='line_1_42' title="bbox 610 4541 2152 4633; baseline -0.007 -16"><span class='ocrx_word' id='word_1_195' title='bbox 610 4545 779 4626; x_wconf 79' lang='lat' dir='ltr'>Dei,</span> <span class='ocrx_word' id='word_1_196' title='bbox 820 4545 951 4616; x_wconf 82' lang='lat' dir='ltr'>sed</span> <span class='ocrx_word' id='word_1_197' title='bbox 994 4543 1265 4615; x_wconf 86' lang='lat' dir='ltr'>solum</span> <span class='ocrx_word' id='word_1_198' title='bbox 1301 4563 1398 4613; x_wconf 89' lang='lat' dir='ltr'>cx</span> <span class='ocrx_word' id='word_1_199' title='bbox 1442 4543 1673 4633; x_wconf 86' lang='lat' dir='ltr'>parte</span> <span class='ocrx_word' id='word_1_200' title='bbox 1726 4541 2152 4615; x_wconf 65' lang='lat' dir='ltr'>creaturae,</span> 
     </span>
     <span class='ocr_line' id='line_1_43' title="bbox 607 4651 2156 4750; baseline -0.006 -19"><span class='ocrx_word' id='word_1_201' title='bbox 607 4660 801 4732; x_wconf 85' lang='lat' dir='ltr'>talis</span> <span class='ocrx_word' id='word_1_202' title='bbox 886 4658 1180 4731; x_wconf 85' lang='lat' dir='ltr'>relatio</span> <span class='ocrx_word' id='word_1_203' title='bbox 1261 4658 1333 4729; x_wconf 87' lang='lat' dir='ltr'>ci</span> <span class='ocrx_word' id='word_1_204' title='bbox 1424 4657 1689 4750; x_wconf 84' lang='lat' dir='ltr'>potest</span> <span class='ocrx_word' id='word_1_205' title='bbox 1776 4651 2156 4726; x_wconf 81' lang='lat' dir='ltr'>advenire</span> 
     </span>
     <span class='ocr_line' id='line_1_44' title="bbox 610 4770 2156 4855; baseline -0.006 -6"><span class='ocrx_word' id='word_1_206' title='bbox 610 4778 781 4849; x_wconf 88' lang='lat' dir='ltr'>sine</span> <span class='ocrx_word' id='word_1_207' title='bbox 818 4776 942 4847; x_wconf 91' lang='lat' dir='ltr'>sui</span> <span class='ocrx_word' id='word_1_208' title='bbox 977 4776 1449 4855; x_wconf 87' lang='lat' dir='ltr'>mutatione,</span> <span class='ocrx_word' id='word_1_209' title='bbox 1499 4776 1582 4844; x_wconf 91' lang='lat' dir='ltr'>ut</span> <span class='ocrx_word' id='word_1_210' title='bbox 1619 4771 1686 4844; x_wconf 91' lang='lat' dir='ltr'>si</span> <span class='ocrx_word' id='word_1_211' title='bbox 1719 4770 1816 4842; x_wconf 86' lang='lat' dir='ltr'>ab</span> <span class='ocrx_word' id='word_1_212' title='bbox 1847 4773 2156 4842; x_wconf 81' lang='lat' dir='ltr'>aeterno</span> 
     </span>
     <span class='ocr_line' id='line_1_45' title="bbox 609 4887 2156 4983; baseline -0.006 -17"><span class='ocrx_word' id='word_1_213' title='bbox 609 4915 871 4966; x_wconf 86' lang='lat' dir='ltr'>essem</span> <span class='ocrx_word' id='word_1_214' title='bbox 907 4893 1161 4975; x_wconf 77' lang='lat' dir='ltr'>albuS,</span> <span class='ocrx_word' id='word_1_215' title='bbox 1201 4893 1265 4964; x_wconf 92' lang='lat' dir='ltr'>si</span> <span class='ocrx_word' id='word_1_216' title='bbox 1303 4889 1595 4983; x_wconf 83' lang='lat' dir='ltr'>aliquis</span> <span class='ocrx_word' id='word_1_217' title='bbox 1647 4887 1875 4959; x_wconf 84' lang='lat' dir='ltr'>hodie</span> <span class='ocrx_word' id='word_1_218' title='bbox 1924 4887 2156 4958; x_wconf 88' lang='lat' dir='ltr'>fieret</span> 
     </span>
     <span class='ocr_line' id='line_1_46' title="bbox 610 5001 2153 5092; baseline -0.008 -10"><span class='ocrx_word' id='word_1_219' title='bbox 610 5010 864 5092; x_wconf 90' lang='lat' dir='ltr'>albus,</span> <span class='ocrx_word' id='word_1_220' title='bbox 945 5009 1207 5082; x_wconf 86' lang='lat' dir='ltr'>factus</span> <span class='ocrx_word' id='word_1_221' title='bbox 1277 5027 1539 5080; x_wconf 85' lang='lat' dir='ltr'>essem</span> <span class='ocrx_word' id='word_1_222' title='bbox 1621 5002 1769 5076; x_wconf 83' lang='lat' dir='ltr'>sibi</span> <span class='ocrx_word' id='word_1_223' title='bbox 1835 5001 2153 5081; x_wconf 78' lang='lat' dir='ltr'>similis,</span> 
     </span>
     <span class='ocr_line' id='line_1_47' title="bbox 611 5122 1886 5202; baseline -0.01 -1"><span class='ocrx_word' id='word_1_224' title='bbox 611 5127 835 5202; x_wconf 89' lang='lat' dir='ltr'>nulla</span> <span class='ocrx_word' id='word_1_225' title='bbox 870 5126 1319 5199; x_wconf 86' lang='lat' dir='ltr'>mutatione</span> <span class='ocrx_word' id='word_1_226' title='bbox 1373 5124 1587 5198; x_wconf 81' lang='lat' dir='ltr'>facta</span> <span class='ocrx_word' id='word_1_227' title='bbox 1622 5122 1701 5194; x_wconf 89' lang='lat' dir='ltr'>in</span> <span class='ocrx_word' id='word_1_228' title='bbox 1740 5143 1886 5193; x_wconf 90' lang='lat' dir='ltr'>me.</span> 
     </span>
    </p>
   </div>
   <div class='ocr_carea' id='block_1_6' title="bbox 1807 405 2650 479">
    <p class='ocr_par' dir='ltr' id='par_1_7' title="bbox 1807 405 2650 479">
     <span class='ocr_line' id='line_1_48' title="bbox 1807 405 2650 479; baseline 0.006 -5"><span class='ocrx_word' id='word_1_229' title='bbox 1807 409 1908 477; x_wconf 73' lang='lat' dir='ltr'>1)ss</span> <span class='ocrx_word' id='word_1_230' title='bbox 1955 405 2218 476; x_wconf 82' lang='lat' dir='ltr'>RERUM</span> <span class='ocrx_word' id='word_1_231' title='bbox 2267 412 2650 479; x_wconf 74' lang='lat' dir='ltr'>PIUNCIPIO</span> 
     </span>
    </p>
   </div>
   <div class='ocr_carea' id='block_1_7' title="bbox 2615 822 3499 883">
    <p class='ocr_par' dir='ltr' id='par_1_8' title="bbox 2615 822 3499 883">
     <span class='ocr_line' id='line_1_49' title="bbox 2615 822 3499 883; baseline 0.006 -6"><span class='ocrx_word' id='word_1_232' title='bbox 2615 822 2860 879; x_wconf 86' lang='lat' dir='ltr'><strong>ARTIC.</strong></span> <span class='ocrx_word' id='word_1_233' title='bbox 2941 823 3038 877; x_wconf 91' lang='lat'>111.</span> <span class='ocrx_word' id='word_1_234' title='bbox 3118 823 3321 881; x_wconf 86' lang='lat' dir='ltr'><strong>SECT.</strong></span> <span class='ocrx_word' id='word_1_235' title='bbox 3399 826 3499 883; x_wconf 84' lang='lat'>111.</span> 
     </span>
    </p>
   </div>
   <div class='ocr_carea' id='block_1_8' title="bbox 2284 999 3821 1189">
    <p class='ocr_par' dir='ltr' id='par_1_9' title="bbox 2284 999 3821 1189">
     <span class='ocr_line' id='line_1_50' title="bbox 2284 999 3821 1092; baseline 0.008 -31"><span class='ocrx_word' id='word_1_236' title='bbox 2284 999 2530 1064; x_wconf 78' lang='lat' dir='ltr'>Debere</span> <span class='ocrx_word' id='word_1_237' title='bbox 2569 1006 2939 1069; x_wconf 75' lang='lat' dir='ltr'>necessario</span> <span class='ocrx_word' id='word_1_238' title='bbox 2997 1006 3436 1092; x_wconf 66' lang='lat' dir='ltr'>Pleilosoplaeos</span> <span class='ocrx_word' id='word_1_239' title='bbox 3476 1006 3821 1074; x_wconf 74' lang='lat' dir='ltr'>admittere</span> 
     </span>
     <span class='ocr_line' id='line_1_51' title="bbox 2736 1121 3361 1189; baseline 0.006 -4"><span class='ocrx_word' id='word_1_240' title='bbox 2736 1122 2909 1186; x_wconf 68' lang='lat' dir='ltr'>Ieario</span> <span class='ocrx_word' id='word_1_241' title='bbox 2965 1121 3361 1189; x_wconf 74' lang='lat' dir='ltr'>doctrinam.</span> 
     </span>
    </p>
   </div>
   <div class='ocr_carea' id='block_1_9' title="bbox 2272 1312 3828 3266">
    <p class='ocr_par' dir='ltr' id='par_1_10' title="bbox 2272 1312 3828 3266">
     <span class='ocr_line' id='line_1_52' title="bbox 2374 1312 3816 1409; baseline 0.007 -28"><span class='ocrx_word' id='word_1_242' title='bbox 2374 1312 2648 1386; x_wconf 83' lang='lat' dir='ltr'>Tertio</span> <span class='ocrx_word' id='word_1_243' title='bbox 2693 1315 2866 1406; x_wconf 89' lang='lat' dir='ltr'>jam</span> <span class='ocrx_word' id='word_1_244' title='bbox 2908 1322 3276 1409; x_wconf 84' lang='lat' dir='ltr'>apparet,</span> <span class='ocrx_word' id='word_1_245' title='bbox 3343 1319 3548 1409; x_wconf 86' lang='lat' dir='ltr'>quod</span> <span class='ocrx_word' id='word_1_246' title='bbox 3609 1318 3816 1391; x_wconf 87' lang='lat' dir='ltr'>indu-</span> 
     </span>
     <span class='ocr_line' id='line_1_53' title="bbox 2282 1429 3818 1529; baseline 0.006 -28"><span class='ocrx_word' id='word_1_247' title='bbox 2282 1429 2389 1501; x_wconf 88' lang='lat' dir='ltr'>cit</span> <span class='ocrx_word' id='word_1_248' title='bbox 2431 1431 3045 1516; x_wconf 78' lang='lat' dir='ltr'>necessitatem;</span> <span class='ocrx_word' id='word_1_249' title='bbox 3099 1436 3283 1529; x_wconf 82' lang='lat' dir='ltr'>quia</span> <span class='ocrx_word' id='word_1_250' title='bbox 3326 1458 3508 1510; x_wconf 91' lang='lat' dir='ltr'>cum</span> <span class='ocrx_word' id='word_1_251' title='bbox 3555 1440 3818 1510; x_wconf 87' lang='lat' dir='ltr'>osten-</span> 
     </span>
     <span class='ocr_line' id='line_1_54' title="bbox 2283 1548 3818 1650; baseline 0.005 -31"><span class='ocrx_word' id='word_1_252' title='bbox 2283 1572 2458 1622; x_wconf 86' lang='lat' dir='ltr'>sum</span> <span class='ocrx_word' id='word_1_253' title='bbox 2505 1548 2750 1624; x_wconf 79' lang='lat' dir='ltr'>fuerit</span> <span class='ocrx_word' id='word_1_254' title='bbox 2795 1551 2874 1623; x_wconf 90' lang='lat' dir='ltr'>in</span> <span class='ocrx_word' id='word_1_255' title='bbox 2932 1554 3409 1645; x_wconf 61' lang='lat' dir='ltr'>praecedenti</span> <span class='ocrx_word' id='word_1_256' title='bbox 3454 1556 3818 1650; x_wconf 86' lang='lat' dir='ltr'>quaestio-</span> 
     </span>
     <span class='ocr_line' id='line_1_55' title="bbox 2279 1668 3814 1761; baseline 0.004 -24"><span class='ocrx_word' id='word_1_257' title='bbox 2279 1688 2403 1749; x_wconf 88' lang='lat' dir='ltr'>ne,</span> <span class='ocrx_word' id='word_1_258' title='bbox 2495 1668 2742 1740; x_wconf 87' lang='lat' dir='ltr'>etiam</span> <span class='ocrx_word' id='word_1_259' title='bbox 2824 1690 2966 1761; x_wconf 86' lang='lat' dir='ltr'>per</span> <span class='ocrx_word' id='word_1_260' title='bbox 3054 1672 3299 1743; x_wconf 88' lang='lat' dir='ltr'>verba</span> <span class='ocrx_word' id='word_1_261' title='bbox 3368 1671 3814 1754; x_wconf 83' lang='lat' dir='ltr'>Avicennae,</span> 
     </span>
     <span class='ocr_line' id='line_1_56' title="bbox 2283 1784 3822 1877; baseline 0.004 -26"><span class='ocrx_word' id='word_1_262' title='bbox 2283 1785 2488 1874; x_wconf 82' lang='lat' dir='ltr'>quod</span> <span class='ocrx_word' id='word_1_263' title='bbox 2557 1784 2777 1857; x_wconf 88' lang='lat' dir='ltr'>nulla</span> <span class='ocrx_word' id='word_1_264' title='bbox 2845 1791 3230 1859; x_wconf 80' lang='lat' dir='ltr'>creatura</span> <span class='ocrx_word' id='word_1_265' title='bbox 3308 1788 3474 1877; x_wconf 77' lang='lat' dir='ltr'>agit</span> <span class='ocrx_word' id='word_1_266' title='bbox 3552 1789 3643 1858; x_wconf 80' lang='lat' dir='ltr'>de</span> <span class='ocrx_word' id='word_1_267' title='bbox 3713 1787 3822 1857; x_wconf 91' lang='lat' dir='ltr'>ni-</span> 
     </span>
     <span class='ocr_line' id='line_1_57' title="bbox 2282 1899 3821 1995; baseline 0.003 -25"><span class='ocrx_word' id='word_1_268' title='bbox 2282 1899 2472 1983; x_wconf 82' lang='lat' dir='ltr'>hilo,</span> <span class='ocrx_word' id='word_1_269' title='bbox 2520 1905 2596 1974; x_wconf 88' lang='lat' dir='ltr'>et</span> <span class='ocrx_word' id='word_1_270' title='bbox 2641 1903 2842 1995; x_wconf 84' lang='lat' dir='ltr'>quod</span> <span class='ocrx_word' id='word_1_271' title='bbox 2903 1902 3462 1993; x_wconf 73' lang='lat' dir='ltr'>intelligentiae</span> <span class='ocrx_word' id='word_1_272' title='bbox 3522 1906 3598 1975; x_wconf 89' lang='lat' dir='ltr'>et</span> <span class='ocrx_word' id='word_1_273' title='bbox 3661 1903 3821 1975; x_wconf 89' lang='lat' dir='ltr'>ani-</span> 
     </span>
     <span class='ocr_line' id='line_1_58' title="bbox 2282 2018 3822 2111; baseline 0.002 -23"><span class='ocrx_word' id='word_1_274' title='bbox 2282 2037 2430 2089; x_wconf 80' lang='lat' dir='ltr'>mae</span> <span class='ocrx_word' id='word_1_275' title='bbox 2474 2024 2656 2091; x_wconf 87' lang='lat' dir='ltr'>sunt</span> <span class='ocrx_word' id='word_1_276' title='bbox 2716 2020 2807 2091; x_wconf 82' lang='lat' dir='ltr'>(le</span> <span class='ocrx_word' id='word_1_277' title='bbox 2867 2018 3148 2100; x_wconf 85' lang='lat' dir='ltr'>nihilo,</span> <span class='ocrx_word' id='word_1_278' title='bbox 3199 2023 3524 2111; x_wconf 89' lang='lat' dir='ltr'>oportet</span> <span class='ocrx_word' id='word_1_279' title='bbox 3592 2019 3822 2091; x_wconf 90' lang='lat' dir='ltr'>illum</span> 
     </span>
     <span class='ocr_line' id='line_1_59' title="bbox 2277 2136 3823 2229; baseline 0.001 -24"><span class='ocrx_word' id='word_1_280' title='bbox 2277 2136 2541 2209; x_wconf 77' lang='lat' dir='ltr'>(licere</span> <span class='ocrx_word' id='word_1_281' title='bbox 2624 2158 2901 2209; x_wconf 88' lang='lat' dir='ltr'>omnes</span> <span class='ocrx_word' id='word_1_282' title='bbox 2986 2137 3577 2229; x_wconf 81' lang='lat' dir='ltr'>Intelligentias</span> <span class='ocrx_word' id='word_1_283' title='bbox 3646 2158 3823 2209; x_wconf 86' lang='lat' dir='ltr'>esse</span> 
     </span>
     <span class='ocr_line' id='line_1_60' title="bbox 2278 2254 3823 2346; baseline 0 -21"><span class='ocrx_word' id='word_1_284' title='bbox 2278 2259 2628 2327; x_wconf 76' lang='lat' dir='ltr'>aeternas</span> <span class='ocrx_word' id='word_1_285' title='bbox 2691 2260 2767 2328; x_wconf 90' lang='lat' dir='ltr'>et</span> <span class='ocrx_word' id='word_1_286' title='bbox 2842 2277 3120 2328; x_wconf 88' lang='lat' dir='ltr'>omnes</span> <span class='ocrx_word' id='word_1_287' title='bbox 3208 2255 3548 2336; x_wconf 87' lang='lat' dir='ltr'>animas,</span> <span class='ocrx_word' id='word_1_288' title='bbox 3618 2254 3823 2346; x_wconf 82' lang='lat' dir='ltr'>quod</span> 
     </span>
     <span class='ocr_line' id='line_1_61' title="bbox 2278 2370 3817 2466; baseline -0.003 -22"><span class='ocrx_word' id='word_1_289' title='bbox 2278 2394 2642 2466; x_wconf 87' lang='lat' dir='ltr'>suppono</span> <span class='ocrx_word' id='word_1_290' title='bbox 2711 2396 2887 2445; x_wconf 85' lang='lat' dir='ltr'>esso</span> <span class='ocrx_word' id='word_1_291' title='bbox 2961 2370 3484 2466; x_wconf 86' lang='lat' dir='ltr'>impossibile,</span> <span class='ocrx_word' id='word_1_292' title='bbox 3567 2370 3817 2444; x_wconf 87' lang='lat' dir='ltr'>etiam</span> 
     </span>
     <span class='ocr_line' id='line_1_62' title="bbox 2279 2485 3817 2581; baseline -0.001 -24"><span class='ocrx_word' id='word_1_293' title='bbox 2279 2490 2712 2561; x_wconf 83' lang='lat' dir='ltr'>secundum</span> <span class='ocrx_word' id='word_1_294' title='bbox 2780 2489 3334 2570; x_wconf 81' lang='lat' dir='ltr'>Aristotelem,</span> <span class='ocrx_word' id='word_1_295' title='bbox 3419 2485 3551 2581; x_wconf 88' lang='lat' dir='ltr'>qui</span> <span class='ocrx_word' id='word_1_296' title='bbox 3627 2485 3817 2560; x_wconf 86' lang='lat' dir='ltr'>dicit</span> 
     </span>
     <span class='ocr_line' id='line_1_63' title="bbox 2278 2600 3819 2697; baseline -0.005 -19"><span class='ocrx_word' id='word_1_297' title='bbox 2278 2610 2385 2678; x_wconf 69' lang='lat'>12.</span> <span class='ocrx_word' id='word_1_298' title='bbox 2464 2610 2751 2696; x_wconf 74' lang='lat' dir='ltr'>Metapli.</span> <span class='ocrx_word' id='word_1_299' title='bbox 2826 2631 2971 2696; x_wconf 79' lang='lat' dir='ltr'>cap.</span> <span class='ocrx_word' id='word_1_300' title='bbox 3046 2609 3109 2677; x_wconf 83' lang='lat'>3.</span> <span class='ocrx_word' id='word_1_301' title='bbox 3193 2619 3351 2674; x_wconf 56' lang='lat' dir='ltr'>test.</span> <span class='ocrx_word' id='word_1_302' title='bbox 3423 2606 3530 2676; x_wconf 84' lang='grc'>16.</span> <span class='ocrx_word' id='word_1_303' title='bbox 3610 2600 3819 2697; x_wconf 85' lang='lat' dir='ltr'>quod</span> 
     </span>
     <span class='ocr_line' id='line_1_64' title="bbox 2277 2718 3817 2812; baseline -0.003 -23"><span class='ocrx_word' id='word_1_304' title='bbox 2277 2721 2499 2792; x_wconf 85' lang='lat' dir='ltr'>nulla</span> <span class='ocrx_word' id='word_1_305' title='bbox 2559 2720 2826 2792; x_wconf 75' lang='lat' dir='ltr'>forma</span> <span class='ocrx_word' id='word_1_306' title='bbox 2895 2720 3291 2812; x_wconf 80' lang='lat' dir='ltr'>praecedat</span> <span class='ocrx_word' id='word_1_307' title='bbox 3355 2718 3817 2791; x_wconf 85' lang='lat' dir='ltr'>materiam.</span> 
     </span>
     <span class='ocr_line' id='line_1_65' title="bbox 2275 2838 3822 2930; baseline -0.001 -23"><span class='ocrx_word' id='word_1_308' title='bbox 2275 2839 2416 2909; x_wconf 69' lang='lat' dir='ltr'>Vel</span> <span class='ocrx_word' id='word_1_309' title='bbox 2480 2841 2803 2930; x_wconf 78' lang='lat' dir='ltr'>oportet</span> <span class='ocrx_word' id='word_1_310' title='bbox 2854 2860 3039 2910; x_wconf 85' lang='lat' dir='ltr'>oum</span> <span class='ocrx_word' id='word_1_311' title='bbox 3084 2838 3373 2918; x_wconf 86' lang='lat' dir='ltr'>dicere,</span> <span class='ocrx_word' id='word_1_312' title='bbox 3447 2858 3631 2908; x_wconf 90' lang='lat' dir='ltr'>cum</span> <span class='ocrx_word' id='word_1_313' title='bbox 3702 2856 3822 2906; x_wconf 88' lang='lat' dir='ltr'>se-</span> 
     </span>
     <span class='ocr_line' id='line_1_66' title="bbox 2276 2951 3822 3036; baseline -0.005 -9"><span class='ocrx_word' id='word_1_314' title='bbox 2276 2957 2618 3028; x_wconf 86' lang='lat' dir='ltr'>cundum</span> <span class='ocrx_word' id='word_1_315' title='bbox 2675 2976 2979 3036; x_wconf 85' lang='lat' dir='ltr'>omnes,</span> <span class='ocrx_word' id='word_1_316' title='bbox 3046 2958 3257 3027; x_wconf 86' lang='lat' dir='ltr'>Deus</span> <span class='ocrx_word' id='word_1_317' title='bbox 3321 2953 3424 3025; x_wconf 87' lang='lat' dir='ltr'>sit</span> <span class='ocrx_word' id='word_1_318' title='bbox 3490 2951 3822 3024; x_wconf 89' lang='lat' dir='ltr'>omnino</span> 
     </span>
     <span class='ocr_line' id='line_1_67' title="bbox 2277 3068 3828 3164; baseline -0.002 -22"><span class='ocrx_word' id='word_1_319' title='bbox 2277 3071 2837 3153; x_wconf 88' lang='lat' dir='ltr'>immutabilis,</span> <span class='ocrx_word' id='word_1_320' title='bbox 2879 3072 3083 3164; x_wconf 83' lang='lat' dir='ltr'>quod</span> <span class='ocrx_word' id='word_1_321' title='bbox 3130 3071 3427 3163; x_wconf 83' lang='lat' dir='ltr'>absque</span> <span class='ocrx_word' id='word_1_322' title='bbox 3488 3068 3613 3141; x_wconf 89' lang='lat' dir='ltr'>sui</span> <span class='ocrx_word' id='word_1_323' title='bbox 3660 3088 3828 3140; x_wconf 87' lang='lat' dir='ltr'>mu-</span> 
     </span>
     <span class='ocr_line' id='line_1_68' title="bbox 2272 3188 3595 3266; baseline -0.008 -1"><span class='ocrx_word' id='word_1_324' title='bbox 2272 3189 2583 3266; x_wconf 87' lang='lat' dir='ltr'>tatione</span> <span class='ocrx_word' id='word_1_325' title='bbox 2625 3188 2938 3262; x_wconf 89' lang='lat' dir='ltr'>animas</span> <span class='ocrx_word' id='word_1_326' title='bbox 2972 3188 3063 3260; x_wconf 86' lang='lat' dir='ltr'>do</span> <span class='ocrx_word' id='word_1_327' title='bbox 3103 3207 3311 3260; x_wconf 85' lang='lat' dir='ltr'>novo</span> <span class='ocrx_word' id='word_1_328' title='bbox 3345 3188 3595 3259; x_wconf 87' lang='lat' dir='ltr'>creat.</span> 
     </span>
    </p>
   </div>
   <div class='ocr_carea' id='block_1_10' title="bbox 2701 3490 3390 3576">
    <p class='ocr_par' dir='ltr' id='par_1_11' title="bbox 2701 3490 3390 3576">
     <span class='ocr_line' id='line_1_69' title="bbox 2701 3490 3390 3576; baseline -0.007 -12"><span class='ocrx_word' id='word_1_329' title='bbox 2701 3491 3160 3576; x_wconf 80' lang='lat' dir='ltr'>QUAESTIO</span> <span class='ocrx_word' id='word_1_330' title='bbox 3262 3490 3390 3564; x_wconf 87' lang='lat' dir='ltr'>IV.</span> 
     </span>
    </p>
   </div>
   <div class='ocr_carea' id='block_1_11' title="bbox 2277 3689 3826 3782">
    <p class='ocr_par' dir='ltr' id='par_1_12' title="bbox 2277 3689 3826 3782">
     <span class='ocr_line' id='line_1_70' title="bbox 2277 3689 3826 3782; baseline -0.003 -20"><span class='ocrx_word' id='word_1_331' title='bbox 2277 3699 2511 3763; x_wconf 76' lang='lat' dir='ltr'>Utrum</span> <span class='ocrx_word' id='word_1_332' title='bbox 2550 3700 2724 3763; x_wconf 75' lang='lat' dir='ltr'>Deus</span> <span class='ocrx_word' id='word_1_333' title='bbox 2763 3698 2843 3762; x_wconf 79' lang='lat' dir='ltr'>de</span> <span class='ocrx_word' id='word_1_334' title='bbox 2876 3698 3258 3763; x_wconf 69' lang='lat' dir='ltr'>necessitate</span> <span class='ocrx_word' id='word_1_335' title='bbox 3292 3694 3625 3782; x_wconf 81' lang='lat' dir='ltr'>producat</span> <span class='ocrx_word' id='word_1_336' title='bbox 3666 3689 3826 3761; x_wconf 79' lang='lat' dir='ltr'>res?</span> 
     </span>
    </p>
   </div>
   <div class='ocr_carea' id='block_1_12' title="bbox 2267 3892 3833 4683">
    <p class='ocr_par' dir='ltr' id='par_1_13' title="bbox 2267 3892 3833 4683">
     <span class='ocr_line' id='line_1_71' title="bbox 2267 3892 3833 3967; baseline -0.006 -11"><span class='ocrx_word' id='word_1_337' title='bbox 2267 3899 2449 3957; x_wconf 77' lang='lat' dir='ltr'>Aleos,</span> <span class='ocrx_word' id='word_1_338' title='bbox 2499 3898 2550 3954; x_wconf 92' lang='grc'>2.</span> <span class='ocrx_word' id='word_1_339' title='bbox 2596 3902 2741 3966; x_wconf 79' lang='lat' dir='ltr'>part.</span> <span class='ocrx_word' id='word_1_340' title='bbox 2787 3901 2970 3967; x_wconf 75' lang='lat' dir='ltr'>quoest.</span> <span class='ocrx_word' id='word_1_341' title='bbox 2998 3896 3052 3952; x_wconf 85' lang='lat'>5.</span> <span class='ocrx_word' id='word_1_342' title='bbox 3079 3897 3308 3951; x_wconf 69' lang='lat' dir='ltr'>viaeemhr.</span> <span class='ocrx_word' id='word_1_343' title='bbox 3340 3897 3392 3949; x_wconf 83' lang='lat'>2.</span> <span class='ocrx_word' id='word_1_344' title='bbox 3420 3894 3475 3949; x_wconf 90' lang='lat' dir='ltr'>S.</span> <span class='ocrx_word' id='word_1_345' title='bbox 3503 3892 3739 3948; x_wconf 81' lang='lat' dir='ltr'>Thomas</span> <span class='ocrx_word' id='word_1_346' title='bbox 3768 3895 3833 3946; x_wconf 82' lang='lat' dir='ltr'>in</span> 
     </span>
     <span class='ocr_line' id='line_1_72' title="bbox 2345 3965 3823 4037; baseline -0.006 -9"><span class='ocrx_word' id='word_1_347' title='bbox 2345 3974 2390 4028; x_wconf 92' lang='lat'>1.</span> <span class='ocrx_word' id='word_1_348' title='bbox 2419 3973 2546 4026; x_wconf 79' lang='lat' dir='ltr'>dist.</span> <span class='ocrx_word' id='word_1_349' title='bbox 2569 3970 2653 4026; x_wconf 75' lang='lat'>43.</span> <span class='ocrx_word' id='word_1_350' title='bbox 2675 3986 2722 4037; x_wconf 86' lang='lat' dir='ltr'>q.</span> <span class='ocrx_word' id='word_1_351' title='bbox 2742 3975 2798 4029; x_wconf 83' lang='lat'>2.</span> <span class='ocrx_word' id='word_1_352' title='bbox 2822 3975 2932 4024; x_wconf 82' lang='lat' dir='ltr'>art.</span> <span class='ocrx_word' id='word_1_353' title='bbox 2965 3969 3009 4022; x_wconf 94' lang='grc'>1.</span> <span class='ocrx_word' id='word_1_354' title='bbox 3033 3976 3078 4023; x_wconf 84' lang='lat' dir='ltr'>et</span> <span class='ocrx_word' id='word_1_355' title='bbox 3102 3973 3151 4024; x_wconf 95' lang='grc'>2.</span> <span class='ocrx_word' id='word_1_356' title='bbox 3175 3973 3368 4022; x_wconf 78' lang='lat' dir='ltr'>contra</span> <span class='ocrx_word' id='word_1_357' title='bbox 3402 3968 3550 4021; x_wconf 80' lang='lat' dir='ltr'>Gent.</span> <span class='ocrx_word' id='word_1_358' title='bbox 3580 3981 3705 4033; x_wconf 80' lang='lat' dir='ltr'>cap.</span> <span class='ocrx_word' id='word_1_359' title='bbox 3731 3965 3823 4020; x_wconf 90' lang='grc'>23.</span> 
     </span>
     <span class='ocr_line' id='line_1_73' title="bbox 2342 4037 3828 4112; baseline -0.003 -17"><span class='ocrx_word' id='word_1_360' title='bbox 2342 4050 2388 4097; x_wconf 79' lang='lat' dir='ltr'>et</span> <span class='ocrx_word' id='word_1_361' title='bbox 2421 4047 2483 4098; x_wconf 80' lang='lat' dir='ltr'>cle</span> <span class='ocrx_word' id='word_1_362' title='bbox 2514 4049 2717 4112; x_wconf 82' lang='lat' dir='ltr'>potent.</span> <span class='ocrx_word' id='word_1_363' title='bbox 2773 4047 2959 4111; x_wconf 63' lang='lat' dir='ltr'>qumi.</span> <span class='ocrx_word' id='word_1_364' title='bbox 2985 4044 3035 4098; x_wconf 89' lang='lat'>3.</span> <span class='ocrx_word' id='word_1_365' title='bbox 3081 4046 3191 4095; x_wconf 82' lang='lat' dir='ltr'>art.</span> <span class='ocrx_word' id='word_1_366' title='bbox 3245 4039 3327 4093; x_wconf 81' lang='lat'>13.</span> <span class='ocrx_word' id='word_1_367' title='bbox 3361 4037 3622 4092; x_wconf 66' lang='lat' dir='ltr'>l&#39;lenricus</span> <span class='ocrx_word' id='word_1_368' title='bbox 3652 4037 3828 4106; x_wconf 82' lang='lat' dir='ltr'>quod-</span> 
     </span>
     <span class='ocr_line' id='line_1_74' title="bbox 2343 4110 3822 4181; baseline -0.003 -12"><span class='ocrx_word' id='word_1_369' title='bbox 2343 4117 2436 4169; x_wconf 85' lang='lat' dir='ltr'>lib.</span> <span class='ocrx_word' id='word_1_370' title='bbox 2506 4116 2558 4169; x_wconf 91' lang='lat'>8.</span> <span class='ocrx_word' id='word_1_371' title='bbox 2628 4122 2814 4181; x_wconf 67' lang='lat' dir='ltr'>qucfst.</span> <span class='ocrx_word' id='word_1_372' title='bbox 2866 4111 2914 4166; x_wconf 88' lang='grc'>9.</span> <span class='ocrx_word' id='word_1_373' title='bbox 2963 4120 3008 4168; x_wconf 81' lang='lat' dir='ltr'>et</span> <span class='ocrx_word' id='word_1_374' title='bbox 3063 4113 3305 4181; x_wconf 79' lang='lat' dir='ltr'>quodlib.</span> <span class='ocrx_word' id='word_1_375' title='bbox 3361 4110 3411 4165; x_wconf 77' lang='grc' dir='ltr'>ὃ.</span> <span class='ocrx_word' id='word_1_376' title='bbox 3456 4115 3650 4178; x_wconf 73' lang='lat' dir='ltr'>quaest.</span> <span class='ocrx_word' id='word_1_377' title='bbox 3714 4112 3822 4164; x_wconf 82' lang='lat' dir='ltr'>ult.</span> 
     </span>
     <span class='ocr_line' id='line_1_75' title="bbox 2342 4182 3824 4253; baseline -0.005 -13"><span class='ocrx_word' id='word_1_378' title='bbox 2342 4187 2602 4241; x_wconf 79' lang='lat' dir='ltr'>Ilervaeus</span> <span class='ocrx_word' id='word_1_379' title='bbox 2629 4188 2871 4253; x_wconf 81' lang='lat' dir='ltr'>quodlib.</span> <span class='ocrx_word' id='word_1_380' title='bbox 2906 4187 2955 4239; x_wconf 84' lang='lat'>5.</span> <span class='ocrx_word' id='word_1_381' title='bbox 3004 4189 3172 4252; x_wconf 64' lang='lat' dir='ltr'>quaest</span> <span class='ocrx_word' id='word_1_382' title='bbox 3231 4186 3281 4238; x_wconf 82' lang='lat'>4.</span> <span class='ocrx_word' id='word_1_383' title='bbox 3315 4188 3363 4236; x_wconf 79' lang='lat' dir='ltr'>et</span> <span class='ocrx_word' id='word_1_384' title='bbox 3413 4185 3475 4234; x_wconf 87' lang='lat' dir='ltr'>in</span> <span class='ocrx_word' id='word_1_385' title='bbox 3536 4185 3708 4237; x_wconf 78' lang='lat' dir='ltr'>tract.</span> <span class='ocrx_word' id='word_1_386' title='bbox 3760 4182 3824 4233; x_wconf 81' lang='lat' dir='ltr'>de</span> 
     </span>
     <span class='ocr_line' id='line_1_76' title="bbox 2339 4252 3825 4324; baseline -0.004 -14"><span class='ocrx_word' id='word_1_387' title='bbox 2339 4262 2641 4312; x_wconf 69' lang='lat' dir='ltr'>,rternuate</span> <span class='ocrx_word' id='word_1_388' title='bbox 2673 4258 2898 4319; x_wconf 72' lang='lat' dir='ltr'>mundi,</span> <span class='ocrx_word' id='word_1_389' title='bbox 2933 4262 3116 4324; x_wconf 57' lang='lat' dir='ltr'>qums-t.</span> <span class='ocrx_word' id='word_1_390' title='bbox 3169 4257 3217 4309; x_wconf 80' lang='lat'>4.</span> <span class='ocrx_word' id='word_1_391' title='bbox 3253 4252 3454 4307; x_wconf 81' lang='lat' dir='ltr'>Marsil.</span> <span class='ocrx_word' id='word_1_392' title='bbox 3503 4254 3566 4305; x_wconf 83' lang='lat' dir='ltr'>in</span> <span class='ocrx_word' id='word_1_393' title='bbox 3603 4252 3650 4305; x_wconf 85' lang='grc'>1.</span> <span class='ocrx_word' id='word_1_394' title='bbox 3693 4253 3825 4306; x_wconf 82' lang='lat' dir='ltr'>dist.</span> 
     </span>
     <span class='ocr_line' id='line_1_77' title="bbox 2343 4322 3824 4401; baseline -0.007 -16"><span class='ocrx_word' id='word_1_395' title='bbox 2343 4332 2429 4386; x_wconf 83' lang='grc'>42.</span> <span class='ocrx_word' id='word_1_396' title='bbox 2467 4338 2513 4383; x_wconf 78' lang='lat' dir='ltr'>et</span> <span class='ocrx_word' id='word_1_397' title='bbox 2549 4332 2631 4386; x_wconf 76' lang='lat'>44.</span> <span class='ocrx_word' id='word_1_398' title='bbox 2663 4330 2880 4401; x_wconf 84' lang='lat' dir='ltr'>Gregor.</span> <span class='ocrx_word' id='word_1_399' title='bbox 2936 4328 2984 4382; x_wconf 87' lang='grc'>1.</span> <span class='ocrx_word' id='word_1_400' title='bbox 3018 4329 3147 4381; x_wconf 75' lang='lat' dir='ltr'>dise.</span> <span class='ocrx_word' id='word_1_401' title='bbox 3195 4326 3282 4381; x_wconf 75' lang='lat'>43.</span> <span class='ocrx_word' id='word_1_402' title='bbox 3334 4322 3564 4380; x_wconf 81' lang='lat' dir='ltr'>Gabriel.</span> <span class='ocrx_word' id='word_1_403' title='bbox 3601 4325 3744 4378; x_wconf 81' lang='lat' dir='ltr'>ibid.</span> <span class='ocrx_word' id='word_1_404' title='bbox 3775 4329 3824 4375; x_wconf 82' lang='lat' dir='ltr'>et</span> 
     </span>
     <span class='ocr_line' id='line_1_78' title="bbox 2343 4393 3825 4469; baseline -0.006 -14"><span class='ocrx_word' id='word_1_405' title='bbox 2343 4409 2404 4455; x_wconf 81' lang='lat' dir='ltr'>in</span> <span class='ocrx_word' id='word_1_406' title='bbox 2435 4405 2487 4457; x_wconf 92' lang='grc'>2.</span> <span class='ocrx_word' id='word_1_407' title='bbox 2533 4404 2657 4456; x_wconf 74' lang='lat' dir='ltr'>ctist.</span> <span class='ocrx_word' id='word_1_408' title='bbox 2700 4403 2747 4457; x_wconf 91' lang='lat'>1.</span> <span class='ocrx_word' id='word_1_409' title='bbox 2796 4406 2979 4469; x_wconf 74' lang='lat' dir='ltr'>quoest.</span> <span class='ocrx_word' id='word_1_410' title='bbox 3024 4403 3076 4452; x_wconf 87' lang='grc'><strong>2.</strong></span> <span class='ocrx_word' id='word_1_411' title='bbox 3133 4402 3240 4451; x_wconf 75' lang='lat' dir='ltr'>art.</span> <span class='ocrx_word' id='word_1_412' title='bbox 3296 4396 3350 4451; x_wconf 91' lang='lat'>3.</span> <span class='ocrx_word' id='word_1_413' title='bbox 3413 4394 3717 4450; x_wconf 82' lang='lat' dir='ltr'>Ferrarien.</span> <span class='ocrx_word' id='word_1_414' title='bbox 3776 4393 3825 4448; x_wconf 88' lang='grc'>2.</span> 
     </span>
     <span class='ocr_line' id='line_1_79' title="bbox 2341 4467 3823 4540; baseline -0.004 -15"><span class='ocrx_word' id='word_1_415' title='bbox 2341 4478 2538 4526; x_wconf 83' lang='lat' dir='ltr'>contra</span> <span class='ocrx_word' id='word_1_416' title='bbox 2569 4473 2721 4529; x_wconf 63' lang='lat' dir='ltr'>(ient.</span> <span class='ocrx_word' id='word_1_417' title='bbox 2756 4488 2873 4540; x_wconf 78' lang='lat' dir='ltr'>cap.</span> <span class='ocrx_word' id='word_1_418' title='bbox 2915 4473 3002 4526; x_wconf 88' lang='grc'>23.</span> <span class='ocrx_word' id='word_1_419' title='bbox 3033 4468 3163 4526; x_wconf 82' lang='lat' dir='ltr'>Vide</span> <span class='ocrx_word' id='word_1_420' title='bbox 3210 4471 3484 4523; x_wconf 78' lang='lat' dir='ltr'>Doctorem</span> <span class='ocrx_word' id='word_1_421' title='bbox 3517 4470 3579 4520; x_wconf 80' lang='lat' dir='ltr'>in</span> <span class='ocrx_word' id='word_1_422' title='bbox 3615 4467 3665 4521; x_wconf 91' lang='grc'>1.</span> <span class='ocrx_word' id='word_1_423' title='bbox 3688 4468 3823 4520; x_wconf 73' lang='lat' dir='ltr'>dist.</span> 
     </span>
     <span class='ocr_line' id='line_1_80' title="bbox 2341 4538 3827 4670; baseline -0.005 -73"><span class='ocrx_word' id='word_1_424' title='bbox 2341 4545 2390 4597; x_wconf 71' lang='lat'>8.</span> <span class='ocrx_word' id='word_1_425' title='bbox 2420 4560 2483 4670; x_wconf 68' lang='lat' dir='ltr'>qd</span> <span class='ocrx_word' id='word_1_426' title='bbox 2512 4546 2584 4668; x_wconf 73' lang='lat'>5²1</span> <span class='ocrx_word' id='word_1_427' title='bbox 2618 4550 2666 4599; x_wconf 82' lang='lat' dir='ltr'>et</span> <span class='ocrx_word' id='word_1_428' title='bbox 2712 4546 2839 4599; x_wconf 77' lang='lat' dir='ltr'>dist.</span> <span class='ocrx_word' id='word_1_429' title='bbox 2899 4542 2984 4599; x_wconf 77' lang='lat'>39.</span> <span class='ocrx_word' id='word_1_430' title='bbox 3031 4549 3081 4597; x_wconf 85' lang='lat' dir='ltr'>et</span> <span class='ocrx_word' id='word_1_431' title='bbox 3133 4544 3194 4595; x_wconf 81' lang='lat' dir='ltr'>in</span> <span class='ocrx_word' id='word_1_432' title='bbox 3225 4538 3277 4593; x_wconf 93' lang='grc'>2.</span> <span class='ocrx_word' id='word_1_433' title='bbox 3320 4542 3450 4595; x_wconf 79' lang='lat' dir='ltr'>dist.</span> <span class='ocrx_word' id='word_1_434' title='bbox 3511 4540 3558 4594; x_wconf 89' lang='grc'>1.</span> <span class='ocrx_word' id='word_1_435' title='bbox 3598 4554 3655 4606; x_wconf 84' lang='lat' dir='ltr'>q.</span> <span class='ocrx_word' id='word_1_436' title='bbox 3691 4542 3745 4592; x_wconf 84' lang='lat'>2.</span> <span class='ocrx_word' id='word_1_437' title='bbox 3778 4543 3827 4591; x_wconf 82' lang='lat' dir='ltr'>ct</span> 
     </span>
     <span class='ocr_line' id='line_1_81' title="bbox 2339 4619 2606 4683; baseline 0.015 -15"><span class='ocrx_word' id='word_1_438' title='bbox 2339 4631 2443 4683; x_wconf 83' lang='lat' dir='ltr'>quo</span> <span class='ocrx_word' id='word_1_439' title='bbox 2487 4619 2522 4671; x_wconf 86' lang='lat' dir='ltr'>t.</span> <span class='ocrx_word' id='word_1_440' title='bbox 2592 4658 2606 4672; x_wconf 92' lang='lat'><strong>.</strong></span> 
     </span>
    </p>
   </div>
   <div class='ocr_carea' id='block_1_13' title="bbox 2275 4789 3833 5353">
    <p class='ocr_par' dir='ltr' id='par_1_14' title="bbox 2275 4789 3833 5353">
     <span class='ocr_line' id='line_1_82' title="bbox 2360 4789 3825 4886; baseline -0.005 -17"><span class='ocrx_word' id='word_1_441' title='bbox 2360 4794 2592 4869; x_wconf 87' lang='lat' dir='ltr'>Circa</span> <span class='ocrx_word' id='word_1_442' title='bbox 2639 4795 2879 4867; x_wconf 89' lang='lat' dir='ltr'>istam</span> <span class='ocrx_word' id='word_1_443' title='bbox 2944 4791 3471 4886; x_wconf 49' lang='lat' dir='ltr'>quafstionem</span> <span class='ocrx_word' id='word_1_444' title='bbox 3516 4789 3636 4862; x_wconf 87' lang='lat' dir='ltr'>sic</span> <span class='ocrx_word' id='word_1_445' title='bbox 3698 4793 3825 4862; x_wconf 84' lang='lat' dir='ltr'>est</span> 
     </span>
     <span class='ocr_line' id='line_1_83' title="bbox 2275 4908 3828 5007; baseline -0.004 -23"><span class='ocrx_word' id='word_1_446' title='bbox 2275 4915 2890 5007; x_wconf 76' lang='lat' dir='ltr'>procedendum:</span> <span class='ocrx_word' id='word_1_447' title='bbox 2952 4909 3227 4982; x_wconf 86' lang='lat' dir='ltr'>Primo</span> <span class='ocrx_word' id='word_1_448' title='bbox 3297 4908 3681 4988; x_wconf 85' lang='lat' dir='ltr'>notanda,</span> <span class='ocrx_word' id='word_1_449' title='bbox 3748 4909 3828 4978; x_wconf 84' lang='lat' dir='ltr'>et</span> 
     </span>
     <span class='ocr_line' id='line_1_84' title="bbox 2276 5023 3832 5124; baseline -0.006 -21"><span class='ocrx_word' id='word_1_450' title='bbox 2276 5031 2782 5124; x_wconf 81' lang='lat' dir='ltr'>reprobanda</span> <span class='ocrx_word' id='word_1_451' title='bbox 2858 5031 2978 5101; x_wconf 79' lang='lat' dir='ltr'>est</span> <span class='ocrx_word' id='word_1_452' title='bbox 3059 5027 3358 5121; x_wconf 85' lang='lat' dir='ltr'>positio</span> <span class='ocrx_word' id='word_1_453' title='bbox 3446 5023 3832 5117; x_wconf 87' lang='lat' dir='ltr'>antiquo-</span> 
     </span>
     <span class='ocr_line' id='line_1_85' title="bbox 2275 5141 3832 5238; baseline -0.007 -18"><span class='ocrx_word' id='word_1_454' title='bbox 2275 5168 2481 5220; x_wconf 86' lang='lat' dir='ltr'>rum.</span> <span class='ocrx_word' id='word_1_455' title='bbox 2532 5147 2889 5221; x_wconf 81' lang='lat' dir='ltr'>Secundo</span> <span class='ocrx_word' id='word_1_456' title='bbox 2952 5144 3338 5238; x_wconf 86' lang='lat' dir='ltr'>ponenda,</span> <span class='ocrx_word' id='word_1_457' title='bbox 3405 5145 3481 5212; x_wconf 87' lang='lat' dir='ltr'>et</span> <span class='ocrx_word' id='word_1_458' title='bbox 3524 5141 3832 5214; x_wconf 84' lang='lat' dir='ltr'>confir-</span> 
     </span>
     <span class='ocr_line' id='line_1_86' title="bbox 2275 5260 3833 5353; baseline -0.005 -18"><span class='ocrx_word' id='word_1_459' title='bbox 2275 5264 2564 5335; x_wconf 87' lang='lat' dir='ltr'>manda</span> <span class='ocrx_word' id='word_1_460' title='bbox 2633 5266 2755 5334; x_wconf 82' lang='lat' dir='ltr'>est</span> <span class='ocrx_word' id='word_1_461' title='bbox 2820 5260 3093 5353; x_wconf 90' lang='lat' dir='ltr'>opinio</span> <span class='ocrx_word' id='word_1_462' title='bbox 3162 5261 3614 5331; x_wconf 81' lang='lat' dir='ltr'>Doctorum</span> <span class='ocrx_word' id='word_1_463' title='bbox 3680 5260 3833 5329; x_wconf 86' lang='lat' dir='ltr'>Ca-</span> 
     </span>
    </p>
   </div>
   <div class='ocr_carea' id='block_1_14' title="bbox 2271 5383 2792 5456">
    <p class='ocr_par' dir='ltr' id='par_1_15' title="bbox 2271 5383 2792 5456">
     <span class='ocr_line' id='line_1_87' title="bbox 2271 5383 2792 5456; baseline -0.012 0"><span class='ocrx_word' id='word_1_464' title='bbox 2271 5383 2675 5456; x_wconf 86' lang='lat' dir='ltr'>tholicoru</span> <span class='ocrx_word' id='word_1_465' title='bbox 2693 5401 2792 5453; x_wconf 92' lang='lat' dir='ltr'>m.</span> 
     </span>
    </p>
   </div>
   <div class='ocr_carea' id='block_1_15' title="bbox 3858 4826 4138 5019">
    <p class='ocr_par' dir='ltr' id='par_1_16' title="bbox 3858 4826 4138 5019">
     <span class='ocr_line' id='line_1_88' title="bbox 3918 4826 4120 4963; baseline -0.035 -21"><span class='ocrx_word' id='word_1_466' title='bbox 3918 4826 4100 4963; x_wconf 47' lang='lat' dir='ltr'>Diiviffio</span> <span class='ocrx_word' id='word_1_467' title='bbox 4111 4948 4120 4959; x_wconf 38' lang='grc' dir='ltr'><strong><em>ι</em></strong></span> 
     </span>
     <span class='ocr_line' id='line_1_89' title="bbox 3858 4961 4138 5019; baseline -0.025 -17"><span class='ocrx_word' id='word_1_468' title='bbox 3858 4961 4138 5019; x_wconf 60' lang='lat' dir='ltr'>quaestionis</span> 
     </span>
    </p>
   </div>
  </div>
 </body>
</html>
