4252 6393
157 826 359 882 Quinta.

166 3084 223 3129 Se
232 3092 333 3131 tta.

1752 438 2114 513 QUAEs'rlo
2181 439 2254 501 lX

417 598 730 670 reversi
752 599 1113 672 alterant
1147 598 1489 670 mediam
1515 597 1957 688 regionem,

417 715 895 788 intendendo
949 716 1125 809 ejus
1172 714 1732 807 frigiditatem.

501 830 803 913 Quinta
834 850 1083 901 causa
1114 834 1264 911 est,
1314 829 1519 922 quod
1559 828 1961 899 elementa

411 945 707 1039 frigida
763 949 1156 1023 derelicta
1223 948 1583 1041 propriis
1638 945 1958 1019 naturis

414 1087 459 1137 a
530 1066 741 1147 Sole,
824 1066 1185 1141 a-lterant
1266 1086 1540 1137 aerem
1635 1062 1958 1156 propin·

418 1204 658 1276 quum
726 1184 872 1267 eis,
932 1188 1014 1258 et
1074 1184 1227 1258 iste
1269 1184 1772 1277 propinquus
1814 1201 1956 1253 aer

414 1301 837 1375 elementis
917 1301 1236 1393 frigidis
1319 1300 1623 1375 alterat
1703 1299 1955 1371 alium

415 1418 562 1490 sibi
631 1420 1208 1511 propinquum,
1302 1418 1515 1492 sicut
1574 1418 1956 1493 continue

416 1556 664 1627 usque
697 1537 795 1607 ad
827 1536 1172 1608 mediam
1230 1537 1651 1627 regionem
1709 1535 1952 1607 aeris.

413 1654 558 1727 Sed
588 1656 875 1746 postea
899 1653 1419 1727 subveniente
1450 1654 1726 1726 calore
1747 1652 1957 1726 Solis

409 1770 981 1866 corrumpitur
1046 1770 1458 1863 frigiditas
1539 1770 1957 1843 inferioris

416 1886 807 1977 regionis,
858 1885 992 1958 sed
1043 1888 1317 1960 manet
1349 1884 1761 1977 frigiditas
1805 1906 1959 1958 me·

408 2004 559 2075 diae
620 2001 1009 2094 regioniS‚
1073 2003 1265 2094 quia
1331 2004 1425 2075 ad
1484 2002 1730 2077 istam
1800 2022 1961 2074 non

412 2126 689 2214 potest
757 2121 1226 2213 pertingere
1304 2120 1578 2193 radius
1659 2118 1960 2193 refrac-

412 2243 548 2312 tus
625 2258 810 2310 cum
889 2236 1370 2313 fortitudine
1436 2236 1800 2318 virtutiS,
1883 2240 1962 2310 et

415 2352 531 2426 ita
575 2355 1112 2429 continuatur
1155 2356 1314 2429 ista
1355 2353 1791 2446 frigiditas.
1844 2357 1964 2427 Ex

413 2491 572 2564 quo
621 2475 871 2564 patet,
914 2472 1101 2546 dato
1145 2473 1351 2565 quod
1393 2472 1731 2544 mundus
1776 2470 1965 2543 fuis-

413 2593 538 2663 set
588 2594 948 2672 creatus,
994 2594 1074 2663 et
1136 2588 1396 2661 media
1456 2588 1686 2679 regio
1745 2589 1963 2662 aeris

409 2725 575 2777 non
635 2705 928 2780 fuisset
978 2709 1262 2779 creata
1320 2704 1644 2796 frigida,
1710 2703 1964 2779 adhuc

414 2843 565 2916 per
616 2823 869 2897 istum
949 2826 1267 2897 motum
1321 2821 1613 2895 fuisset
1677 2821 1965 2897 effecta

417 2940 744 3033 frigida.

510 3061 753 3130 Sexta
787 3078 1034 3130 causa
1066 3077 1226 3129 non
1272 3060 1397 3130 est
1430 3057 1793 3150 propria,
1833 3061 1966 3132 sed

410 3171 960 3246 occasionalis
1028 3176 1373 3255 tantum,
1458 3173 1770 3248 scilicet
1847 3195 1966 3247 re-

412 3290 705 3364 missio
765 3291 1098 3364 luminis
1151 3292 1233 3364 in
1290 3292 1551 3363 media
1608 3293 1959 3384 regione.

410 3409 522 3479 Et
563 3407 714 3481 hoc
747 3411 870 3480 est
922 3408 1017 3479 ad
1061 3407 1412 3489 modum,
1462 3429 1618 3500 quo
1667 3409 1966 3482 dicere-

407 3545 597 3600 mus
632 3524 1085 3597 absentiam
1126 3527 1394 3597 nautae
1425 3546 1604 3597 esse
1630 3546 1964 3598 causam

409 3641 1056 3737 periclitationis
1122 3641 1379 3714 navis.
1447 3641 1651 3715 Illud
1712 3649 1960 3735 patet,

408 3762 611 3855 quia
659 3760 934 3833 lumen
976 3760 1386 3834 intensum
1419 3765 1635 3834 esset
1682 3767 1963 3836 natum

405 3899 763 3951 causare
813 3877 1216 3960 calorem;
1271 3877 1533 3968 igitur
1584 3879 1964 3952 remissio

408 3995 644 4070 illius
684 3995 1010 4069 videtur
1066 4017 1247 4068 esse
1287 4015 1536 4067 causa.
1588 3998 1963 4088 quodam-

408 4113 658 4185 modo
694 4112 1326 4186 occasionaliter
1361 4111 1756 4205 oppositae
1778 4132 1961 4205 qua-

407 4229 712 4303 litatis.
1957 4239 1963 4244 ’

504 4349 872 4440 Septima
928 4365 1176 4420 causa
1240 4351 1365 4419 est
1430 4348 1680 4421 etiam
1741 4367 1964 4420 occa·

407 4464 785 4545 sionalis,
841 4464 1153 4537 scilicet
1214 4463 1563 4538 remotio
1607 4484 1653 4535 a
1692 4464 1965 4536 causis

404 4581 746 4664 caloris
811 4580 1218 4674 praecipue
1274 4600 1321 4652 a
1387 4602 1737 4673 corpore
1813 4602 1966 4653 coe-

408 4699 642 4779 lesti.
724 4700 807 4772 et
893 4697 1435 4772 refractiones
1540 4697 1958 4769 radiorum

414 4817 638 4893 Solis
683 4836 728 4888 a
772 4822 1027 4891 terra.

504 4936 727 5007 Tunc
785 4934 877 5005 de
926 4953 1175 5005 causa
1233 4931 1483 5012 finali,
1529 4932 1706 5006 dico
1761 4934 1969 5024 quod

350 5054 600 5146 ,ipsa
686 5050 1096 5142 frigiditas
1173 5054 1299 5122 est
1394 5049 1969 5143 principaliter

402 5172 768 5263 *propter
824 5165 1014 5240 tria.
1090 5165 1370 5238 Primo
1442 5170 1784 5258 propter
1841 5185 1968 5240 ac-

410 5285 948 5380 quisitionem
1042 5282 1658 5357 elementorum.
1751 5283 1970 5356 Unde

412 5422 569 5496 per
634 5400 1047 5474 actionem
1091 5398 1327 5479 Solis,
1399 5402 1478 5472 et
1547 5401 1969 5471 astrorum

411 5515 1084 5592 calefacientium
1122 5515 1467 5589 multum
1521 5515 1971 5590 resolvitur

403 5639 505 5712 de
573 5634 1001 5707 elementis
1073 5632 1416 5724 frigidis,
1500 5632 1581 5706 in
1651 5637 1967 5708 tantum

3527 434 3614 496 ’43

2076 596 2282 690 quod
2368 598 2531 671 cito
2636 599 3352 676 consumerentur,
3462 594 3622 668 nisi

2074 716 2812 804 augmentarentur
2880 731 3024 804 per
3080 708 3619 801 frigiditatem

2075 831 2353 902 medice
2415 831 2802 922 regioniS,
2861 851 3034 923 quae
3086 830 3384 903 iterum
3436 847 3617 900 con-

2071 949 2326 1022 vertit
2396 948 2661 1021 fumos
2740 953 2820 1024 et
2888 947 3447 1023 exhalationes
3538 945 3617 1017 in

2067 1067 2468 1141 elementa
2494 1065 2811 1159 frigida.

2160 1182 2547 1265 Secundo,
2585 1187 2709 1257 est
2735 1182 2896 1257 ista
2936 1181 3345 1271 frigiditas
3381 1199 3615 1281 prop-

2062 1304 2198 1374 ter
2247 1300 2860 1394 productionem
2909 1299 3490 1379 animatorum,
3537 1301 3625 1372 ut

2071 1416 2564 1509 plantarum,
2598 1420 2679 1491 et
2722 1415 3206 1511 hujusmodi,
3244 1435 3417 1507 quae
3461 1433 3621 1487 non

2072 1539 2414 1626 possunt
2470 1534 2750 1606 venire
2811 1534 2982 1605 sine
3060 1532 3360 1625 pluvia,
3445 1552 3618 1624 quae

2068 1656 2463 1724 causatur
2493 1649 2590 1721 ab
2640 1649 2818 1743 ipsa
2865 1649 3348 1740 frigiditate.

2161 1764 2461 1848 Tertio,
2568 1770 2909 1859 propter
3004 1763 3617 1855 generationem

2075 1880 2551 1961 mixtorum,
2626 1885 2707 1954 et
2773 1881 2870 1953 ad
2929 1879 3078 1952 hoc
3137 1880 3390 1954 etiam
3428 1880 3618 1952 fina-

2073 1996 2265 2071 liter
2343 1997 2829 2070 ordinantur
2896 1998 3321 2071 elementa.
3386 1999 3621 2071 Patet

2075 2112 2334 2205 igitur
2397 2114 2967 2205 recolligendo,
3047 2114 3252 2207 quod
3353 2135 3620 2190 causae

2075 2229 2557 2319 frigiditatis
2629 2230 2908 2304 mediae
2970 2230 3331 2322 regionis
3393 2252 3616 2306 occa·

2077 2346 2458 2430 sionales,
2530 2352 2719 2421 sunt
2788 2345 3121 2421 luminis
3208 2335 3614 2432 remissio,

2074 2482 2123 2535 a
2155 2465 2424 2537 causis
2458 2465 2764 2539 coloris
2799 2465 3183 2549 remotio;
3230 2467 3365 2539 sed
3405 2466 3620 2561 prin-

2076 2579 2382 2672 cipales
2415 2586 2603 2657 sunt
2653 2582 3245 2656 elementorum
3291 2582 3619 2674 frigido-

2079 2718 2263 2770 rum
2335 2698 2602 2781 actio;
2680 2699 3096 2772 fumorum
3171 2698 3270 2772 ab
3349 2699 3468 2773 eis
3538 2701 3620 2774 in

2080 2815 2325 2889 istam
2421 2815 2840 2907 regionem
2927 2814 3319 2897 elevatio;
3402 2819 3620 2891 aeris

2081 2932 2535 3027 superioris
2571 2953 2716 3026 per
2782 2937 3091 3008 motum
3146 2933 3616 3016 rarefactio,

2083 3069 2229 3143 per
2298 3049 2962 3141 antiperistasin;
3033 3049 3384 3124 intensio
3466 3071 3621 3124 me·

2076 3166 2470 3241 dietatum
2514 3167 3046 3260 quarumdam
3145 3168 3615 3252 stellarum:

2077 3289 2158 3359 et
2217 3285 2576 3359 finaliter
2653 3291 2995 3378 propter
3065 3286 3619 3360 animatorum

2078 3403 2719 3495 productionem,
2767 3409 2847 3478 et
2879 3404 3614 3486 conservationem,

2079 3524 2421 3613 propter
2480 3521 2926 3593 mixtorum
2979 3521 3614 3611 generationem,

2077 3641 2157 3709 et
2235 3640 2575 3732 propter
2634 3638 3225 3712 elementorum
3283 3638 3625 3730 acquisi-

2079 3756 2410 3830 tionem.
2451 3758 2550 3831 Et
2584 3755 2734 3829 hoc
2763 3755 2854 3828 de
2888 3756 3257 3828 secundo.

2565 4065 2986 4123 ARTICULUS
3044 4065 3134 4122 111.

2435 4264 2654 4334 Dubia
2692 4267 2872 4333 circa
2904 4265 3260 4352 praedicta.

2170 4464 2578 4543 Quantum
2629 4458 2724 4530 ad
2782 4460 3122 4533 tertium
3186 4462 3452 4554 primo
3495 4484 3620 4536 ar-

2082 4579 2364 4671 guitur
2409 4580 2699 4652 contra
2741 4578 3378 4663 conclusionem,
3435 4581 3624 4673 quia

2082 4696 2150 4766 si
2185 4693 2442 4766 media
2474 4694 2692 4765 aeris
2738 4694 2965 4784 regio
3001 4695 3109 4769 sit
3140 4694 3462 4787 frigida,
3495 4698 3626 4770 vel

2081 4815 2206 4883 est
2260 4810 2338 4881 in
2373 4831 2717 4892 summo,
2755 4811 2883 4884 vel
2927 4813 3142 4887 citra
3186 4835 3620 4889 summum.

2085 4928 2166 5010 Si
2231 4926 2308 4998 in
2379 4947 2725 5010 summo,
2789 4947 2989 5020 ergo
3050 4949 3210 5001 non
3269 4934 3394 5005 est
3454 4953 3622 5015 aer,

2085 5045 2274 5137 quia
2336 5045 2650 5117 nullum
2708 5045 3236 5129 elementum,
3321 5054 3629 5141 praeter

3667 1158 3935 1210 Secunda.
3948 1208 3952 1212 .

3708 1760 3907 1810 Tertia.

3771 4498 3852 4551 16.

3647 4562 3883 4613 Dubium
3917 4561 3960 4611 1.

2083 5185 2412 5258 aquam,
2493 5167 2763 5258 potest
2842 5165 3012 5258 pati
3091 5163 3630 5257 frigiditatem
3699 5265 3704 5268 ,

2086 5301 2525 5362 summam3
2575 5280 2643 5353 si
2685 5280 2901 5353 citra
2950 5301 3384 5364 summum,
3442 5303 3626 5354 con-

2087 5405 2252 5482 tra,
2327 5403 2518 5473 tunc
2600 5397 2970 5490 sequitur
3038 5399 3247 5490 quod
3323 5398 3624 5491 aliquid

2085 5521 2371 5606 ageret
2441 5516 2663 5588 ultra.
2732 5516 3071 5607 gradum
3150 5537 3386 5587 suum
3441 5536 3621 5608 pro·

2084 5635 2381 5731 prium.
2439 5638 2953 5725 Consequens
3028 5631 3362 5714 salsum,
3430 5633 3618 5725 quia
