4252 6393
434 1708 706 1760 Numerus

409 1780 485 1821 est
513 1771 705 1821 ’nulti-

500 1834 655 1898 plex.

434 1897 704 1947 Numerus

434 1960 696 2009 essentia-

522 2020 612 2073 lix.

517 5604 606 5655 21.

756 405 874 473 578

744 591 919 663 quae
988 590 1145 642 non
1190 571 1632 664 procedunt
1710 569 1791 641 in
1851 567 2279 648 infinitum,

739 687 1103 760 maxime
1153 686 1586 759 secundum
1629 704 2059 756 numerum
2111 702 2284 753 cor-

742 826 1032 898 porum
1092 808 1171 876 et
1216 803 1694 896 specierum,
1741 802 1933 874 dicit
1986 800 2130 881 sic,
2178 800 2286 871 lo·

741 942 989 1014 quens
1016 922 1106 994 de
1138 921 1531 994 divisione
1564 918 1926 992 continui
1963 945 1976 987 ε
2015 923 2290 1006 Sempe-r

740 1041 1008 1107 eoecellit
1059 1052 1387 1128 acceptam
1447 1061 1705 1105 omnem
1774 1038 2289 1104 determinatam

741 1157 1280 1236 munitet-diaeum
1324 1156 1439 1222 sed
1486 1178 1622 1223 non
1657 1164 2009 1242 separatus
2046 1163 2142 1218 cst
2179 1154 2289 1219 hic

742 1294 1060 1339 numerus
1095 1296 1136 1339 a
1180 1274 1534 1352 divisione,
1578 1291 1786 1359 neque
1854 1280 2074 1336 manet
2134 1269 2289 1351 insi·

742 1391 948 1467 nima,
992 1389 1106 1455 secl
1131 1390 1211 1471 fit
1247 1388 1416 1454 sicul
1457 1392 1518 1459 et
1549 1399 1828 1475 tempus,
1882 1396 1942 1451 ct
1975 1405 2290 1453 muneras

748 1507 1081 1592 tempori&

840 1622 957 1691 Ex
1011 1618 1250 1692 dictis
1319 1620 1568 1711 patet,
1625 1617 1832 1709 quod
1910 1616 1990 1687 in
2050 1615 2289 1686 rebus

750 1735 1159 1809 invenitur
1229 1733 1652 1827 multiplex
1725 1756 2058 1814 numeria,
2132 1735 2289 1804 ete-

747 1854 914 1925 nim
1005 1852 1322 1945 quidam
1414 1871 1804 1924 numerus
1888 1850 2284 1932 essentialis,

751 1968 885 2062 qui
956 1969 1222 2060 surgit
1297 1989 1396 2040 ex
1481 1965 1924 2060 partitione
2003 1964 2289 2058 prima>

750 2085 1089 2159 unitatis
1149 2083 1460 2166 divinae,
1519 2082 1951 2156 secundum
2011 2080 2290 2153 varios

749 2202 1046 2292 gradus
1143 2201 1714 2281 essentiarum,
1808 2199 1941 2290 qui
1995 2197 2293 2270 dicitur

748 2315 1237 2399 essentialiS‚
1335 2317 1522 2409 quia
1617 2315 1830 2389 sicut
1917 2314 2289 2407 quaelibet

752 2454 883 2505 res
970 2433 1527 2507 essentialiter
1595 2453 1741 2526 per
1811 2453 2039 2504 suam
2117 2432 2292 2503 sub-

752 2550 1170 2631 stantiam,
1210 2553 1296 2622 ut
1330 2549 1796 2632 essentiam,
1834 2552 1954 2621 est
1991 2567 2173 2630 una,
2211 2551 2292 2623 et

750 2686 908 2738 non
969 2688 1115 2759 per
1175 2668 1494 2759 aliquod
1539 2667 2002 2740 absolutum
2047 2686 2293 2758 super

753 2785 1218 2868 essentiam,
1274 2787 1405 2876 (ut
1448 2784 1822 2877 superius
1856 2786 1980 2857 est
2007 2783 2292 2876 proba-

755 2901 973 2990 tum)
1061 2900 1175 2974 sic
1281 2921 1567 2974 earum
1653 2921 2039 2973 numerus
2132 2920 2292 2971 non

751 3015 943 3090 dicit
1005 3037 1175 3089 rem
1221 3017 1463 3090 aliam
1527 3018 1984 3092 absolutam
2046 3038 2293 3108 super

756 3152 913 3216 reS‚
980 3136 1066 3206 ut
1129 3137 1314 3207 sunt
1356 3134 1912 3210 essentialiter
1969 3134 2291 3208 distinc-

750 3252 896 3332 tae;
963 3250 1133 3323 sive
1190 3251 1607 3327 distinctio
1679 3252 2135 3345 accipiatur
2178 3273 2295 3322 sc-

752 3369 1093 3441 cundum
1157 3370 1525 3461 regulam
1604 3370 2092 3463 generalem,
2206 3372 2292 3442 ut

752 3506 932 3556 cum
1020 3485 1386 3568 dicimuS,
1480 3487 1685 3579 quod
1763 3488 2032 3558 decem
2104 3489 2291 3559 sunt

750 3619 1051 3689 genera
1127 3603 1958 3678 praedicamentorum
2029 3631 2043 3674 ε
2121 3602 2291 3675 sive

747 3717 1204 3810 accipiatur
1254 3720 1397 3791 illa
1447 3720 1857 3793 distinctio
1893 3721 1971 3792 in
2014 3721 2289 3791 codem

749 3852 1044 3923 genere
1105 3836 1597 3928 praedicabili
1672 3838 2103 3910 secundum
2154 3856 2289 3908 nu-

749 3974 1063 4025 merum
1125 3962 1512 4044 generum
1597 3954 2286 4034 subalternorum,

749 4073 828 4142 et
855 4069 1313 4161 specierum
1342 4070 2126 4162 specialissimarum
2157 4097 2170 4139 :
2204 4073 2290 4142 ut

748 4205 931 4257 cum
977 4186 1345 4268 dicimus
1398 4188 1603 4278 quod
1646 4186 1915 4269 homo,
1982 4187 2285 4267 asinus

748 4303 827 4371 et
897 4301 1047 4384 leo,
1155 4308 1343 4377 sunt
1433 4307 1604 4375 tres
1694 4304 2001 4395 species
2075 4331 2087 4373 ;
2165 4303 2289 4373 vel

751 4416 1055 4499 albedo,
1110 4423 1188 4491 et
1236 4418 1556 4502 rubedo,
1587 4422 1664 4491 et
1709 4420 2064 4511 nigredo,
2105 4424 2291 4493 sunt

750 4535 923 4605 tres
1007 4535 1315 4627 species
1387 4562 1400 4605 ε
1465 4537 1590 4608 vel
1669 4558 1851 4609 cum
1920 4535 2286 4617 dicimus,

755 4648 989 4732 linea,
1038 4650 1534 4743 superficies,
1574 4655 1651 4723 et
1712 4673 2036 4745 corpus,
2104 4656 2292 4726 sunt

750 4769 923 4838 tres
985 4768 1317 4858 species.
1389 4772 1486 4841 Et
1548 4769 1825 4841 eodem
1898 4770 2131 4840 modo
2215 4769 2291 4841 in

752 4881 1109 4973 quolibet
1161 4903 1452 4974 genere
1487 4905 1765 4957 omnes
1801 4885 2112 4977 species
2146 4905 2290 4956 nu-

753 5004 1179 5073 merantur
1210 5020 1547 5074 numero
1582 5004 1944 5083 essentiali,
1974 5000 2291 5093 quinon

751 5117 962 5189 addit
1020 5116 1319 5209 aliquid
1363 5118 1825 5191 absolutum
1870 5138 2114 5211 super
2162 5139 2289 5191 res

748 5237 1247 5315 numerataS,
1316 5234 1525 5308 sicut
1584 5256 1728 5307 nec
1783 5237 2076 5318 unitas,
2136 5258 2293 5330 qua

751 5349 1159 5441 quodlibet
1197 5349 1273 5420 in
1331 5373 1476 5421 suo
1519 5371 1813 5443 genere
1855 5358 1978 5425 est
2012 5374 2284 5438 unum,

750 5466 960 5538 addit
997 5466 1292 5558 aliquid
1327 5489 1572 5560 super
1605 5468 1826 5540 illam
1867 5491 2061 5540 rem.

836 5582 1054 5655 Unde
1107 5582 1315 5657 sicut
1351 5584 1427 5655 in
1471 5606 1762 5677 genere
1815 5587 2288 5661 substantife

1919 395 2018 467 DE
2066 403 2330 469 RERUM
2374 399 2766 466 PRINClPlO

2396 564 2697 645 unitas,
2761 583 2918 656 qua
2998 584 3131 637 res
3207 560 3640 637 secundum
3713 584 3908 639 suam

2400 680 2939 753 substantiam
3007 684 3129 755 est
3219 701 3400 763 una,
3463 681 3664 754 nibil
3730 684 3913 758 addit

2400 800 2891 879 absolutum,
2958 800 3089 870 sed
3187 798 3447 871 solam
3536 800 3913 875 rationem

2401 937 2648 1008 super
2713 917 3252 991 substantiam
3310 917 3566 990 solam
3604 918 3722 990 rei
3762 945 3775 988 ε
3818 920 3915 992 sic

2400 1032 2699 1114 unitas,
2767 1054 2920 1127 qua
2979 1032 3146 1105 hacc
3207 1036 3507 1105 natura
3566 1037 3690 1108 est
3758 1055 3915 1117 una,

2401 1153 2480 1234 et
2540 1148 2708 1223 haec
2764 1149 3039 1222 albedo
3100 1153 3223 1223 est
3278 1170 3458 1233 una,
3496 1153 3576 1222 et
3617 1151 3778 1225 haec
3820 1172 3919 1224 re·

2399 1265 2599 1337 latio
2672 1270 2794 1339 est
2867 1288 3050 1349 una,
3119 1271 3196 1340 et
3244 1267 3358 1340 sic
3406 1268 3496 1339 de
3532 1269 3765 1341 rebus
3811 1291 3922 1343 cu-

2395 1383 2731 1476 juslibet
2793 1383 3141 1475 generis,
3215 1383 3419 1457 nihil
3486 1385 3922 1458 absolutum

2403 1499 2615 1573 addit
2652 1521 2898 1594 super
2934 1500 3477 1573 substantiam
3521 1501 3740 1575 illius
3793 1504 3918 1575 rei.

2405 1621 2504 1690 Et
2566 1618 2756 1709 quia
2829 1619 3037 1696 sicut
3099 1643 3184 1693 se
3242 1618 3480 1692 habet
3541 1620 3805 1692 unitas
3843 1620 3924 1692 ad

2406 1736 2845 1827 quamlibet
2891 1758 3062 1811 rem
3111 1740 3655 1820 numeratam,
3705 1735 3813 1810 sic
3852 1758 3924 1807 sc

2403 1853 2639 1926 habet
2673 1874 3061 1927 numerus
3106 1854 3609 1948 compositus
3641 1874 3742 1927 ex
3782 1853 3927 1925 illis

2405 1968 2853 2043 unitatibus
2888 1971 2982 2042 ad
3026 1991 3157 2042 res
3208 1971 3685 2042 numeratas
3727 1969 3926 2041 :ideo

2403 2107 2792 2159 numerus
2852 2087 3342 2170 essentialiS,
3411 2108 3566 2181 quo
3632 2109 3763 2161 res
3810 2107 3930 2158 nu-

2406 2207 2779 2277 meratur
2823 2202 2898 2274 in
2940 2226 3085 2276 suo
3134 2224 3458 2296 genere,
3518 2204 3933 2276 secundum

2404 2341 2835 2393 numerum
2870 2322 3446 2404 essentiarum,
3484 2322 3654 2395 sive
3681 2341 3935 2394 secun-

2402 2437 2587 2509 dum
2630 2457 3059 2511 numerum
3112 2439 3713 2512 individuorum
3753 2436 3936 2510 nihil

2404 2555 2617 2630 addit
2660 2577 2905 2649 super
2947 2578 3079 2629 res
3121 2560 3596 2629 numeratas
3641 2554 3937 2628 absolu-

2403 2673 2604 2752 tum,
2696 2671 2828 2743 sed
2897 2672 3158 2744 solam
3224 2671 3656 2745 rationem.
3733 2670 3939 2745 Sicut

2406 2788 2677 2861 unitas
2763 2788 2957 2862 dicit
3035 2789 3283 2862 aliam
3363 2789 3775 2862 rationem
3856 2786 3942 2859 ab

2404 2911 2630 2989 ente;
2707 2928 2837 2980 res
2899 2911 3170 2981 autem
3234 2907 3590 2979 omnium
3668 2903 3939 2980 Praedi-

2405 3028 2997 3106 camentorum,
3101 3023 3578 3114 inquantum
3662 3022 3943 3095 habent

2408 3140 2948 3231 quantitatem
2994 3139 3468 3214 continuam
3527 3138 3756 3213 ultra
3812 3156 3943 3211 nu·

2408 3280 2721 3331 merum
2798 3258 3343 3340 essentialem,
3421 3279 3577 3349 quo
3652 3257 3735 3330 in
3811 3275 3944 3327 suo

2405 3395 2699 3466 genere
2770 3380 3333 3457 numerantur,
3398 3379 3477 3448 et
3549 3371 3949 3466 recipiunt

2403 3492 2908 3573 divisionem,
2957 3496 3044 3565 ut
3088 3496 3274 3565 sunt
3316 3490 3463 3562 sub
3497 3490 3948 3582 quantitate

2406 3609 2815 3690 continui,
2935 3610 3368 3682 secundum
3472 3609 3951 3681 divisionem

2406 3725 2892 3818 quantitatis
2964 3724 3408 3807 continuae;
3459 3728 3545 3798 ut
3601 3728 3782 3798 tres
3822 3722 3953 3793 ho-

2408 3843 2690 3924 mines,
2734 3843 2862 3915 vel
2916 3842 3079 3917 tria
3122 3842 3368 3933 ligna,
3432 3841 3558 3914 vel
3624 3845 3802 3916 tres
3852 3837 3952 3911 al-

2404 3958 2749 4041 bedines,
2794 3979 2953 4031 non
2990 3959 3253 4031 solum
3296 3957 3799 4037 dividuntur,
3835 3952 3955 4026 vel

2403 4074 3043 4165 distinguuntur,
3120 4073 3539 4156 divisione,
3612 4074 3747 4146 vel
3815 4071 3955 4145 dis-

2405 4190 2799 4263 tinctione
2897 4189 3341 4271 essentiali,
3460 4191 3593 4262 sed
3711 4188 3954 4261 etiam

2407 4307 2839 4378 secundum
2932 4306 3542 4379 distinctionem
3644 4300 3958 4397 quanti·

2406 4423 2602 4497 tatis
2680 4424 3109 4504 continuae,
3195 4422 3512 4496 ratione
3584 4419 3956 4495 materiae

2407 4541 2893 4631 quantitatis
2980 4540 3411 4622 continuae,
3498 4560 3749 4632 quam
3832 4536 3961 4607 ha-

2403 4656 2615 4737 bent,
2653 4657 2777 4727 vel
2824 4658 2900 4728 in
2946 4678 3099 4749 qua
3136 4660 3346 4730 sunt.

2492 4775 2592 4846 Et
2628 4773 2742 4845 sic
2780 4794 2907 4844 res
2961 4773 3315 4845 aliorum
3360 4771 3960 4844 Praedicamen-

2403 4893 2678 4962 torum
2732 4911 2777 4961 a
2838 4890 3336 4972 Quantitate,
3409 4890 3965 4961 numerantur

2402 5005 2700 5098 duplici
2772 5027 3140 5089 numero,
3227 5005 3542 5079 scilicet
3609 5021 3960 5076 numero

2403 5124 2848 5206 essentiali,
2923 5123 3056 5215 qui
3125 5123 3325 5196 nihil
3406 5123 3622 5196 addit
3711 5139 3963 5215 supra

2409 5262 2537 5311 res
2591 5244 3065 5313 numeratas
3106 5265 3119 5309 :
3158 5241 3367 5313 sicut
3400 5260 3545 5311 nec
3595 5239 3963 5313 unitates

2407 5357 2624 5430 illius
2694 5357 3039 5437 numeri,
3113 5357 3299 5449 quia
3344 5357 3965 5450 componuntur

2403 5496 2500 5546 cx
2576 5473 3026 5547 unitatibus
3099 5495 3272 5565 quae
3357 5475 3967 5547 convertuntur

2402 5613 2584 5665 cum
2667 5596 2850 5666 ente
2916 5596 2997 5664 et
3084 5591 3541 5665 substantia
3620 5589 3777 5663 rei.
3861 5588 3964 5664 ut

4080 4783 4134 4835 22
