4252 6393
120 3918 319 4007 obje‘ctio.

113 4916 291 4976 Solatia.

1707 402 2073 478 QUAESTlo
2120 405 2256 466 xiv

384 587 463 638 se
510 564 760 640 habet
821 565 1223 658 majorem
1288 563 1929 639 unctuositatem

381 683 704 758 caeteris
747 684 1110 776 paribus,
1185 683 1433 756 altius
1497 686 1766 776 potest
1811 702 1931 753 as-

381 800 741 872 cendere.

494 918 863 989 Secunda
913 937 1188 1000 causa,
1256 917 1446 1009 quia
1515 918 1931 992 exhalatio

384 1036 705 1109 ratione
742 1056 907 1109 suae
949 1035 1562 1128 compactitatis
1613 1038 1738 1108 est
1772 1057 1932 1109 ma·

385 1154 508 1242 gis
543 1151 956 1225 retentiva
989 1150 1319 1233 caloris,
1358 1171 1601 1243 quam
1642 1172 1926 1246 vapor,

383 1291 565 1346 eum
615 1291 880 1364 vapor
930 1270 1036 1344 sit
1073 1269 1340 1342 minus
1398 1275 1926 1364 compactus;

385 1389 618 1462 modo
653 1392 960 1480 quanto
982 1387 1285 1479 aliquid
1310 1388 1613 1462 diutius
1633 1388 1932 1462 retinet

378 1507 780 1585 calorem,
835 1510 1065 1580 tanto
1117 1505 1423 1579 diutius
1498 1511 1769 1600 potest
1811 1528 1932 1579 as-

385 1624 753 1702 cendere,
788 1626 871 1695 et
913 1644 1060 1716 per
1110 1644 1612 1715 consequens
1653 1623 1928 1696 altius.

465 1740 751 1813 Tertia
801 1760 1075 1819 causa,
1124 1739 1312 1831 quia
1344 1738 1757 1814 exhalatio
1800 1739 1932 1812 ha-

380 1858 509 1931 bet
550 1858 753 1930 duas
789 1856 1232 1949 qualitates
1276 1855 1689 1948 symbolas
1748 1877 1930 1930 cum

384 1973 589 2065 igne,
618 1975 757 2066 qui
784 1973 1025 2047 habet
1050 1973 1928 2053 altissimeascendere,

382 2091 700 2164 scilicet
771 2091 1301 2170 caliditatem,
1358 2094 1438 2163 et
1474 2090 1933 2164 siccitatem

381 2209 477 2281 ab
530 2208 700 2287 illo,
769 2229 817 2279 a
852 2229 1006 2300 quo
1036 2207 1409 2280 elevatur
1445 2231 1459 2287 ;
1500 2208 1632 2278 sed
1674 2226 1936 2299 vapor

382 2324 626 2397 habet
649 2344 895 2396 unam
915 2324 1174 2396 solam
1209 2323 1693 2416 qualitatem
1722 2342 1934 2414 sym-

380 2441 677 2522 bolam,
700 2441 1017 2515 scilicet
1037 2460 1375 2534 parvam
1390 2439 1920 2513 caliditatem.

480 2560 801 2639 Quarta
872 2575 1121 2628 causa
1179 2559 1329 2637 est,
1396 2555 1585 2647 quia
1640 2574 1929 2646 vapor,

382 2672 761 2764 quamvis
822 2672 931 2745 sit
980 2670 1332 2745 materia
1375 2670 1639 2762 magis
1690 2669 1933 2742 subti-

381 2790 504 2871 lis,
556 2795 838 2864 tamen
877 2788 1238 2861 faciliter
1281 2792 1406 2861 est
1466 2786 1931 2859 resolubilis

376 2925 425 2978 a
464 2906 787 2978 modico
829 2905 1133 2986 calore,
1191 2909 1535 2998 propter
1589 2905 1714 2977 sui
1758 2906 1931 2978 sub-

378 3025 800 3103 tilitatem,
846 3027 927 3096 et
980 3021 1339 3096 faciliter
1386 3028 1512 3097 est
1562 3026 1931 3114 congela-

374 3143 564 3217 bilis
607 3163 657 3214 a
709 3140 1025 3215 modico
1083 3141 1439 3232 frigore;
1500 3141 1669 3214 ideo
1714 3148 1931 3218 ante-

378 3281 623 3353 quam
671 3258 1096 3350 perveniat
1128 3258 1223 3330 ad
1257 3259 1526 3332 locum
1569 3260 1929 3352 superio-

378 3377 494 3448 ris
563 3374 934 3466 regionis
995 3374 1240 3455 aeris,
1286 3376 1737 3449 resolvitur
1789 3398 1932 3469 per

375 3493 748 3566 calorem
805 3489 1041 3570 Solis,
1109 3491 1238 3562 vel
1315 3492 1800 3582 congelatur
1851 3492 1931 3564 in

376 3626 681 3699 aquam
732 3628 879 3701 per
939 3607 1502 3698 frigiditatem,
1592 3628 1752 3680 non
1817 3613 1929 3681 ta·

377 3744 563 3796 men
606 3728 736 3798 est
779 3725 893 3799 sic
925 3725 1017 3798 de
1057 3726 1600 3800 exhalatione.

483 3845 594 3917 Et
651 3842 721 3914 si
791 3843 1254 3936 objiciatur,
1320 3844 1508 3935 quia
1565 3844 1930 3917 videmus

377 3962 591 4053 quod
666 3961 748 4032 in
798 3961 980 4034 istis
1040 3961 1567 4034 inferioribus
1630 3962 1744 4035 ita
1796 3962 1929 4034 diu

372 4079 628 4170 durat
672 4078 906 4170 ignis,
964 4080 1341 4170 quamdiu
1391 4080 1632 4153 durat
1675 4079 1930 4152 humi-

371 4198 562 4270 dum
599 4194 688 4267 in
727 4196 932 4288 quod
973 4196 1146 4287 agit
1182 4222 1196 4277 ;
1263 4196 1520 4287 igitur
1565 4217 1749 4270 cum
1798 4217 1930 4268 va-

372 4335 529 4408 por
574 4313 1128 4397 sit,humidus,
1167 4320 1247 4390 et
1280 4313 1694 4387 exhalatio
1742 4335 1926 4396 non,

373 4434 761 4526 sequitur
818 4433 1021 4525 quod
1054 4433 1286 4505 calor
1325 4432 1627 4506 diutius
1662 4436 1932 4525 potest

372 4571 867 4642 permanere
900 4550 984 4622 in
1015 4571 1345 4644 vapore,
1402 4570 1640 4642 quam
1678 4549 1755 4621 in
1806 4570 1932 4620 ex-

372 4665 828 4749 halatione,
865 4673 945 4743 et
978 4689 1124 4761 per
1147 4688 1650 4760 consequens
1675 4686 1936 4760 vapor

379 4784 642 4858 altius
674 4784 1172 4858 ascenderet.

467 4899 592 4974 Ad
638 4900 853 4973 istud
900 4900 1076 4972 dico
1140 4901 1345 4992 quod
1393 4899 1763 4992 quamvis
1802 4922 1934 4972 va·

380 5038 537 5115 por
561 5018 674 5090 sit
699 5016 961 5108 magis
980 5016 1380 5098 humidus,
1402 5022 1673 5090 tamen
1699 5038 1934 5110 prop-

379 5139 512 5206 ter
555 5133 686 5205 sui
724 5134 1264 5208 subtilitatem
1297 5138 1421 5206 est
1455 5132 1780 5205 facilius
1815 5154 1934 5204 re-

382 5248 763 5323 solubilis
834 5250 914 5321 in
956 5270 1256 5331 aerem,
1310 5250 1434 5322 vel
1479 5248 1932 5340 congelabi-

379 5366 479 5439 lis
555 5367 642 5442 in
723 5386 1040 5459 aquam,
1126 5367 1298 5440 ideo
1376 5387 1534 5438 non
1605 5371 1931 5459 oportet

383 5485 593 5575 quod
627 5483 1325 5567 diutiusretineat
1384 5484 1767 5557 calorem.
1819 5483 1929 5556 Si-

387 5600 700 5685 militer
727 5600 904 5686 dico
929 5601 1135 5712 quod
1156 5599 1571 5691 exhalatio
1612 5621 1772 5684 non
1803 5621 1927 5688 car

3498 415 3576 477 73

2046 570 2173 639 ret
2222 567 2367 640 tali
2426 568 2933 654 humiditate,
2999 592 3185 644 nam
3237 593 3421 646 cum
3479 574 3586 651 sit

2044 685 2625 775 quodammodo
2668 694 2937 774 tenax,
2964 695 3088 765 est
3120 690 3231 763 ibi
3253 690 3587 765 humidi-

2043 804 2172 873 tas
2205 804 2692 878 continuans
2729 813 3030 900 partes,
3086 815 3168 884 et
3218 809 3390 882 ideo
3426 816 3585 885 ter·
3653 856 3672 863 -

2047 940 2140 992 ra
2177 941 2380 1012 pura
2415 922 2483 995 si
2536 943 2680 1016 per
2708 945 2792 996 se
2833 922 3074 1011 esset,
3127 927 3455 1000 caderet
3507 926 3587 1000 in

2042 1035 2486 1126 pulverem.

2131 1153 2408 1227 Tertio
2457 1158 2921 1238 notandum,
2988 1158 3194 1249 quod
3247 1158 3583 1251 impres-

2044 1269 2315 1342 siones
2350 1271 2652 1361 ignitae,
2715 1294 2888 1365 quae
2939 1281 3444 1365 generantur
3484 1299 3584 1350 ex

2043 1387 2566 1464 exhalatione
2595 1392 2856 1464 calida
2887 1398 2966 1467 et
3001 1394 3220 1467 sicca
3254 1402 3586 1469 unctuo-

2046 1525 2161 1585 sa,
2209 1511 2395 1580 sunt
2432 1508 2690 1580 stellae
2724 1514 3095 1592 eomatae,
3153 1513 3412 1585 stellae
3463 1534 3586 1586 ca-

2044 1622 2347 1705 denteS,
2371 1645 2642 1717 caprae
2668 1626 3092 1709 saltantes,
3130 1628 3430 1712 hiatuS,
3458 1651 3588 1701 vo-

2048 1737 2403 1827 ragines,
2462 1761 2636 1833 quae
2687 1743 2891 1817 fiunt
2943 1764 3087 1837 per
3147 1743 3588 1819 inflamma-

2048 1852 2377 1939 tionem,
2413 1862 2493 1931 et
2533 1859 2781 1932 etiam
2841 1863 3457 1936 coruscationes
3512 1863 3591 1934 in

2048 1972 2412 2056 nubibus,
2460 1980 2539 2049 et
2566 1977 2741 2051 istae
2768 1978 3349 2071 impressiones
3380 1980 3591 2055 diffe-

2051 2096 2241 2165 runt
2293 2094 2550 2183 quoad
2611 2094 2813 2175 loca,
2875 2095 2954 2167 in
3026 2096 3311 2188 quibus
3362 2117 3590 2190 gene-

2051 2209 2387 2288 rantur;
2432 2227 2620 2279 nam
2664 2208 2732 2279 si
2762 2204 3129 2284 elevetur
3176 2210 3589 2285 exhalatio

2050 2343 2303 2416 prope
2345 2323 2612 2414 ignem
2676 2325 2755 2397 in
2806 2328 3218 2419 superiori
3261 2328 3593 2419 regione

2049 2439 2269 2511 aeris
2321 2441 2400 2513 in
2453 2462 2749 2534 magna
2809 2444 3348 2527 multitudine,
3400 2450 3590 2521 tunc

2047 2558 2137 2630 fit
2180 2559 2419 2631 stella
2467 2565 2829 2642 comata;
2906 2564 3038 2635 sed
3097 2563 3167 2635 si
3226 2563 3595 2637 elevetur

2049 2695 2195 2768 per
2245 2697 2329 2747 se
2352 2697 2605 2768 usque
2636 2679 2731 2750 ad
2765 2679 3239 2752 inferiorem
3274 2685 3590 2773 partem

2049 2794 2505 2885 superioris
2542 2796 2926 2886 regionis,
2974 2802 3163 2871 tunc
3206 2816 3592 2887 generan-

2049 2914 2188 2983 tur
2269 2910 2446 2983 inde
2515 2912 2772 2985 stellae
2848 2914 3249 2996 cadentes,
3323 2935 3593 3006 caprae

2049 3025 2446 3102 saltantes
2474 3052 2489 3109 ;
2529 3030 2660 3102 sed
2687 3031 2756 3103 si
2779 3051 2939 3104 non
2971 3032 3339 3104 elevetur
3371 3033 3594 3106 ultra

2048 3142 2389 3216 mediam
2426 3146 2870 3238 regionem,
2902 3148 3035 3220 sed
3069 3148 3147 3221 in
3182 3147 3440 3222 media
3477 3170 3594 3222 re-

2046 3259 2288 3349 gione
2359 3261 2825 3338 includatur
2897 3264 3092 3339 inibi
3150 3271 3342 3339 tunc
3389 3268 3594 3341 fiunt

2045 3379 2688 3451 coruscationes.
2762 3382 2997 3455 Patet
3060 3381 3319 3474 igitur
3350 3405 3448 3454 ex
3492 3384 3595 3455 is-

2046 3492 2153 3566 tis
2212 3493 2395 3585 quid
2448 3495 2556 3569 sit
2617 3497 3058 3578 exhalatio,
3141 3498 3405 3589 qualis
3454 3500 3585 3580 sit,

2047 3631 2222 3702 quae
2258 3612 2418 3686 sint
2468 3633 2735 3686 causae
2784 3619 2864 3687 et
2915 3614 3250 3689 effectus
3302 3615 3584 3708 ipsius,

2044 3732 2125 3801 et
2160 3730 2553 3819 quomodo
2585 3730 2856 3804 differt
2898 3752 2945 3803 a
2977 3751 3308 3823 vapore,
3342 3751 3587 3822 quan·

2046 3847 2218 3916 tum
2278 3846 2373 3917 ad
2425 3846 2576 3919 hoc
2646 3849 2850 3939 quod
2905 3847 3155 3921 altius
3207 3849 3590 3922 ascendat

2046 3981 2286 4053 quam
2328 3984 2612 4057 vapor.
2657 3965 2875 4037 Tunc
2929 3968 3345 4058 ponuntur
3407 3985 3588 4038 con-

2043 4081 2453 4154 clusiones
2497 4110 2512 4153 z

2136 4199 2413 4272 Prima
2447 4206 2595 4282 est,
2646 4203 2849 4293 quod
2883 4223 3029 4295 per
3088 4203 3346 4274 solam
3407 4225 3901 4281 con-eonozmo

3425 4343 3428 4348 ,
3612 4293 3656 4341 1.
3686 4292 3921 4353 Impres-

3265 4340 3425 4392 ΠΟΠ
3460 4342 3588 4413 po*
3609 4357 3687 4404 sio
3749 4353 3923 4417 iynita

3615 4418 3755 4465 unde
3763 4429 3927 4478 ,qem-

3617 4488 3786 4529 retur.

2045 4314 2567 4390 fricationem
2600 4319 2961 4411 partium
3006 4320 3223 4392 aeris

2046 4436 2209 4506 test
2229 4435 2609 4524 generari
2633 4434 3067 4527 impressio
3092 4437 3374 4527 ignita.
3405 4439 3591 4509 Pro·

2045 4548 2312 4632 batur,
2353 4549 2541 4641 quia
2586 4551 2809 4623 nulla
2854 4552 3288 4645 impressio
3333 4552 3593 4644 ignita

2049 4665 2356 4759 poterit
2387 4668 2770 4757 generari
2812 4669 2983 4741 sine
3026 4670 3593 4744 inflammatio-

2049 4802 2171 4863 ne,
2220 4783 2356 4855 sed
2415 4803 2561 4877 per
2605 4784 2865 4856 solam
2915 4786 3594 4859 confricationem

2049 4900 2269 4972 aeris
2301 4921 2461 4972 non
2496 4906 2768 4995 potest
2803 4903 2985 4975 fieri
3021 4902 3589 4984 inflammatio;

2051 5015 2336 5107 igitur,
2383 5022 2535 5091 etc.
2585 5020 2854 5110 Major
2897 5025 3121 5113 patet
3166 5042 3311 5113 per
3376 5021 3597 5093 Aris-

2050 5133 2388 5206 totelem
2415 5135 2497 5206 in
2520 5135 2668 5207 hoc
2693 5134 2984 5227 prim0,
3026 5137 3159 5208 ubi
3191 5137 3365 5211 vult
3392 5138 3598 5229 quod

2050 5269 2330 5322 omnes
2392 5251 2980 5343 impressiones
3057 5254 3334 5343 ignitae
3393 5253 3597 5327 fiunt

2048 5386 2195 5458 per
2222 5366 2970 5442 inflammationem.
3021 5374 3121 5444 Et
3156 5371 3427 5443 minor
3470 5391 3599 5463 pa-

2046 5488 2189 5565 tet,
2238 5485 2426 5577 quia
2479 5485 3015 5561 inflammatio
3062 5509 3224 5561 non
3272 5487 3362 5561 fit
3426 5488 3598 5559 sine

2045 5603 2394 5681 materia
2429 5604 2837 5698 grossiori
2877 5627 3115 5709 quam
3159 5605 3267 5698 ὃὶΐι
3306 5625 3474 5700 ΜΨ,
3522 5610 3601 5692 eb
