4252 6393
1743 380 2115 458 QuAEsrlo
2163 384 2296 448 xxi
3472 372 3579 457 1'03

50 599 51 618 ,
101 541 455 610 ”emim-et
497 537 1005 630 parvitatem
1052 565 1066 609 :
1115 558 1302 610 nam
1333 538 1928 613 diversitasilla
2033 541 2222 613 dum
2268 544 2476 634 quod
2547 547 3021 640 quandoque
3089 551 3336 623 nubes
3397 574 3579 626 con-

50 633 51 642 *
383 660 648 748 potest
677 656 1117 748 provenire
1141 678 1237 728 ex
1263 661 1500 749 parte
1527 658 1921 740 materiae,
2034 659 2399 732 vertitur
2456 664 2634 734 tota
2705 663 2945 736 simul
3008 665 3089 737 in
3130 686 3450 759 aquam,
3499 673 3579 744 et

377 771 563 865 quia
608 772 679 846 si
725 773 1084 846 materia
1117 773 1223 846 sit
1274 777 1547 856 tenax,
1602 779 1683 848 et
1739 795 1923 847 unc-
2037 780 2227 849 tunc
2256 776 2344 848 fit
2379 797 2675 866 magna
2703 779 3577 878 inundatiosuperpar-

374 893 637 972 tuosa,
678 894 873 964 tunc
917 890 1487 978 caduntguttae
1530 890 1916 982 majores,
2035 895 2197 965 tem
2243 896 2517 975 terrae,
2565 894 2644 966 in
2689 917 2845 987 qua
2887 897 3099 971 cadit
3136 922 3151 979 ;
3196 904 3276 972 et
3333 923 3576 992 quan-

374 1027 615 1100 quam
672 1007 745 1079 si
807 1005 1104 1100 pluviae
1177 1011 1395 1079 essct
1465 1007 1918 1081 admixtum
2028 1009 2287 1101 doque
2328 1010 2577 1081 nubes
2618 1015 3137 1088 convertitur
3177 1019 3572 1109 paulatim

371 1128 1127 1206 siccumterrestre,
1149 1123 1322 1197 ideo
1353 1128 1478 1197 est
1516 1124 1725 1216 quod
1743 1129 1916 1216 gut·
2032 1124 2109 1196 in
2152 1146 2477 1218 aquam,
2522 1133 2604 1201 et
2645 1150 2826 1201 cum
2874 1129 3024 1204 hoc
3092 1133 3458 1208 defertur
3526 1159 3573 1209 a

369 1241 909 1317 taedifficilius
942 1240 1915 1315 dividunturrationevis-
2026 1245 2295 1323 vento,
2343 1247 2422 1316 et
2459 1247 2648 1316 tunc
2685 1244 2953 1317 minus
2997 1248 3238 1322 durat
3295 1253 3572 1343 pluvia

366 1360 778 1434 cositatis.
840 1359 1228 1442 Secunde,
1312 1359 1688 1451 provenit
1768 1378 1914 1450 per
2027 1360 2659 1450 supereamdem
2714 1366 3032 1453 partem
3089 1369 3361 1449 terrae,
3412 1368 3570 1441 nisi

366 1496 644 1566 agenS,
730 1477 901 1549 sive
978 1497 1076 1548 ex
1139 1480 1372 1568 parte
1455 1475 1659 1566 eJus,
1721 1495 1910 1547 nam
2021 1476 2406 1548 continue
2497 1498 2850 1570 vapores
2947 1483 3408 1566 ascendant,
3490 1492 3569 1561 et

363 1615 545 1666 cum
630 1593 1018 1685 frigidum
1082 1592 1589 1665 ‘condensans
1660 1592 1910 1667 fuerit
2021 1598 2549 1682 augmentent
2590 1594 2905 1678 nubem,
2945 1583 3245 1689 quia‘si
3281 1601 3396 1673 sic
3428 1622 3566 1674 nu·

364 1710 911 1783 fortificatum
981 1713 1062 1782 et
1097 1711 1504 1783 intensum
1568 1713 1908 1801 propter
2017 1706 2156 1778 bes
2216 1714 2817 1798 augmentetur,
2854 1718 3045 1786 tunc
3099 1716 3374 1808 pluvia
3433 1719 3564 1790 du-

159 4770 182 4819 7

356 1827 881 1901 contrarium
943 1827 1456 1900 circumdans
1501 1848 1646 1925 per
1703 1825 1905 1898 anti·

360 1945 833 2039 peristasin,
856 1949 1047 2017 tunc
1089 1948 1899 2038 caduntgrossioreS,

356 2082 600 2154 quam
634 2063 952 2153 quando
992 2062 1377 2153 frigidum
1443 2085 1605 2137 non
1656 2065 1904 2140 fuerit

354 2178 901 2252 fortificatum
962 2199 1010 2250 a
1078 2181 1511 2255 contrario
1556 2181 1902 2255 circum-

352 2295 619 2368 dante.
679 2295 986 2376 Tertio,
1062 2298 1440 2389 provenit
1504 2320 1601 2370 ex
1673 2302 1896 2371 motu

358 2411 628 2491 locali,
690 2432 878 2484 nam
931 2414 1404 2506 quandoque
1465 2420 1717 2506 guttae
1776 2437 1900 2486 su-

358 2528 732 2620 periores
793 2528 1155 2602 velocius
1218 2532 1512 2605 cadunt
1574 2531 1652 2603 in
1707 2530 1899 2604 infe-

354 2645 748 2725 rioribus,
794 2650 1138 2738 propter
1177 2649 1576 2740 majorem
1630 2648 1897 2739 gravi-

352 2767 638 2841 tatem,
693 2767 776 2834 et
805 2763 1325 2854 conjungunt,
1354 2787 1437 2835 se
1481 2766 1737 2854 guttis
1788 2766 1896 2839 in-

351 2879 821 2959 ferioribus,
865 2884 946 2954 et
986 2881 1279 2955 cadunt
1312 2881 1804 2973 grossiores.

434 2999 541 3069 Et
608 3001 911 3087 quarto
978 2998 1353 3090 provenit
1403 3021 1499 3071 ex
1546 3002 1725 3073 loco
1768 3022 1894 3094 ge-

344 3114 831 3196 nerationis,
867 3133 962 3186 eo
996 3116 1201 3207 quod
1253 3116 1727 3210 quandoque
1769 3137 1893 3191 ca-

342 3231 482 3311 dit,
513 3235 596 3303 et
641 3236 1091 3320 generatur
1134 3234 1397 3323 magis
1432 3234 1621 3316 alte,
1673 3240 1760 3309 ut
1813 3236 1891 3309 in

346 3346 611 3417 media
659 3346 993 3435 regione
1026 3348 1269 3429 aeris,
1306 3352 1386 3420 et
1420 3350 1891 3443 quandoque

344 3462 619 3535 minus
660 3464 851 3545 alte,
890 3464 1101 3537 sicut
1136 3464 1352 3537 infra
1386 3467 1755 3550 mediam,
1808 3473 1889 3542 et

338 3578 528 3659 hoc,
582 3579 901 3670 quando
958 3600 1222 3673 vapor
1290 3582 1787 3674 propellitur
1842 3604 1891 3655 a

336 3696 670 3787 frigido.
718 3697 1118 3770 Similiter
1157 3700 1907 3790 generaturmagis'

338 3812 416 3883 in
465 3833 636 3884 una
680 3817 912 3905 parte
967 3817 1239 3895 terrae,
1296 3835 1537 3906 quam
1591 3815 1670 3886 in
1725 3817 1889 3888 alia

338 3928 613 4018 magis
656 3933 827 4001 tum
870 3950 1161 4002 versus
1196 3931 1880 4023 Septentrionem,

340 4066 588 4136 quam
642 4065 894 4139 prope
942 4047 1363 4129 Austrum,
1440 4047 1520 4120 in
1598 4049 1884 4140 quibus

339 4168 688 4255 propter
732 4161 1272 4235 intensionem
1335 4164 1642 4237 caloris
1703 4187 1885 4239 con-

338 4278 744 4351 sumentis
834 4280 1294 4363 materiam,
1371 4285 1450 4354 et
1546 4289 1886 4377 propter

340 4394 843 4486 paucitatem
915 4396 1311 4478 materiae,
1397 4417 1591 4469 raro
1682 4400 1884 4475 fiunt

343 4511 664 4603 pluvias,
703 4511 915 4586 sicut
957 4513 1037 4585 in
1089 4517 1320 4586 terra
1365 4516 1725 4609 AEgypti,
1804 4522 1884 4592 et

342 4629 416 4699 in
451 4627 641 4700 aliis
687 4628 1156 4718 regionibus
1190 4630 1498 4703 calidis,

427 4750 745 4829 Quarto
770 4745 1182 4817 sciendum
1214 4751 1339 4819 est
1368 4747 1459 4818 de
1490 4749 1726 4820 modo
1758 4770 1883 4822 ca-

2020 1823 2233 1898 rabit
2283 1825 2643 1916 longiori
2703 1832 3095 1922 tempore.

2106 1943 2350 2016 Sexto
2427 1948 2552 2016 est
2620 1943 3028 2017 sciendum
3105 1948 3196 2019 de
3284 1950 3554 2040 figura
3642 1955 3852 2017 Μυκη

2011 2057 2550 2146 guttularum,
2605 2062 2811 2151 quod
2864 2061 3027 2135 ista
3082 2064 3349 2156 figura
3427 2073 3552 2142 est

2012 2173 2440 2265 sphaerica,
2487 2177 2721 2268 cujus
2753 2177 3045 2270 duplex
3087 2185 3211 2255 est
3271 2203 3548 2256 causa.

2009 2289 2289 2361 Prima
2384 2294 2826 2364 secundum
2941 2300 3366 2370 auctorem
3463 2301 3554 2372 de

2011 2404 2359 2498 sphaera,
2399 2408 2588 2499 quia
2636 2415 2762 2481 est
2817 2432 3121 2503 corpus
3169 2411 3554 2506 homoge—

2011 2529 2380 2604 neum,et
2437 2523 2812 2616 quaelibet
2845 2545 3037 2617 pars
3097 2528 3272 2619 ejus
3326 2536 3555 2604 natu-

2007 2636 2298 2710 raliter
2337 2639 2593 2713 tendit
2637 2640 2733 2711 ad
2774 2641 3294 2715 consimilem
3355 2645 3552 2737 figu-

2014 2773 2216 2835 ram,
2279 2754 2754 2846 inquantum
2808 2762 3101 2848 potest‚
3171 2760 3305 2832 sed
3373 2766 3551 2834 tota

2010 2889 2222 2962 aqua
2260 2876 2385 2944 ost
2417 2872 2848 2964 sphaerica,
2890 2878 2976 2947 ut
3013 2875 3305 2968 probat
3343 2878 3543 2950 idem

2004 2991 2300 3060 auctor
2338 2990 2429 3060 de
2471 2991 3087 3064 transeuntibus
3124 2993 3200 3065 in
3244 2995 3458 3076 navi,
3497 3016 3544 3066 a

2002 3101 2312 3184 littore,
2350 3110 2502 3178 otc.
2545 3108 2661 3177 Ex
2704 3129 2862 3200 quo
2899 3109 3296 3202 sequitur,
3338 3112 3545 3203 quod

2006 3218 2393 3294 similiter
2418 3227 2649 3311 gutta
2676 3244 2903 3315 aquas
2937 3225 3258 3301 habebit
3294 3228 3545 3321 sphae-

2008 3336 2444 3411 ricitatem.

2094 3454 2274 3527 Alia
2305 3477 2554 3528 causa
2594 3462 2743 3539 est,
2765 3458 2954 3549 quia
2987 3461 3254 3549 figura
3288 3462 3542 3554 sphae-

2008 3576 2207 3655 rica,
2244 3578 2369 3646 est
2409 3574 2676 3664 figura
2711 3574 2858 3646 sub
2915 3595 3071 3666 qua
3134 3597 3266 3646 res
3311 3578 3540 3651 natu-

2005 3691 2206 3765 ralis
2256 3689 2559 3763 diutius
2605 3694 2871 3783 potest
2913 3693 3539 3775 conservari,eo

2003 3809 2212 3900 quod
2245 3806 2390 3878 sub
2425 3808 2573 3880 tali
2605 3808 2874 3897 figura
2898 3808 3166 3881 virtus
3199 3809 3375 3902 ejus
3416 3813 3539 3882 est

1997 3924 2262 4015 magis
2325 3924 2574 4005 unita,
2652 3924 2823 3996 ideo
2892 3925 3257 3996 videmus
3330 3925 3539 4017 quod

1998 4063 2163 4122 ros,
2209 4046 2289 4113 et
2332 4041 2641 4130 grando
2682 4040 3237 4115 determinant·
3273 4042 3422 4114 sibi
3456 4043 3536 4114 fi-

1998 4178 2291 4248 guram
2327 4157 2852 4251 sphaerica-m
2882 4158 3536 4251 modocumquae-

1998 4275 2190 4348 libet
2227 4296 2355 4347 rcs
2387 4278 2721 4367 appetat
2747 4294 2829 4344 so
2873 4294 3379 4365 permanere,
3407 4296 3536 4367 po-

1998 4392 2161 4464 tius
2207 4390 2697 4463 determinat
2732 4390 2883 4463 sibi
2908 4390 3537 4483 figuramsphae-

1999 4508 2283 4582 ricam.

2085 4624 2364 4697 Tertia
2430 4644 2684 4696 causa
2734 4623 3347 4699 estsecundum
3409 4623 3536 4694 Al-

2001 4740 2343 4821 bertum,
2383 4742 2571 4832 quia
2590 4741 2959 4833 quamvis
3002 4761 3211 4832 aqua
3237 4740 3542 4832 pluvia-

3625 2018 3856 2083 pluvia*-

73 4829 210 4882 Μὴ
260 4856 321 4888 1⁶0
1997 4859 2095 4931 lis
2133 4857 2933 4949 genereturalterius
2956 4857 3536 4950 figurae,quam

1995 4976 2445 5067 sphaericae,
2487 4978 2761 5047 tamen
2802 4980 3195 5065 generata
3219 4975 3536 5047 descen-

1994 5090 2135 5173 dit,
2200 5089 2591 5161 volvendo
2659 5092 2740 5162 et
2804 5087 3251 5170 titubandO,
3328 5088 3536 5161 etin

1997 5207 2144 5280 tali
2193 5205 2610 5279 volutione
2673 5205 3187 5279 rotundatur.
3249 5207 3348 5277 Et
3421 5205 3533 5277 sic

1998 5328 2224 5417 patet
2246 5323 2336 5394 de
2370 5322 2915 5395 accidentibus
2949 5322 3233 5414 ipsius.

2084 5439 2199 5512 Ad
2261 5440 2650 5512 rationes.
2701 5438 2814 5512 Ad
2892 5440 3271 5531 primam,
3352 5438 3531 5511 dico
3690 5459 3738 5508 8.

1996 5557 2206 5648 quod
2234 5576 2396 5628 non
2433 5561 2759 5649 oportet
2791 5557 2999 5649 quod
3039 5556 3526 5633 elementum
3555 5522 3908 5651 ‘25¹4th

87 4896 190 4943 maa
261 4919 320 4948 q,
340 4858 825 4950 dondi,quod
867 4860 1342 4952 quandoque
1374 4861 1646 4954 pluvia
1670 4863 1885 4937 cadit

92 4957 168 5006 ²⁶⁰·
343 4975 648 5047 directe
692 4973 789 5046 ad
855 4979 1196 5057 terram,
1258 4981 1341 5050 et
1409 4979 1882 5071 quandoque

340 5090 686 5182 oblique,
723 5096 803 5163 et
837 5090 988 5164 hoc
1033 5112 1129 5163 ex
1181 5092 1516 5176 duobus,
1587 5097 1713 5167 vel
1783 5118 1881 5167 ex

335 5205 742 5281 delatione
818 5207 1053 5280 nubis
1124 5228 1270 5300 per
1316 5214 1689 5293 ventum,
1754 5213 1881 5284 vol

342 5341 485 5412 per
546 5323 979 5417 expulsum
1027 5325 1362 5417 vaporis
1419 5326 1884 5402 lateraliter

143 5512 176 5560 T
344 5457 387 5507 a
415 5438 868 5531 frigiditate
902 5441 1176 5513 mediae
1222 5442 1608 5531 regionis.

74 5530 326 5632 4ιῶἶῖιῖ
435 5560 581 5630 Sed
596 5559 691 5631 de
716 5563 1086 5650 tempore
1115 5559 1602 5641 durationis,
1632 5561 1881 5634 scien-
