4252 6393
508 1640 585 1693 10.

749 394 869 463 240
1924 399 2072 462 LlB.
2121 396 2223 462 lv,
2269 390 2820 465 METEORORUM

737 561 1336 641 convenientes,
1373 563 1454 633 et
1484 559 2079 652 corrumpendo
2100 580 2286 651 qua-

741 677 1019 753 litates
1057 676 1702 771 praeexistentes.
1751 679 1852 752 Et
1894 676 2146 751 tertio
2186 696 2285 749 ex

740 796 923 870 istis
975 816 1188 888 saepe
1230 794 1603 887 sequitur
1654 794 2082 887 corruptio
2124 793 2284 866 for-

744 935 892 987 mae
939 913 1451 1007 digestibilis,
1508 917 1589 987 et
1650 912 2074 1004 generatio
2128 911 2285 983 sor-

743 1053 893 1106 mae
963 1032 1532 1106 substantialis
1600 1029 1921 1122 digesti.
1994 1031 2097 1105 Et
2169 1028 2284 1102 sic

735 1149 1062 1223 dubium
1123 1152 1248 1221 est
1310 1146 1619 1224 multis,
1685 1166 1862 1238 quae
1934 1146 2287 1218 istarum

736 1265 1283 1341 mutationum
1304 1264 1624 1337 dicatur
1648 1262 2018 1353 digestio,
2037 1260 2287 1334 etiam

738 1383 1174 1456 secundum
1241 1379 1889 1473 descriptionem
1960 1377 2285 1471 praedic·

739 1504 910 1574 tam
944 1500 1526 1571 remanentem.

826 1617 1129 1689 Dicunt
1189 1614 1441 1706 aliqui
1502 1614 1711 1706 quod
1768 1613 1944 1685 sola
1984 1612 2283 1685 altera-

743 1734 857 1808 tio
917 1754 1102 1807 cum
1172 1732 1724 1822 generatione,
1798 1734 1878 1802 et
1945 1748 2287 1820 corrup-

741 1851 985 1931 tione,
1051 1850 1384 1943 proprie
1422 1848 1652 1921 debet
1700 1846 1854 1919 dici
1906 1846 2279 1937 digestiO.

741 1967 885 2039 Sed
956 1967 1169 2039 sorte
1225 1966 1549 2039 videtur
1609 1965 1814 2055 quod
1865 1983 2027 2035 non
2087 1963 2285 2034 bene

734 2082 1034 2165 dicunt,
1106 2087 1186 2156 et
1258 2081 1613 2175 proprie,
1691 2079 1879 2172 quia
1964 2083 2283 2151 certum

734 2204 861 2274 est
914 2201 1119 2293 quod
1160 2198 1480 2271 fruetus
1538 2201 1725 2270 ante
1799 2195 2283 2267 maturatio-

734 2338 917 2391 nem
989 2320 1175 2389 sunt
1222 2315 1484 2388 minus
1543 2312 1863 2404 digesti,
1919 2314 1999 2385 et
2073 2310 2283 2401 dige-

736 2439 1034 2510 runtur
1067 2455 1322 2526 usque
1355 2434 1450 2505 ad
1485 2430 2161 2510 maturationem;
2203 2431 2283 2500 et

735 2558 929 2627 tunc
971 2573 1131 2626 non
1170 2552 1558 2624 dicuntur
1620 2545 2002 2640 generari
2051 2566 2282 2618 novae

736 2672 1020 2745 formae
1066 2667 1681 2747 substantiales,
1729 2670 1809 2740 et
1857 2664 2281 2757 corrumpi

735 2788 1307 2881 praecedentes,
1373 2785 1561 2877 quia
1625 2782 1900 2854 eadem
1961 2781 2284 2855 ratione

735 2904 1116 2979 continue
1187 2901 1268 2975 in
1318 2899 1467 2975 tali
1530 2896 2109 2978 maturatione,
2168 2919 2281 2969 se-

733 3021 1083 3095 cundum
1146 3018 1352 3111 quod
1395 3015 1659 3106 magis
1719 3020 1798 3089 et
1850 3014 2117 3086 minus
2188 3014 2284 3086 ad

2400 560 2853 642 nutribilis;
2929 558 3044 633 sic
3133 558 3737 650 imaginandum
3811 566 3926 637 est

2401 677 2478 749 in
2538 678 2723 749 aliis
2766 677 3281 751 naturalibus
3321 678 3919 767 digestionibuS,

2398 797 2477 866 et
2539 794 2652 867 sic
2722 794 2983 866 omnis
3055 794 3441 869 alteratio
3515 796 3928 871 ordinatur

2398 908 2756 982 finaliter
2789 911 2881 981 ad
2916 910 3556 1001 generationem,
3601 913 3724 984 vel
3766 935 3928 988 cor-

2401 1026 2889 1117 ruptionem,
2938 1028 3126 1119 quia
3165 1028 3468 1101 dicitur
3509 1032 3569 1101 1.
3616 1033 3699 1098 de
3739 1035 3928 1101 Gene-

2396 1159 2527 1216 rac.
2566 1145 2632 1218 si
2677 1167 2836 1218 non
2888 1152 3014 1221 est
3067 1148 3481 1241 possibilis
3533 1154 3928 1223 transmu-

2399 1262 2604 1334 tatio
2641 1263 2719 1334 in
2754 1265 3262 1347 substantiis,
3309 1286 3453 1339 nec
3513 1271 3639 1341 est
3687 1269 3927 1360 possi-

2398 1377 2582 1449 bilis
2627 1379 2705 1450 in
2764 1381 3338 1464 accidentibus,
3393 1383 3520 1455 vel
3594 1383 3926 1475 qua-lita-

2401 1494 2639 1577 tibus,
2702 1497 2889 1587 quia
2940 1497 3259 1571 frustra
3318 1503 3592 1573 esset:
3666 1504 3929 1575 tamen

2397 1631 2494 1680 ex
2536 1609 2685 1683 hoe
2728 1631 2887 1682 non
2922 1616 3249 1705 oportet
3302 1613 3506 1704 quod
3550 1614 3928 1687 alteratio

2400 1726 2505 1798 sit
2539 1728 2988 1816 generatio,
3025 1749 3168 1801 nec
3202 1729 3575 1819 digestio,
3607 1750 3781 1821 quae
3813 1735 3930 1805 est

2398 1843 2758 1934 qumdam
2810 1844 3224 1925 alteratio,
3296 1845 3421 1916 vel
3494 1846 3771 1937 plures
3829 1847 3932 1918 al-

2400 1962 2874 2042 terationes,
2947 1983 3107 2033 non
3139 1967 3265 2036 est
3298 1968 3569 2037 tamen
3604 1983 3930 2055 genera-

2398 2079 2514 2153 tio
2568 2078 3054 2160 formaliter,
3128 2100 3271 2152 nec
3341 2080 3795 2173 corruptio,
3857 2085 3933 2156 et

2399 2196 2513 2268 sic
2547 2196 2850 2271 dicitur
2882 2196 2976 2267 ad
3021 2197 3388 2269 litteram
3429 2198 3929 2281 Aristotelis,

2396 2333 2580 2384 cum
2622 2314 2925 2387 dicitur
2980 2317 3141 2398 sinis
3196 2326 3437 2395 autem,
3502 2320 3653 2389 etc.
3732 2316 3931 2408 quod

2396 2451 2642 2503 verus
2682 2434 2806 2503 est
2837 2430 3021 2501 finis
3066 2429 3494 2504 ultimatus
3550 2430 3934 2520 digestio-

2397 2545 2548 2626 nis,
2615 2545 2748 2618 sed
2804 2566 2964 2617 non
3027 2549 3355 2638 oportet
3413 2547 3505 2618 de
3544 2545 3702 2619 fine
3758 2567 3935 2640 pro-

2402 2662 2722 2755 pinquo,
2770 2662 2958 2753 quia
2999 2663 3092 2733 ad
3154 2662 3383 2734 illum
3442 2662 3745 2737 sufficit
3790 2663 3935 2736 dis-

2400 2778 2700 2872 positio
2749 2778 3266 2868 qualitatum,
3316 2784 3401 2852 ut
3441 2780 3748 2853 dictum
3783 2785 3929 2862 est,

2395 2902 2474 2970 et
2514 2917 2692 2968 esse
2725 2901 3003 2988 aptum
3037 2895 3497 2978 nutritioni,
3542 2900 3624 2971 et
3657 2897 3935 2969 simili-

2394 3014 2539 3085 bus
2585 3015 3224 3107 operationibus,
3261 3018 3341 3087 et
3385 3013 3928 3106 passionibus,

2484 3135 2603 3205 Ex
2637 3132 2819 3206 istis
2839 3132 3075 3206 dictis
3102 3135 3323 3226 patet
3353 3132 3657 3207 solutio
3686 3153 3935 3226 quaes-
3956 3205 3999 3256 A
4043 3138 4186 3254 ³¹&AE

2394 3250 2641 3324 tionis
2673 3250 3372 3324 communiterhic
3404 3250 3580 3322 fieri
3606 3218 4186 3324 consue-cess'mssffim

2395 3369 2523 3446 tae,
2549 3365 2948 3448 videlicet,
2975 3378 3199 3434 ulrum
3228 3368 3509 3456 diqeslio
3540 3371 3935 3434 terminetur
3953 3323 4186 3441 fficiam

736 3140 984 3213 talem
1104 3133 1744 3211 maturationem
1850 3130 2281 3225 appropin-

734 3260 1010 3349 quant,
1092 3251 1473 3327 continue
1541 3251 1834 3323 fierent
1912 3248 2280 3321 substan-

732 3375 971 3450 tiales
1001 3391 1229 3445 novae
1264 3368 1860 3461 generationes,
1901 3367 2105 3459 quod
2156 3370 2281 3439 est

734 3489 1275 3585 impossibile:
1312 3507 1457 3559 nee
1504 3487 1926 3578 oporteret
1962 3483 2038 3556 in
2059 3488 2287 3557 natu-

735 3604 1070 3684 ralibus,
1130 3603 1200 3674 si
1273 3599 1706 3693 pauciores
1768 3601 2109 3690 possunt
2176 3595 2282 3668 di·

734 3720 1146 3813 gestiones
1208 3714 1544 3794 salvari,
1602 3718 1691 3788 ut
1762 3713 2280 3807 postmodum

737 3835 1181 3914 ostendam,
1227 3835 1310 3906 et
1353 3829 1809 3905 declarabo.
1868 3828 2281 3910 Quomodo

737 3956 1010 4048 potest
1076 3949 1338 4041 igitur
1393 3946 1550 4019 dici
1604 3945 1810 4038 quod
1850 3944 2282 4036 dispositio

737 4067 1230 4164 qualitativa
1299 4061 1706 4155 acquisita
1789 4060 2284 4134 alteratione

740 4189 923 4279 post
961 4186 1276 4256 motum
1301 4179 1647 4252 localem
1681 4177 2171 4259 activorum,
2204 4179 2285 4249 et

738 4300 1259 4394 passivorum
1293 4295 1388 4367 ad
1423 4316 1505 4366 se
1543 4292 1887 4366 invicem
1934 4292 2072 4373 ita,
2124 4296 2277 4365 etc.

738 4419 807 4490 si
846 4435 1007 4488 non
1075 4415 1307 4486 fieret
1376 4410 1644 4483 forma
1714 4407 2283 4481 substantialis

737 4553 971 4614 nova,
1009 4534 1280 4603 essent
1315 4527 1646 4599 dicenda
1687 4525 2062 4615 digestio,
2093 4524 2283 4598 licet

741 4647 884 4720 illa
975 4643 1321 4734 digestio
1419 4641 1563 4712 fiat
1662 4639 2039 4712 ultimate
2136 4658 2282 4730 pro

739 4761 1265 4857 generatione
1327 4758 1614 4829 formae
1686 4755 2278 4828 substantialis.

735 4883 956 4955 Unde
1000 4879 1212 4951 sicut
1278 4876 1354 4948 in
1416 4872 1987 4948 artificialibus
2028 4871 2283 4961 diges-

738 4996 1123 5076 tionibus,
1195 4991 1569 5064 videlicet
1630 4987 2099 5067 elixatione,
2154 4985 2282 5058 vel

736 5110 1228 5190 decoctione,
1277 5107 1591 5199 primus
1633 5103 1815 5175 finis
1875 5106 1997 5175 est
2046 5105 2134 5174 ut
2177 5102 2285 5174 sit

738 5230 937 5304 utile
999 5227 1095 5298 ad
1135 5244 1388 5304 esum,
1435 5226 1515 5295 et
1568 5219 2131 5298 sorbitionem,
2198 5221 2284 5291 ut

736 5347 930 5420 dicit
976 5339 1563 5431 Pliilosoplius;
1615 5337 2009 5409 secundus
2069 5334 2279 5418 fiuiS,

742 5468 828 5539 ut
862 5465 1047 5555 post
1073 5477 1301 5530 esum
1338 5453 1610 5545 aliqua
1641 5453 2091 5544 digestione
2125 5451 2284 5523 sor-

742 5601 874 5656 ma
916 5572 1482 5650 substantialis
1553 5575 1993 5661 generetur
2062 5567 2283 5640 illius

2393 3483 2484 3549 ad
2506 3485 2796 3568 sormam
2813 3483 3357 3549 substantialem?
3382 3480 3707 3554 Dicitur
3733 3502 3830 3572 qu
3844 3479 3933 3552 od

2397 3597 2511 3669 sic
2582 3596 2983 3677 ultimate,
3058 3596 3125 3668 si
3207 3615 3366 3667 non
3436 3596 3541 3669 sit
3609 3595 3936 3688 impedi-

2397 3716 2757 3787 mentum
2799 3716 2923 3784 est
2991 3711 3173 3783 finis
3234 3712 3754 3785 extrinsecus
3815 3733 3937 3804 ge-

2395 3833 2732 3903 neratus
2775 3829 2890 3901 sie
2950 3849 2998 3900 a
3041 3829 3406 3911 remotis,
3445 3831 3578 3901 sed
3626 3829 3935 3911 esibile,

2395 3949 2474 4017 et
2507 3944 2837 4024 similia,
2887 3947 3075 4018 sunt
3108 3944 3307 4017 fines
3352 3946 3820 4038 propinqui.

2498 4061 2610 4132 Ad
2673 4061 3110 4132 secundam
3177 4061 3747 4153 objectionem,
3828 4087 3948 4155 per

2396 4177 2832 4264 diffestioncm
2900 4181 3357 4266 corrumpitur
3425 4182 3933 4248 niterimcmum.

2398 4293 2887 4366 Conceditur
2947 4292 3345 4374 ultimate,
3395 4296 3527 4366 sed
3566 4316 3732 4367 non
3784 4295 3938 4388 pri-

2401 4429 2556 4489 me,
2606 4409 2796 4500 quia
2884 4410 3241 4502 primum
3315 4410 3807 4502 disponitur,
3862 4418 3939 4486 et

2395 4522 2823 4612 digeritur,
2932 4544 3076 4595 nec
3176 4527 3502 4616 oportet
3595 4530 3940 4618 propter

2397 4659 2987 4731 quamcumque
3050 4639 3447 4712 modicam
3519 4641 3938 4716 alteratio-

2397 4776 2578 4828 nem
2611 4776 2944 4829 cerrum
2959 4756 3034 4847 pi
3060 4755 3411 4826 sormam
3447 4757 3939 4832 substantia-

2397 4873 2581 4954 lem,
2619 4878 2698 4946 et
2741 4872 2989 4944 aliam
3025 4872 3428 4962 generari.

2496 4991 2608 5062 Ad
2628 4990 2957 5063 tertiam
2988 4989 3303 5080 quando
3322 4991 3445 5082 obj
3463 4991 3938 5083 iciturqdod

2396 5109 2599 5175 aliter
2642 5130 2777 5174 non
2810 5108 3334 5195 distinquerelur
3374 5109 3456 5176 ab
3503 5111 3932 5188 alteratione,

2398 5220 2575 5294 dico
2623 5222 2827 5313 quod
2875 5221 3032 5293 imo
3066 5224 3190 5293 est
3223 5221 3584 5311 quaedam
3622 5223 3935 5314 species

2399 5338 2946 5419 alterationis,
3045 5341 3124 5409 et
3214 5336 3426 5410 sicut
3505 5339 3821 5429 species
3891 5357 3936 5408 a

2400 5477 2694 5546 genere
2790 5453 3346 5542 distinguitur,
3447 5454 3561 5526 sic
3669 5454 3936 5526 minus

2399 5590 2823 5644 commune
2881 5590 2923 5640 a
2970 5569 3231 5661 magis
3300 5570 3712 5643 communi
3784 5588 3939 5642 non
