4252 6393
65 442 80 855 ——-.—.—.-

1801 424 2165 505 QUAESTlO
2234 431 2281 493 ll

459 589 908 669 levitatem,
944 593 1026 663 et
1076 588 1615 664 subtilitatem
1664 590 2010 662 flammae

466 706 719 799 ipsius
764 703 1160 779 fulminis.

549 826 874 909 Quinto,
930 825 1225 900 accidit
1286 831 1472 919 post
1520 822 2011 897 combustio-

459 961 640 1014 nem
681 963 1135 1036 corporum
1194 963 1240 1015 a
1282 942 1619 1014 fulmine
1686 940 2011 1031 quidam

460 1058 655 1131 odor
690 1059 1212 1152 sulphureus,
1248 1063 1329 1132 et
1360 1057 1706 1137 foetidus,
1746 1060 1825 1128 et
1861 1055 2010 1127 hoc

461 1181 802 1266 propter
844 1175 1271 1257 malitiam,
1322 1179 1404 1249 et
1441 1172 2007 1247 viscositatem

459 1289 717 1382 ipsius
767 1292 1162 1374 materiae,
1218 1314 1315 1364 ex
1358 1313 1515 1385 qua
1565 1290 1804 1363 fiebat
1867 1291 2011 1364 ful-

459 1426 660 1479 men.

552 1527 803 1597 Sexto
894 1524 1329 1595 secundum
1447 1525 2004 1603 Aristotelem,

455 1658 639 1712 nam
685 1660 1030 1731 magnus
1071 1644 1361 1714 ventus
1403 1640 2011 1714 concomitatur

459 1754 788 1839 fulmen,
845 1761 926 1831 et
992 1758 1241 1831 etiam
1315 1777 1658 1848 magnus
1717 1761 2008 1830 ventus

462 1870 722 1964 ipsum
760 1873 1167 1967 praecedit.
1203 1877 1466 1947 Causa
1499 1879 1648 1955 est,
1690 1874 1877 1965 quia
1911 1894 2007 1945 ex

471 1986 815 2082 impulsu
869 1988 1419 2062 exhalationis
1469 1991 1560 2061 de
1618 1990 1822 2061 nube
1864 2009 2009 2061 aer

478 2112 842 2180 movetur
885 2106 1425 2199 interpositus
1473 2104 2003 2186 exhalationi‚

482 2224 552 2291 et
588 2226 854 2304 terrae,
919 2228 1001 2298 et
1047 2224 1196 2297 iste
1230 2243 1374 2295 aer
1418 2226 1690 2296 motus
1739 2226 2010 2295 movet

491 2336 735 2421 alium,
771 2346 852 2414 et
895 2341 1010 2413 sic
1044 2340 1595 2413 communiter
1628 2361 1880 2432 usque
1913 2339 2008 2410 ad

496 2454 809 2538 terram;
894 2458 1128 2530 modo
1195 2478 1340 2530 aer
1389 2457 1674 2531 taliter
1735 2461 2007 2531 motus

503 2578 801 2661 apparet
862 2574 1095 2665 quasi
1145 2578 1464 2647 ventus.
1530 2574 1710 2646 Alia
1758 2593 2008 2646 causa

503 2690 622 2764 est,
661 2690 842 2781 quia
884 2691 1196 2781 quando
1248 2690 1800 2779 generabatur
1863 2689 2007 2761 ful-

501 2816 668 2888 men,
709 2826 1001 2897 magna
1041 2826 1232 2899 pars
1272 2805 1816 2879 exhalationis
1839 2806 2008 2881 exit

491 2914 742 2992 nubem
785 2923 1263 3015 priusquam
1300 2922 1879 3003 inflammatur,
1925 2927 2007 2996 et

488 3027 649 3104 tunc
687 3037 822 3111 illa
865 3038 1282 3112 exhalatio
1339 3039 1728 3132 propulsa
1770 3060 1817 3112 a
1867 3041 2004 3114 fri-

468 3138 794 3229 giditate
829 3154 1087 3236 nubis,
1126 3160 1265 3229 aut
1318 3154 1594 3228 mediae
1643 3156 2003 3247 regionis

457 3262 701 3350 aevis,
739 3273 1029 3343 causat
1060 3274 1415 3343 ventum.

147 3352 408 3482 sque-⁶01⁸,
515 3375 932 3480 Septimo,
979 3386 1285 3460 fulmen
1326 3393 1449 3462 est
1480 3409 1998 3471 venenosum,

422 3483 491 3550 ⁰3
574 3493 770 3577 ideo
831 3504 1246 3585 animalia,
1301 3509 1381 3577 et
1441 3506 1762 3598 plantae,
1829 3527 2001 3597 quae

403 3604 1035 3693 percutiuntur
1076 3620 1410 3693 fulmine
1445 3627 1642 3703 sunt
1688 3622 2003 3715 pericu-

390 3697 643 3801 108ae
708 3737 803 3808 ad
844 3737 1440 3818 comedendum,
1496 3742 1576 3810 et
1618 3736 1768 3810 hoc
1824 3759 2003 3831 pro-

378 3831 678 3939 venit
708 3874 806 3925 ex
843 3851 1160 3925 malitia
1214 3852 1704 3945 qualitatum
1757 3858 2000 3926 mate-

370 3947 606 4037 nee,
665 3992 763 4043 ex
799 3985 954 4058 qua
1002 3974 1448 4057 generatur
1479 3969 1807 4041 fulmen.

455 4060 879 4170 Oetam,
935 4088 1226 4163 accidit
1279 4088 1487 4180 quod
1530 4088 2002 4179 quandoque

381 4174 757 4294 Qox‘lum
834 4205 999 4277 vini
1068 4205 1228 4278 erit
1306 4224 1781 4297 percussum
1856 4203 2002 4276 ful·

463 4324 694 4416 ffiine,
740 4327 821 4394 et
872 4326 1137 4396 totum
1205 4340 1348 4391 vas
1416 4320 1576 4392 erit
1635 4319 1999 4392 combus-

469 4451 655 4519 tum,
699 4443 779 4512 et
826 4439 1337 4530 dissipatum,
1409 4442 1488 4511 et
1549 4442 1822 4510 tamen
1888 4433 1998 4508 vi-

472 4574 647 4624 num
681 4553 1153 4634 remanebit,
1193 4553 1992 4645 quasicongelatum,

476 4669 588 4741 vel
617 4675 1082 4744 contentum
1114 4689 1331 4742 vase.
1360 4674 1622 4745 Causa
1654 4674 1778 4742 est
1809 4669 1993 4749 ista,

486 4784 648 4874 quia
685 4787 987 4862 virtute
1030 4787 1393 4859 fulminis
1437 4791 1612 4860 tota
1666 4783 1998 4858 viscosi-

492 4903 598 4969 tas
632 4900 786 4974 vini
819 4901 1291 4976 extrahitur
1323 4892 1418 4974 ad
1453 4899 1994 4993 superficiem,

495 5018 666 5088 etex
701 5018 857 5093 ista
906 5017 1385 5091 viscositate
1437 5018 1676 5090 fiebat
1727 5036 1998 5108 super-

497 5127 679 5204 ficies
725 5135 1087 5227 quaedam
1147 5134 1662 5207 circumdans
1719 5132 1998 5203 vinum

499 5244 905 5322 admodum
951 5249 1182 5342 pellis
1228 5277 1242 5318 :
1280 5254 1359 5322 et
1395 5248 1540 5322 tali
1586 5249 1817 5319 modo
1867 5267 1996 5338 po-

505 5360 628 5435 test
661 5367 957 5438 durare
1008 5366 1271 5439 tribus
1330 5366 1628 5445 diebus,
1697 5368 1776 5436 et
1837 5383 2001 5435 non

502 5481 830 5571 amplius,
895 5487 975 5556 et
1037 5483 1199 5555 tale
1251 5482 1527 5554 vinum
1568 5480 1817 5554 etiam
1876 5484 2001 5553 est

503 5593 677 5672 valde
717 5619 1248 5683 venenosum,
1294 5603 1375 5672 et
1417 5597 1996 5689 periculosum,

183 837 411 898 Quintm.

219 1532 389 1590 Sextus.

153 4095 316 4156 mamu-

3558 423 3675 498 173

2124 595 2205 663 et
2242 590 2411 662 ideo
2448 592 2822 682 potantes
2853 584 2945 662 de
2993 589 3166 682 ipso
3199 591 3482 664 statim
3517 566 3677 664 mo-

2128 709 2536 780 rerentur.

2215 826 2477 906 Nono,
2529 824 2932 914 contingit
2989 825 3195 916 quod
3238 826 3305 897 si
3370 825 3675 900 fulmen

2128 940 2539 1031 percutiat
2650 961 3181 1023 venenosum,
3304 948 3670 1018 removet

2123 1075 2545 1136 venenum,
2593 1060 2673 1129 et
2722 1056 3071 1149 amplius
3122 1078 3283 1129 non
3334 1058 3497 1133 erit
3547 1082 3671 1132 ve-

2126 1192 2568 1254 nenosum;
2626 1174 2759 1246 sed
2793 1174 2860 1246 si
2900 1176 3305 1266 percutiat
3347 1177 3672 1269 aliquod

2128 1309 2415 1360 sanum
2514 1289 2795 1363 statim
2891 1289 3248 1364 eflicitur
3333 1303 3672 1366 veneno-

2126 1426 2331 1476 sum.
2409 1407 2508 1477 Et
2587 1405 2825 1497 hujus
2894 1411 3017 1480 est
3091 1406 3416 1481 difficile
3475 1408 3671 1480 assi-

2125 1540 2380 1611 gnare
2447 1541 2834 1602 causam;
2920 1526 3192 1597 tamen
3285 1524 3673 1615 possibile

2123 1641 2250 1710 est
2324 1638 2531 1728 quod
2610 1638 2814 1710 idem
2902 1638 3147 1711 simul
3234 1638 3487 1713 faciat
3565 1641 3671 1713 di-

2121 1776 2412 1827 versos
2454 1759 2716 1837 actus,
2787 1756 2957 1828 sive
3008 1756 3368 1840 effectus,
3435 1779 3672 1851 prop-

2125 1875 2257 1943 ter
2364 1871 2929 1946 diversitatem
3041 1874 3670 1967 dispositionum

2126 1989 2523 2069 materiae,
2590 1990 3259 2080 quemadmodum
3310 1991 3672 2064 videmus

2124 2104 2330 2193 quod
2410 2123 2554 2174 aer
2596 2104 2969 2179 sufflatus
3026 2105 3434 2197 extinguit
3493 2127 3674 2181 can-

2121 2218 2384 2291 delam
2470 2242 2923 2304 accensam,
2979 2227 3059 2296 et
3118 2224 3481 2298 accendit
3543 2245 3671 2296 ex-

2123 2335 2490 2411 tinctam.

2210 2455 2565 2534 Decimo,
2592 2459 2717 2527 est
2738 2456 3059 2548 aliquod
3084 2455 3413 2537 fulmen,
3460 2457 3666 2549 quod

2123 2570 2408 2643 statim
2495 2570 2898 2647 interimit
2972 2573 3407 2657 hominem,
3504 2575 3665 2647 ubi-

2122 2706 2467 2779 cumque
2508 2689 2959 2779 contigerit
3002 2689 3293 2782 ipsum,
3339 2690 3508 2763 sive
3561 2697 3667 2766 te-

2125 2802 2409 2892 tigerit
2502 2803 2763 2896 ipsum
2834 2805 2913 2877 in
2988 2807 3269 2896 digito,
3335 2807 3504 2880 sive
3590 2807 3670 2880 in

2122 2923 2357 3010 parte
2428 2921 2871 3011 posteriori
2932 2922 3173 3015 pedis,
3241 2933 3377 2996 se'u
3449 2924 3666 2997 alibi.

2123 3037 2391 3107 Causa
2448 3040 2598 3117 est,
2655 3037 2843 3128 quia.
2904 3038 3114 3113 sicut
3162 3039 3465 3113 dictum
3516 3047 3665 3123 est,

2120 3149 2421 3224 fulmen
2453 3156 2577 3226 est
2616 3174 3138 3237 venenosum,
3183 3159 3264 3229 et
3298 3155 3468 3229 ideo
3511 3177 3671 3230 una

2121 3273 2356 3361 parte
2402 3291 2789 3361 pereussa
2830 3292 2876 3342 a
2909 3272 3269 3355 fulmine,
3319 3275 3477 3349 ista
3511 3281 3667 3350 sta-

2121 3388 2269 3461 tim
2321 3388 2625 3462 alterat
2666 3389 2939 3471 alia-m,
2993 3392 3242 3465 etsie
3291 3394 3664 3488 deinceps

2119 3521 2266 3592 per
2314 3506 2578 3576 totum
2621 3525 2947 3596 corpus
2996 3508 3663 3596 quemadmodum

2117 3623 2245 3692 est
2276 3621 2365 3690 de
2399 3640 2678 3691 morsu
2724 3621 2918 3713 lupi,
2954 3623 3082 3694 vel
3121 3623 3373 3696 rabidi
3404 3625 3657 3698 canis.

2206 3735 2668 3816 Undecimo,
2709 3738 3021 3809 nullum
3071 3739 3286 3812 aliud
3342 3763 3658 3834 percus-

2117 3870 2297 3921 sum
2375 3849 2710 3923 fulmine
2777 3853 3044 3926 evadit
3103 3873 3150 3926 a
3194 3860 3484 3941 morte,
3529 3879 3659 3930 ex-

2116 3970 2352 4058 cepto
2388 3966 2563 4038 solo
2615 3966 2963 4051 homine,
3012 3970 3146 4061 qui
3189 3972 3660 4065 quandoque

2117 4112 2559 4183 percussus
2600 4113 2648 4165 a
2682 4092 3015 4165 fulmine
3049 4097 3356 4179 evadit;
3394 4103 3475 4171 et
3509 4099 3660 4173 hoc

2115 4217 2457 4299 videtur,
2497 4218 2684 4309 quia
2718 4223 3015 4292 natura
3049 4223 3309 4314 magis
3345 4225 3664 4301 adhibet

2115 4344 2668 4416 reverentiam
2747 4345 3057 4419 homini
3146 4370 3383 4441 quam
3476 4353 3661 4425 aliis

2114 4469 2634 4542 animalibus

2203 4597 2717 4679 DuodecimO,
2765 4599 3057 4673 accidit
3099 4605 3307 4693 quod
3351 4605 3417 4678 si
3483 4609 3659 4680 dor-

2115 4720 2370 4793 miens
2416 4721 2928 4813 percutiatur
2961 4723 3321 4811 fulmine,
3362 4730 3658 4806 inveni-

2120 4848 2260 4918 tur
2301 4844 2595 4918 habere
2648 4847 2928 4921 oculos
2971 4857 3349 4944 apertos;
3416 4860 3549 4930 sed
3592 4860 3660 4931 si

2112 4972 2464 5063 vigilans
2529 4974 2635 5047 sit
2700 4995 3162 5067 percussus,
3250 4981 3665 5059 invenitur

2114 5096 2411 5170 habere
2460 5100 2741 5173 oeulos
2795 5103 3145 5178 clausos.
3193 5111 3456 5182 Causa
3510 5117 3659 5198 est,

2115 5223 2303 5313 quia
2385 5224 2797 5298 dormiens
2889 5235 3231 5322 propter
3311 5236 3662 5312 subitam

2115 5349 2558 5434 laesionem,
2642 5373 2881 5444 quam
2970 5357 3217 5430 sentit
3286 5363 3662 5450 quodam·

2117 5476 2349 5546 modo
2392 5477 3023 5568 expergiscitur,
3059 5487 3138 5556 et
3180 5485 3445 5575 aperit
3482 5511 3660 5563 ocu-

2116 5599 2264 5681 los,
2304 5605 2382 5673 et
2420 5601 2642 5693 prius
2679 5604 3059 5687 moritur,
3115 5628 3352 5699 quam
3398 5616 3659 5706 possit

3759 857 3960 914 Nonus.

3723 2530 3851 2580 Deci
3855 2546 3901 2582 m
3910 2544 3988 2580 m.

3736 3758 3964 3811 Undeci-

3771 3837 3890 3872 mus
3901 3860 3914 3873 .

3716 4633 3981 4685 Duodeci-

3776 4712 3912 4748 mus.
