4252 6393
164 1713 265 1761 Soet.

164 1773 197 1824 d.
233 1775 277 1826 3.

164 1905 226 1950 fes·

164 1980 191 2012 ὀ
212 1964 270 2013 ad

167 2043 249 2075 am.

1705 365 2069 444 QUAES'rlo
2115 366 2250 429 xlv

3403 367 3523 429 545

308 532 508 625 cujus
541 533 664 603 est
727 527 1430 622 repraesentativa.
1477 527 1695 599 Unde
1747 527 1817 598 si
1934 525 2631 606 transmutabiles,
2696 529 2774 598 et
2819 545 2964 617 per
3006 528 3279 600 actum
3324 525 3482 596 for-

305 649 674 742 objectum
717 668 1076 740 praesens
1119 651 1336 721 esset
1395 646 1476 718 in
1516 650 1818 719 natura
1940 663 2088 713 mae
2132 639 2720 721 substantialis,
2769 639 2903 732 qui
2961 641 3085 711 est
3138 639 3228 711 de
3281 659 3364 712 se
3406 642 3485 712 fi-

304 778 450 839 sua,
509 755 949 849 perfectius
1013 777 1095 827 se
1153 756 1813 848 repraesentaret,

301 877 366 945 ct
385 870 806 964 perfectius
831 874 1103 945 actum
1121 869 1619 962 intelligendi
1639 889 1819 941 cau-

303 991 496 1060 saret
538 1012 552 1053 ε
592 987 992 1079 quomodo
1027 985 1223 1058 facit
1288 985 1596 1079 species
1640 1005 1819 1057 cau·

303 1104 520 1176 sando
587 1109 863 1178 actum
927 1102 1454 1195 intelligendi,
1550 1105 1638 1175 ut
1696 1103 1822 1174 θεῖ

303 1219 537 1292 solum
573 1224 1056 1312 comparata
1102 1220 1195 1291 ad
1242 1218 1670 1312 objectum,
1743 1218 1821 1289 et

1935 777 2087 829 xus
2113 760 2191 830 et
2224 777 2729 850 permanens,
2761 757 2927 829 reci
2939 755 3443 848 pitaccidens
3469 781 3482 824 ε

1940 873 2304 966 subjecta
2346 873 2560 945 enim
2612 872 2960 946 materia
2994 892 3177 943 cum
3222 871 3491 944 forma

1939 1011 2188 1063 causa
2218 995 2342 1064 est
2386 990 2745 1062 omnium
2789 988 3351 1062 accidentium.
3394 992 3492 1063 Et

1943 1106 2146 1180 idem
2166 1106 2361 1179 ordo
2380 1106 2629 1181 etiam
2650 1110 3030 1180 servatur
3047 1105 3125 1178 in
3139 1105 3493 1179 acciden-

1942 1222 2157 1296 tibus
2210 1222 2424 1295 inter
2464 1245 2587 1305 se;
2626 1242 2770 1294 aer
2817 1222 3033 1294 enim
3094 1221 3495 1295 mediante

303 1357 442 1409 non
471 1341 555 1410 ut
600 1335 941 1410 inhaeret
978 1335 1451 1418 intellectui,
1497 1333 1652 1407 nisi
1682 1355 1825 1427 per
1941 1338 2500 1432 diaphanitate
2563 1338 2854 1432 recipit
2907 1339 3202 1410 lumen.
3264 1340 3492 1411 Nunc

301 1452 646 1525 accidens
683 1484 697 1525 :
731 1473 894 1525 non
929 1454 1146 1525 enim
1181 1456 1494 1535 causat,
1545 1452 1704 1525 nisi
1738 1454 1825 1524 ut

305 1575 413 1642 est
442 1569 613 1663 ejus
649 1569 1354 1662 repraesentativa.

385 1687 491 1757 Ex
532 1685 683 1759 hoc
717 1687 1070 1760 solvitur
1133 1685 1595 1766 difficultas,
1642 1705 1829 1777 quo-

306 1802 516 1874 modo
562 1802 873 1896 species
906 1806 1097 1895 agat
1158 1803 1238 1874 in
1299 1801 1825 1882 intellectum,

303 1939 466 1991 cum
497 1920 606 1992 sit
663 1919 1056 2001 accidens,
1119 1922 1197 1991 et
1247 1918 1562 1991 nullum
1621 1917 1831 1990 acci-

301 2035 473 2107 dens
505 2039 695 2127 agat
731 2035 812 2108 in
847 2057 1083 2108 suum
1117 2036 1570 2129 subjectum
1601 2041 1636 2105 ’ἲ
1670 2055 1834 2107 non

304 2151 500 2224 enim
548 2156 814 2226 movet
851 2153 1383 2235 intellectum,
1420 2155 1505 2224 ut
1546 2153 1669 2225 est
1710 2172 1833 2223 ac·

303 2269 555 2343 cidens
621 2272 694 2345 ei
760 2271 1192 2353 inhaerens,
1256 2271 1388 2344 sed
1449 2273 1534 2343 ut
1596 2269 1833 2341 habet

302 2384 372 2456 in
453 2409 537 2460 se
625 2387 888 2462 vicem
961 2387 1282 2481 objecti,
1355 2388 1836 2480 inquantum

301 2501 551 2594 ipsum
596 2507 1158 2598 repraesentat,
1223 2509 1302 2579 et
1371 2523 1517 2597 per
1565 2523 1838 2576 conse-

299 2639 533 2709 quens
607 2621 839 2713 quasi
885 2624 968 2692 ut
1015 2620 1476 2693 substantia
1537 2623 1833 2701 movet,

297 2754 444 2807 non
486 2738 575 2808 ut
616 2736 982 2809 accidens
1037 2734 1471 2809 inhaerens.
1511 2738 1674 2809 Iste
1715 2738 1838 2808 est

297 2851 570 2924 modus
619 2852 958 2945 ponendi
994 2853 1343 2946 speciem
1369 2852 1452 2924 in
1485 2852 1840 2926 intellec-

297 2966 372 3036 tu
427 2969 866 3042 secundum
909 2968 1254 3061 aliquos

404 3085 703 3160 Utrum
766 3088 1039 3159 autem
1111 3085 1572 3159 intellectus
1608 3107 1691 3158 se
1763 3086 1840 3156 et

301 3220 481 3275 suos
572 3203 896 3276 habitus
960 3203 1365 3296 intelligat
1463 3225 1607 3297 per
1675 3224 1843 3295 spc-

301 3317 536 3391 ciem:
590 3321 685 3393 ad
732 3341 1088 3413 praesens
1120 3341 1281 3392 non
1328 3319 1651 3392 intendo
1685 3319 1845 3391 dis-

300 3437 607 3518 cutere,
725 3434 915 3526 quia
1022 3434 1240 3509 forte
1345 3434 1599 3506 adhuc
1695 3432 1845 3505 dis-

302 3548 765 3638 putabitur:
838 3552 972 3622 sed
1049 3549 1315 3623 solum
1394 3549 1694 3624 sufficit
1754 3549 1848 3621 ad

302 3670 843 3760 propositum,
917 3670 1123 3762 quod
1167 3669 1336 3741 sive
1378 3669 1687 3762 species
1733 3689 1848 3740 re-

302 3786 685 3875 quiratur
764 3789 1103 3880 propter
1181 3787 1475 3881 objecti
1560 3806 1851 3878 reprae-

263 3902 848 4003 sentationem
917 3904 1261 3984 tantum,
1324 3901 1451 3974 vel
1515 3904 1855 3994 propter

165 4738 248 4787 -ius

164 4807 262 4909 ῑιὲἑη·

164 4922 286 4971 'utel-

180 5000 262 5046 per

165 5062 224 5096 3¹¹1
231 5085 243 5097 .

305 4014 602 4107 objecti
639 4015 1478 4110 repraesentationem,
1504 4017 1582 4087 et
1619 4035 1854 4107 prop-

304 4131 424 4203 ter
471 4132 945 4208 intellectus
983 4131 1608 4225 perfectioncm;
1677 4152 1856 4223 pro-

304 4249 667 4338 positum
745 4249 1159 4330 habemus,
1235 4250 1439 4341 quod
1544 4248 1855 4321 scilicet

302 4361 769 4439 intellectus
852 4364 1236 4456 intelligit
1304 4384 1446 4456 per
1505 4363 1859 4456 speciem

306 4476 871 4566 inhaerentem,
944 4481 1150 4572 quod
1187 4483 1453 4573 potest
1500 4478 1615 4551 sic
1680 4500 1860 4571 per-

308 4596 690 4670 suaderi:

389 4711 479 4782 In
534 4730 836 4803 genere
897 4709 1417 4803 passivorum
1477 4715 1602 4783 est
1665 4711 1861 4782 ordo

1945 1461 2220 1529 autem
2266 1457 2379 1528 ita
2412 1459 2562 1538 est,
2611 1456 2817 1548 quod
2862 1459 3095 1529 actus
3139 1454 3493 1530 intellec-

1948 1577 2076 1647 tus
2156 1575 2278 1645 est
2369 1572 2778 1647 transiens
2864 1572 3257 1655 accidens,
3353 1593 3492 1646 seu

1946 1689 2613 1770 trans1nutabile3
2688 1688 3146 1762 intellectus
3220 1693 3494 1763 autem

1949 1805 2411 1880 substantia
2456 1825 2989 1898 permanens3
3035 1823 3235 1896 ergo
3280 1806 3487 1878 sicut

1949 1943 2092 1994 aer
2118 1922 2515 1994 mediante
2546 1920 3125 2013 diaplianitate,
3164 1942 3337 2013 quae
3370 1925 3494 1995 est

1952 2036 2325 2109 accidens
2396 2057 2905 2129 permanens,
3001 2036 3292 2130 recipit
3381 2037 3498 2109 lu-

1955 2175 2162 2234 men,
2212 2156 2415 2245 quod
2448 2157 2573 2226 est
2614 2153 2980 2226 accidens
3026 2153 3436 2227 transiens
3482 2179 3499 2237 ;

1955 2270 2070 2343 sic
2114 2270 2364 2345 etiam
2399 2269 2859 2343 intellectus
2902 2270 3239 2363 recipiet
3272 2271 3507 2347 intel-

1958 2386 2391 2460 lectionem
2430 2405 2571 2477 per
2594 2385 2963 2458 accidens
2991 2405 3502 2478 permanens,

1958 2503 2239 2597 quales
2304 2506 2490 2575 sunt
2574 2501 2896 2576 habitus
2976 2502 3441 2577 scientiales
3487 2528 3502 2585 ;

1960 2621 2155 2696 item
2215 2619 2610 2693 veritates
2695 2618 3336 2702 conclusionum,
3428 2625 3507 2695 et

1959 2737 2159 2830 ipsae
2202 2735 2510 2826 species
2545 2739 2916 2827 respectu
2953 2739 3183 2809 actus
3217 2734 3508 2810 intelli-

1960 2851 2194 2946 gendi
2230 2851 2711 2944 quidditates
2755 2851 3276 2943 simplicium.
3454 2863 3461 2870 ·

2053 2973 2286 3051 Item,
2343 2969 2556 3042 sicut
2608 2968 2955 3041 materia
3016 2970 3308 3062 recipit
3353 2969 3511 3043 for-

1965 3109 2139 3163 mas
2231 3085 2779 3168 individualeS,
2844 3086 2961 3159 sic
3050 3086 3510 3161 intellectus

1963 3204 2279 3277 formas
2303 3200 2832 3283 universaleS,
2855 3202 3286 3273 secundum
3308 3202 3513 3295 quod

1964 3321 2160 3394 dicit
2202 3321 2893 3394 Commentator‘.
2944 3318 3026 3391 Si
3064 3338 3311 3391 vocas
3354 3317 3514 3391 sor·

1967 3555 2113 3627 beo
2160 3550 2716 3646 propositum3
2775 3550 2842 3622 si
2893 3571 3140 3623 vocas
3203 3551 3518 3624 univer-

1972 3670 2211 3751 sales,
2242 3666 2743 3741 universalia
2781 3666 3097 3760 objecta
3129 3650 3461 3759 cognita
3499 3693 3514 3736 :

1971 3806 2170 3878 ergo
2215 3785 2427 3858 sicut
2472 3782 2822 3857 materia
2868 3804 3012 3875 per
3061 3783 3521 3876 dispositio-

1973 3922 2115 3973 ncs
2178 3900 2250 3972 ci
2295 3900 2785 3972 inhaerentes
2857 3898 3148 3991 recipit
3210 3898 3523 3972 formas

1979 4018 2551 4112 particulares,
2600 4016 2715 4088 sic
2762 4016 3222 4091 intellectus
3271 4018 3525 4111 objec-

1975 4140 2060 4209 ta
2096 4156 2241 4227 per
2278 4133 2586 4227 specics
2631 4132 3104 4225 impressas,

2071 4254 2300 4333 Item,
2367 4250 2582 4323 sicut
2650 4252 2815 4317 velle
2883 4255 3006 4324 est
3085 4255 3354 4325 motus
3431 4253 3531 4323 ab

1981 4368 2254 4440 anima
2291 4367 2384 4438 ad
2421 4387 2591 4438 rem
2635 4364 3110 4448 animatam,
3176 4366 3291 4441 sic
3337 4373 3531 4439 incel-

1983 4487 2188 4573 ἱῖῃυνε
2244 4486 2368 4555 θεῖ
2411 4486 2680 4554 motus
2732 4501 2778 4553 a
2837 4503 2923 4553 rc
2979 4483 3073 4554 ad
3128 4485 3529 4567 animam;

1986 4600 2118 4672 sed
2176 4599 2558 4670 voluntas
2599 4618 2792 4669 vere
2848 4599 3184 4689 attingit
3229 4621 3372 4693 per
3412 4623 3533 4674 ac-

1988 4719 2162 4788 tum
2196 4711 2513 4785 volendi
2577 4732 2747 4783 rem
2793 4732 3031 4803 quam
3078 4720 3302 4790 amat
3347 4742 3361 4797 ;
3416 4739 3508 4789 er

3603 3336 3621 3358 ⁶
3647 3334 3694 3385 3.
3725 3334 3790 3384 de

1970 3458 2144 3509 mas
2190 3434 2693 3507 universales
2739 3433 2957 3526 ipsas
3001 3434 3335 3526 species,
3382 3433 3518 3508 ha·
3566 3400 3806 3511 0ῗηῖἷηῖἶῖ

311 4828 755 4900 secundum
818 4826 1369 4919 receptionem
1430 4825 1863 4919 perfectio-

309 4962 529 5026 num,
590 4942 798 5036 quod
852 4963 1175 5035 semper
1243 4940 1662 5035 passivum
1723 4962 1867 5035 per

310 5055 532 5141 illud,
573 5058 782 5151 quod
812 5060 936 5130 est
980 5056 1241 5149 magis
1282 5056 1532 5128 fixum
1575 5061 1651 5129 et
1690 5078 1870 5151 per-

314 5195 681 5257 manens,
719 5172 1020 5265 accipit
1051 5171 1446 5244 fluxibilia
1477 5175 1554 5245 et
1605 5176 1871 5246 trans-

314 5291 773 5363 mutabilia.
823 5288 1028 5360 Hinc
1070 5291 1218 5370 est,
1267 5289 1471 5380 quod
1525 5290 1877 5363 materia

315 5426 461 5498 per
495 5408 858 5480 formam
901 5404 1304 5497 corporis,
1341 5406 1469 5478 vel
1504 5408 1878 5480 substan-

317 5524 478 5606 tiae,
526 5522 824 5616 recipit
866 5520 1181 5594 fortnas
1241 5524 1750 5613 generabiles
1798 5528 1880 5598 et

487 5658 636 5709 Tom.
666 5658 756 5710 IV.

1989 4847 2091 4918 go
2132 4849 2262 4899 res
2314 4825 2646 4916 cognita
2695 4844 2887 4895 vere
2930 4824 3269 4918 attingit
3314 4829 3542 4903 intel·

1989 4946 2290 5017 lectum
2327 4960 2560 5033 quem
2602 4939 2935 5013 excitat.

2086 5064 2316 5141 Item,
2390 5058 2873 5150 phantasma
2944 5063 3214 5133 movet
3275 5061 3548 5153 aliquo

1999 5177 2232 5250 modo
2281 5174 2785 5248 intellectum
2826 5198 2839 5241 ε
2881 5173 3013 5245 sed
3049 5173 3551 5267 impossibile

1998 5294 2148 5373 est,
2196 5291 2403 5382 quod
2434 5308 2764 5361 movens
2807 5293 3019 5371 actu,
3061 5298 3381 5366 moveat
3414 5295 3552 5367 ali-

2002 5408 2212 5500 quid,
2260 5406 2419 5479 nisi
2467 5406 2740 5498 aliquo
2790 5406 3022 5478 modo
3069 5411 3380 5499 tangat,
3426 5413 3554 5485 vel

2004 5528 2191 5598 actu
2230 5521 2777 5603 substantiali,
2813 5521 2939 5594 vel
2966 5543 3110 5614 per
3135 5525 3551 5613 influxum,

3326 5661 3387 5713 35
