4252 6393
665 390 738 452 10
1829 385 1971 447 1218.
2022 385 2063 444 Ι.
2114 383 2650 447 METEORORUM

650 548 1053 644 principio
1117 547 1470 641 passivo,
1543 550 1622 618 et
1700 542 2184 622 immediate,

652 666 865 739 sicut
914 668 1038 736 est
1070 664 1585 744 elementum,
1642 661 1770 733 vel
1814 660 2183 732 mixtum.

302 801 617 912 αῑεὲἶξῇἳξζζξ
737 810 1014 881 Tertio
1086 808 1495 879 sciendum
1558 810 1706 886 est,
1773 806 1978 896 quod
2048 804 2187 875 ali·

290 926 613 1049 ssgffie‘gff‘·
649 927 834 1019 quid
872 926 1027 999 dici
1080 929 1349 1018 potest
1399 924 1776 994 naturale
1820 942 1976 992 uno
2024 941 2186 992 mo-

515 1026 527 1040 ’
643 1046 766 1125 (10,
817 1048 905 1117 ut
954 1046 1263 1113 mimate
1310 1039 1846 1130 distinguitur
1894 1043 2186 1111 contra

642 1167 1040 1243 violentum,·
1092 1162 1255 1233 alio
1312 1162 1571 1240 modo,
1626 1163 1714 1231 ut
1766 1157 2185 1246 distingui-

643 1285 780 1353 tur
838 1281 1131 1350 contra
1200 1280 1687 1356 calmunt-aun,-
1758 1275 2032 1351 tertio,
2100 1278 2186 1345 ut

643 1394 1180 1485 distinguitur
1222 1396 1513 1465 contra
1555 1395 1838 1460 casuale.

290 1543 618 1655 ρίἱξζιὲιιιξζξῖ
735 1544 1044 1622 Quarto
1116 1537 1551 1617 sciendum,
1618 1537 1822 1627 quod
1883 1537 2185 1628 aliquid

290 1665 615 1730 &teramum
652 1661 916 1751 potest
982 1656 1160 1727 fieri
1240 1653 1738 1726 naturaliter
1808 1660 2180 1746 respectu

279 1736 990 1866 Zssc‘ssssbssiffjagentis,
1062 1777 1142 1845 ct
1213 1775 1587 1863 respectu
1659 1770 1901 1862 passi.
1964 1772 2183 1843 Unde

307 1861 597 1975 ἕξει-,ΜΝ
643 1893 835 1965 illud
893 1891 1190 1963 dicitur
1250 1887 1746 1961 naturaliter
1799 1888 1974 1960 fieri
2022 1910 2182 1960 res·

641 2013 878 2103 pectu
922 2007 1264 2096 agentis,
1323 2006 1532 2096 quod
1581 2024 1830 2095 agens
1878 2009 2180 2077 natura

636 2125 1010 2205 intendit;
1061 2124 1194 2196 sed
1238 2124 1310 2195 id
1343 2122 1649 2195 dicitur
1680 2121 1856 2193 fieri
1902 2143 2178 2194 secun-

631 2246 814 2315 dum
851 2246 1235 2313 naturam
1273 2244 1646 2331 respectu
1687 2239 1933 2330 passi,
1973 2241 2177 2330 quod

630 2361 720 2433 fit
762 2379 945 2432 cum
982 2357 1513 2429 inclinatione
1560 2356 1801 2449 passi.

301 2512 579 2624 cong-mio
752 2506 969 2575 Tunc
1064 2505 1476 2595 ponuntur
1575 2500 2167 2572 conclusiones.

320 2636 527 2697 prema.
630 2620 903 2691 Prima
955 2627 1103 2699 est,
1163 2619 1368 2710 quod
1421 2618 1779 2708 quaulam
1841 2618 2171 2710 impres-

624 2739 894 2810 siones
924 2735 1382 2809 meteoricze
1410 2736 1610 2807 fiunt
1632 2735 1982 2806 violente
2012 2755 2170 2805 res-

625 2861 861 2949 pectu
927 2854 1170 2947 passi.
1250 2853 1679 2931 Probatur,
1754 2850 1939 2942 quia
2011 2852 2168 2924 ista

619 2974 824 3046 fiunt
871 2972 1228 3043 violente
1275 2974 1648 3062 respectu
1698 2969 1943 3062 passi,
1991 2991 2168 3061 quae

623 3090 825 3163 fiunt
886 3094 1178 3162 contra
1249 3088 1861 3161 inclinationem
1943 3088 2159 3178 ej=⁷1s;

619 3211 751 3281 sed
820 3210 1091 3301 plures
1156 3207 1735 3301 impressiones
1791 3208 2163 3278 meteori·

623 3349 737 3398 cae.
770 3325 975 3397 fiunt
1016 3332 1310 3399 contra
1349 3324 1950 3396 inclinationem
1992 3345 2162 3416 pas-

618 3445 710 3526 si,
750 3449 837 3516 ut
874 3447 1094 3536 patet
1127 3443 1218 3512 de
1256 3441 1421 3513 ictu
1456 3440 1842 3522 fulminis,
1891 3441 1968 3512 in
2006 3463 2161 3532 quo

616 3561 1026 3634 descendit
1096 3559 1339 3648 ignis3
1418 3561 1650 3630 modo
1723 3559 1931 3645 ignis
2002 3580 2163 3630 non

614 3678 937 3751 confert
1002 3677 1611 3749 inclinationem
1675 3676 1817 3747 tali
1876 3677 2155 3755 motui,

614 3801 889 3870 tame-n
935 3797 1109 3868 istae
1160 3793 1741 3885 impressiones
1784 3793 1986 3864 liunt
2028 3812 2158 3862 na-

615 3913 1005 3985 turaliter
1052 3914 1425 4002 respectu
1480 3907 1822 3994 agentis.

706 4054 1067 4127 Secunda
1100 4052 1519 4124 conclusio
1562 4056 1709 4130 est,
1761 4051 1967 4140 quod
2018 4051 2157 4120 ali-

612 4193 788 4262 quae
854 4169 1433 4262 impressiones
1496 4171 1696 4240 fiunt
1766 4166 2156 4239 naturali-

617 4293 766 4369 ter,
844 4292 1016 4360 tum
1098 4292 1471 4378 respectu
1555 4286 1898 4373 agentis,
1982 4291 2153 4358 tum

613 4410 994 4496 respectu
1053 4404 1294 4495 passi,
1363 4408 1449 4476 ut
1515 4408 1734 4496 patet
1800 4402 1889 4473 de
1958 4425 2151 4475 casu

614 4521 933 4614 pluviae,
1000 4520 1132 4590 ubi
1194 4539 1468 4608 agens,
1521 4520 1834 4591 scilicet
1888 4518 2155 4590 forma

611 4639 891 4728 gravis
967 4638 1303 4709 intendit
1377 4638 1621 4709 istum
1696 4642 2005 4709 motum
2074 4640 2153 4708 et

613 4776 945 4847 passum
979 4755 1297 4827 confert
1336 4754 1869 4826 inclinationi.

696 4883 973 4953 Tertia
1006 4881 1423 4954 conclusio
1448 4886 1593 4962 est,
1635 4883 1837 4973 quod
1863 4881 2152 4971 aliqum

606 4999 1194 5092 impressiones
1230 4999 1430 5071 liunt
1464 5020 1508 5068 a
1540 5020 1731 5070 casu
1773 5004 2147 5089 respectu

606 5118 1029 5207 agentium
1066 5114 1716 5208 particularium,
1786 5116 1994 5188 sicut
2025 5135 2150 5206 pa-

608 5234 844 5306 tetdo
888 5234 1359 5325 quibusdam
1399 5232 1931 5310 mirabilibus,
1973 5255 2148 5322 quae

606 5373 921 5440 quoque
993 5353 1495 5441 generantur
1564 5351 1637 5420 in
1700 5348 1958 5418 media.
2033 5371 2148 5418 re-

604 5469 876 5556 gione:
920 5473 1191 5540 tamen
1237 5468 1375 5539 illa
1408 5472 1610 5538 liunt
1654 5465 2150 5537 naturaliter

608 5589 979 5680 respectu
1080 5608 1349 5659 causae
1430 5583 1942 5660 universalis,
2051 5584 2146 5652 eo

292 4076 559 4127 Secunda.

312 4892 513 4943 Tereia.

2304 544 2509 634 quod
2552 545 2663 614 nil
2706 544 2794 618 fit
2844 567 2891 617 a
2932 566 3124 617 casu
3170 551 3543 638 respectu
3578 548 3810 639 cujus

2302 679 2644 751 cumque
2677 682 2966 733 causa).
3009 665 3105 735 Et
3147 662 3300 734 hoc
3333 664 3422 733 de
3457 664 3747 756 primo.

2800 989 3232 1048 ARTICULUS
3265 995 3327 1048 11.

2460 1169 2532 1233 Ιιι
2588 1190 2716 1255 quo
2764 1170 3074 1237 L'uieersi
3123 1174 3287 1237 ordo
3328 1176 3666 1241 comi-slat.

2387 1367 2499 1437 Dc
2557 1370 2902 1440 secundo
2961 1372 3367 1444 sciendum
3428 1380 3575 1456 est,
3632 1380 3837 1466 quod
4012 1434 4063 1483 ⁴.

2302 1482 2496 1553 ordo
2531 1484 2914 1557 consistit
2960 1486 3036 1556 in
3087 1493 3465 1578 quatuor,
3522 1491 3836 1564 scilicet
3907 1519 4207 1594 ρνριοσᾳη-

2303 1599 2377 1668 in
2425 1598 2612 1679 situ,
2687 1605 3081 1693 tempore,
3130 1604 3653 1696 perfectione,
3724 1616 3827 1689 et,
3868 1589 4207 1704 'iimmot-'f'

2296 1716 2806 1788 causalitate..
2883 1720 3093 1791 Ordo
3153 1721 3229 1791 in
3282 1724 3440 1796 situ
3493 1746 3649 1796 non
3710 1734 3833 1799 est
3866 1706 4209 1830 ἷῖξζάξξξζῖί·

2296 1832 2510 1904 aliud
2580 1854 2817 1923 quam
2883 1836 3166 1924 regula
3233 1843 3485 1919 certa,
3559 1864 3833 1913 secun-

2293 1948 2476 2019 dum
2541 1971 2778 2041 quam
2835 1972 2964 2022 res
3008 1975 3090 2023 sc
3132 1953 3427 2028 habent
3486 1960 3580 2029 ad
3643 1959 3833 2030 invi—

2294 2084 2466 2135 cem
2501 2069 2936 2139 sccundum
2968 2069 3467 2143 differentias
3501 2075 3833 2164 positio-

2293 2202 2507 2251 num.
2544 2186 2685 2255 Vel
2721 2190 2870 2265 est,
2913 2186 3087 2258 istm
3124 2208 3253 2259 res
3289 2189 3404 2261 sic
3430 2213 3513 2261 sc
3547 2190 3831 2263 liaben-

2294 2304 2414 2371 tes
2450 2303 2880 2373 secundum
2920 2304 3117 2376 istas
3159 2306 3685 2389 differentias,
3734 2313 3830 2383 si-

2289 2422 2426 2488 cut
2488 2424 2843 2508 quatuor
2901 2421 3327 2503 elementa,
3391 2431 3470 2499 et
3529 2448 3828 2521 corpus

2289 2534 2611 2606 cieleste
2659 2537 3141 2610 ordinantur
3194 2539 3272 2611 in
3336 2543 3494 2614 situ
3551 2567 3828 2617 secuu-

2284 2648 2468 2719 dum
2513 2674 2840 2724 sursum
2875 2658 2953 2725 et
2986 2655 3389 2741 deorsum,
3437 2663 3516 2731 et
3552 2666 3825 2752 partes

2285 2766 2663 2848 hominis
2709 2771 3018 2843 scilicet
3066 2793 3348 2845 manus
3426 2782 3505 2849 et
3545 2782 3820 2863 costa»,

2284 2886 2719 2955 secundum
2775 2888 3146 2960 dextram
3215 2896 3294 2963 et
3366 2893 3815 2980 sinistram,

2281 3004 2359 3070 et
2395 2999 2510 3073 sic
2561 3003 2651 3072 de
2694 3004 2902 3074 aliis.

2373 3119 2515 3188 Sed
2581 3120 2801 3198 ordo,
2860 3121 2990 3213 qui
3051 3124 3433 3195 consistit
3495 3125 3568 3195 in
3627 3132 3818 3199 tem-

2283 3255 2503 3325 pore,
2569 3242 2692 3308 est
2761 3244 2988 3310 certa
3073 3241 3222 3321 lex,
3296 3243 3418 3312 vel
3505 3244 3813 3333 regula,

2281 3353 2710 3424 secundum
2775 3377 3014 3447 quam
3069 3379 3198 3429 res
3244 3383 3326 3430 se
3382 3359 3674 3432 habent
3726 3362 3820 3432 ad

2281 3470 2622 3545 invicem
2716 3475 2791 3546 in
2892 3481 3281 3568 tempore,
3378 3479 3816 3548 secundum

2284 3589 2506 3679 prius
2558 3596 2637 3661 et
2700 3593 3144 3682 posterius3
3221 3593 3431 3665 sicut
3507 3594 3819 3666 revolu-

2277 3703 2538 3775 tiones
2568 3708 2772 3788 cueli,
2825 3717 3081 3795 ortus,
3121 3723 3199 3790 ct
3237 3730 3816 3799 occasusstel-

2274 3821 2566 3903 larum,
2620 3829 3206 3918 oppositiones,
3281 3843 3361 3909 et
3430 3843 3812 3932 conjunc-

2276 3941 2564 4020 tiones,
2611 3949 2690 4015 et
2741 3948 3086 4040 eclipses
3135 3974 3217 4021 se
3262 3953 3559 4029 liabent
3604 3962 3816 4031 ordi-

2272 4063 2460 4130 nate.
2525 4060 2598 4130 in
2661 4063 2860 4134 ezelo
2941 4071 3372 4141 secundum
3447 4076 3674 4165 prius
3736 4085 3815 4152 et

2279 4179 2689 4267 posterius
2727 4180 2802 4251 in
2850 4186 3247 4275 tempore.

2362 4297 2569 4368 Ordo
2648 4300 3105 4372 consistens
3179 4305 3252 4374 in
3324 4313 3813 4385 causalitate

2269 4416 2392 4483 est
2438 4419 2665 4486 certa
2713 4415 2865 4497 lex,
2913 4418 3037 4488 vel
3094 4424 3378 4509 regula
3422 4446 3694 4499 rerum
3731 4453 3815 4498 se

2271 4527 2731 4602 habentium
2811 4534 2903 4603 ad
2991 4534 3334 4608 invicem
3417 4543 3808 4617 ordinate,

2271 4646 2480 4719 sicut
2554 4648 2627 4718 in
2690 4668 2986 4736 genere
3057 4675 3322 4726 causac
3385 4660 3812 4735 efficientis

2268 4769 2391 4834 est
2444 4764 2632 4835 talis
2698 4769 2891 4837 ordo
2957 4794 2969 4835 :
3041 4772 3304 4862 primo
3384 4781 3508 4848 est
3571 4780 3807 4858 Deus,

2273 4886 2550 4970 postea
2609 4884 3203 4971 Intelligentim,
3259 4892 3576 4963 demum
3639 4917 3812 4965 cor-

2270 5017 2472 5087 pora
2524 5001 2915 5081 cielestia,
2979 5011 3262 5096 postea
3313 5009 3483 5081 haec
3545 5012 3812 5085 fornia

2270 5114 2826 5203 particularis,
2883 5120 3218 5194 vel-ista
3268 5125 3584 5197 ‹lemum
3625 5129 3811 5199 cali-

2263 5230 2500 5308 ditas,
2551 5232 2672 5301 vel
2709 5233 2984 5325 aliqua
3041 5239 3394 5328 qualitas
3440 5246 3805 5326 mediate,

2266 5366 2421 5436 qua
2471 5353 2558 5419 lit
2634 5354 3007 5440 operatio
3063 5360 3444 5448 tanquam
3515 5363 3808 5433 instru-

2268 5469 2561 5536 mento.
2612 5469 2821 5538 Ordo
2870 5473 3326 5547 consistens
3385 5478 3459 5549 in
3511 5480 3806 5570 perfec-

2263 5581 2480 5656 tione
2566 5590 2689 5659 cst
2767 5593 2994 5662 certa
3081 5592 3231 5673 lex,
3317 5595 3439 5666 vcl
3524 5599 3804 5687 regula

3906 3114 4050 3161 Ordo
4084 3115 4148 3162 in

3887 3184 4149 3241 tenuiore.

3915 4309 4062 4357 Ordo

3848 4373 3905 4419 δη
3963 4387 4180 4419 causa-

3927 4432 4112 4481 litate.

3878 5476 4024 5524 Ordo
4087 5481 4152 5527 in

3840 5539 4047 5600 perfec!
4057 5542 4148 5588 ion
4155 5557 4184 5590 e
