4252 6393
779 445 892 508 164

766 609 893 678 ret
934 624 1079 697 per
1135 603 1613 677 divisionem
1646 603 1879 675 nubis
1924 627 1939 685 ;
1985 606 2067 676 et
2119 601 2309 694 quia

760 720 1013 793 nubes
1071 724 1195 794 est
1238 720 1638 794 difformis
1684 720 1762 791 in
1808 718 2183 799 raritate,
2227 720 2307 789 et

758 836 1190 918 densitate,
1263 838 1436 911 ideo
1508 857 1666 909 non
1736 835 2122 909 dividitur
2193 854 2308 904 re·

760 952 1190 1042 gulariter,
1251 955 1385 1026 sed
1441 952 1955 1032 difformiter,
2002 955 2081 1023 et
2142 953 2307 1023 tor-

761 1072 994 1141 tuose
1065 1096 1079 1139 :
1142 1070 1375 1142 modo
1438 1069 1871 1144 secundum
1951 1067 2304 1158 figuram

757 1184 1182 1258 divisionis
1214 1185 1447 1257 nubis
1492 1188 1838 1278 apparet
1877 1188 2144 1274 eigura
2179 1202 2304 1253 co-

765 1299 1283 1373 ruscationis.

850 1415 1172 1498 Quinto,
1246 1416 1539 1490 accidit
1607 1415 1813 1509 quod
1864 1414 2304 1487 audiuntur

764 1531 1138 1604 tonitrua
1181 1533 1492 1623 quando
1536 1535 1883 1625 apparet
1923 1551 2301 1604 corusca-

758 1648 874 1721 tio
910 1649 989 1720 in
1036 1648 1294 1721 medio
1338 1648 1596 1729 nubis,
1634 1652 1715 1721 et
1757 1668 1917 1720 non
1972 1648 2299 1720 audiun-

756 1770 893 1838 tur
925 1765 1238 1856 quando
1272 1769 1670 1858 apparent
1707 1764 1787 1836 in
1826 1765 2298 1838 extremita-

752 1882 993 1955 tibus.
1041 1886 1307 1957 Causa
1356 1886 1506 1964 est,
1556 1882 1743 1974 quia
1786 1883 2101 1974 quando
2166 1902 2297 1974 ap-

750 2003 985 2091 paret
1020 1999 1098 2070 in
1134 1999 1393 2071 medio
1418 1998 1678 2081 nubis,
1718 2003 1908 2073 tunc
1947 2000 2297 2071 materia

751 2115 1199 2189 includitur
1257 2116 1336 2188 in
1379 2116 1609 2197 nube,
1660 2137 1803 2208 per
1851 2117 2086 2209 cujus
2136 2136 2294 2188 mo-

748 2234 924 2304 tum
969 2232 1182 2304 infra
1233 2233 1523 2304 nubem
1584 2236 1982 2305 causatur
2015 2252 2290 2312 sonus,

748 2352 829 2421 et
859 2347 1109 2421 ctiam
1144 2367 1290 2440 per
1329 2346 1875 2439 diruptionem
1921 2347 2152 2418 nubis
2195 2369 2292 2419 ex

751 2458 1064 2556 impetu
1100 2463 1649 2537 exhalationis
1687 2489 1700 2532 :
1751 2464 1884 2535 sed
1926 2485 2110 2536 cum
2158 2485 2290 2536 co-

754 2579 1118 2652 ruscatio
1188 2583 1533 2672 apparet
1604 2578 1682 2651 in
1750 2580 2290 2654 extremitati-

745 2694 892 2766 bus
980 2694 1337 2777 nubium,
1414 2700 1604 2769 tunc
1696 2697 2045 2769 materia
2128 2718 2289 2770 non

745 2811 1209 2893 includitur,
1274 2832 1417 2886 nec
1462 2814 1549 2886 fit
1592 2833 1866 2893 sonus,
1912 2813 2068 2885 nisi
2124 2814 2286 2885 sue·

746 2925 857 2998 rit
891 2927 1277 3007 modicus,
1324 2926 1419 2998 ad
1458 2927 1776 2999 modum
1816 2927 2033 3000 illius
2076 2930 2281 3012 soni,

742 3041 880 3133 qui
912 3041 1003 3116 fit
1042 3063 1139 3114 ex
1173 3062 1512 3114 ascensu
1552 3043 1924 3115 flammae.

830 3163 1100 3242 Sexto,
1146 3159 1442 3236 accidit
1493 3162 1699 3253 quod
1763 3163 2025 3253 magis
2078 3165 2284 3238 liunt

739 3277 1357 3352 coruscationes
1386 3283 1568 3371 post
1607 3279 2052 3353 transitum
2092 3285 2285 3353 tem·

739 3395 1108 3488 pestatis,
1157 3414 1396 3487 quam
1436 3399 1780 3470 durante
1842 3402 2276 3490 tempesta-

740 3514 844 3583 te.
926 3516 1191 3584 Causa
1256 3517 1404 3594 est,
1487 3512 1677 3606 quia
1758 3513 2281 3587 humiditates

737 3645 1013 3717 aqueae
1065 3630 1255 3699 sunt
1297 3628 1641 3719 ‹leplutoe
1674 3630 2052 3701 deorsum
2102 3635 2282 3721 post

738 3746 1337 3834 tempestatem,
1412 3749 1491 3818 et
1562 3744 2087 3821 humiditates
2167 3768 2280 3818 re-

738 3860 1157 3930 manentes
1200 3858 1576 3951 superius
1630 3860 1891 3949 magis
1936 3867 2123 3934 sunt
2175 3863 2280 3933 (11-

733 3983 983 4066 gestae
1071 3997 1214 4071 per
1289 3974 1678 4055 calorem,
1766 3981 1846 4049 et
1914 3978 2280 4068 aptiores

733 4098 920 4167 sunt
961 4096 1054 4165 ad
1100 4091 1647 4183 recipiendam
1709 4091 2277 4166 inflammatio·

732 4228 939 4289 nem,
990 4228 1228 4302 quam
1264 4212 1528 4279 antea.
1600 4286 1605 4291 ,

819 4325 1182 4416 Septimo
1273 4322 1590 4403 accidit,
1679 4323 1890 4396 sieut
1960 4329 2271 4397 tactum

731 4440 886 4513 suit
950 4440 1027 4512 in
1089 4438 1626 4529 argumentis,
1676 4440 1882 4529 quod
1927 4441 2276 4530 quando-

732 4578 881 4647 que
956 4560 1354 4648 apparent
1421 4554 2040 4627 coruscationes
2103 4556 2275 4626 sine

730 4673 959 4746 nube.
1008 4679 1270 4745 Causa
1329 4675 1453 4743 est
1518 4669 1698 4748 ista,
1758 4670 1945 4761 quia
2002 4692 2270 4761 quam-

728 4789 852 4859 vis
913 4787 990 4858 in
1035 4786 1477 4857 Horizonte
1537 4789 1823 4856 nostro
1884 4804 2043 4855 non
2108 4785 2270 4857 sint

728 4903 1020 4995 aliqua}
1069 4901 1341 4981 nubes,
1439 4899 1822 4973 tamenin
1874 4900 2267 4971 Horizon-

728 5023 807 5091 te
848 5018 1052 5091 satis
1095 5017 1578 5109 propinquo,
1636 5021 1822 5088 sunt
1864 5016 2143 5097 nubeS,
2190 5017 2268 5087 in

728 5136 1017 5229 quibus
1059 5137 1259 5206 fiunt
1318 5133 1963 5213 coruscationes,
2010 5137 2089 5206 et
2137 5133 2266 5205 1110

724 5253 1067 5326 claritas
1103 5249 1321 5322 illius
1354 5249 1959 5321 coruscationis
1989 5251 2265 5321 reflec-

721 5367 929 5441 titur
970 5366 1063 5437 ad
1115 5383 1391 5434 aerem
1454 5360 1986 5451 inspissatum
2035 5384 2263 5453 supe-

717 5485 890 5557 rius
953 5482 1034 5554 in
1084 5478 1527 5552 Ilorizonte
1570 5481 1887 5549 nostro.
1940 5481 2037 5552 Et
2099 5479 2250 5552 1100

711 5605 804 5676 (10
847 5599 1219 5675 secundo.

1943 400 2087 506 1111.
2139 443 2209 506 u.
2258 399 2798 504 Mernououuu

2909 814 3331 872 ARTICULUS
3392 813 3480 870 111.

2677 991 2771 1054 De
2811 989 3153 1076 effectibus
3200 987 3703 1054 coruscationis.

2506 1179 2618 1248 De
2665 1179 2939 1261 tertio,
3015 1181 3328 1254 scilicet
3376 1181 3468 1251 (10
3542 1176 3961 1251 effectibus
4097 1201 4139 1253 υ.

2414 1297 3019 1369 coruscationis
3083 1322 3098 1366 :
3152 1299 3417 1390 primo
3473 1296 3550 1369 in
3601 1294 3963 1386 generali

2412 1412 2936 1485 consumitur
3022 1413 3466 1487 humiditas
3562 1417 3964 1485 unctuosa

2413 1524 2657 1597 aeris.
2734 1529 3120 1610 Secundo,
3184 1529 3654 1603 coruscatio
3717 1531 3964 1603 inter-

2411 1641 2582 1714 ficit
2624 1645 3014 1734 quasdam
3063 1646 3382 1738 plantas
3430 1650 3509 1720 et
3559 1647 3966 1737 vegetabi-

2410 1756 2548 1840 lia,
2587 1763 3133 1834 consumendo
3185 1763 3456 1844 flores,
3504 1767 3586 1836 et
3638 1763 3965 1837 fructus

2412 1879 2829 1960 arborum,
2878 1884 2957 1952 et
2992 1880 3489 1973 plantarum,
3537 1885 3617 1954 et
3659 1879 3808 1952 1100
3852 1880 3963 1952 fa-

2411 1994 2524 2067 cit
2589 1994 2808 2087 ipsos
2860 2016 3399 2074 marcescere,
3482 2000 3563 2070 et
3614 1979 3974 2088 quando-⁴

2411 2131 2561 2201 que
2598 2112 3138 2185 decolorando
3184 2111 3476 2185 solum.
3524 2113 3803 2185 Tertio
3834 2114 3965 2185 de-

2409 2226 2731 2300 colorat
2773 2228 3091 2301 vultum
3137 2227 3516 2300 hominis.
3565 2231 3665 2302 Et
3721 2249 3963 2320 quar-

2409 2346 2493 2415 to
2537 2349 2776 2417 nocet
2812 2345 3113 2425 oculis:
3150 2350 3230 2418 et
3266 2345 3542 2418 omnia
3575 2346 3733 2419 ista
3775 2365 3961 2438 pro-

2405 2459 2741 2534 veniunt
2777 2461 3098 2534 ratione
3132 2462 3558 2542 siccitatis,
3606 2466 3686 2534 et
3731 2461 3961 2533 mali-

2403 2575 2540 2649 tiae
2576 2577 2967 2651 materian
3012 2582 3128 2651 Ex
3166 2579 3345 2653 istis
3383 2582 3605 2672 patet
3638 2600 3813 2670 quae
3845 2579 3962 2653 sit

2404 2697 2702 2766 natura
2786 2695 3414 2776 coruscationis,
3495 2717 3671 2789 quae
3748 2696 3961 2768 acci-

2402 2810 2674 2884 dentia
2749 2812 2954 2903 ejuS,
3013 2814 3411 2903 quomodo
3480 2819 3954 2902 generetur,

2402 2930 2650 3019 etqui
2687 2927 2849 3000 sint
2884 2928 3059 3018 ejus
3114 2929 3476 3002 effectus.

2489 3044 2603 3116 Ad
2666 3045 3053 3118 rationes.
3135 3046 3249 3118 Ad
3314 3046 3686 3138 primam.
3768 3049 3955 3114 Tunc
4041 3066 4116 3115 Aa

2395 3164 2585 3248 fieret
2624 3165 2698 3230 in
2729 3164 2916 3243 nube,
2954 3166 3106 3236 ete.
3152 3164 3454 3235 Verum
3498 3167 3649 3243 est,
3700 3143 4161 3254 quan-,03:231

2398 3278 2650 3369 doque
2684 3282 2772 3351 tit
2826 3278 2904 3350 in
2956 3280 3185 3360 nube,
3235 3281 3708 3371 quandoque
3769 3278 3953 3351 sine

2398 3394 2601 3466 nube
2636 3415 2779 3485 per
2823 3396 3342 3468 reflexionem
3384 3395 3800 3470 claritatis
3848 3396 3952 3468 ad

2399 3528 2672 3580 aerem
2735 3509 3293 3601 inspissatum.

2489 3627 2587 3697 Et
2621 3626 2932 3716 quando
2964 3608 3292 3700 dicitur.
3342 3630 3560 3695 Minus
3597 3629 3783 3695 debet
3831 3631 3953 3712 fie·
4049 3654 4151 3707 ,111

2394 3746 2485 3819 ri,
2566 3746 2722 3831 etc..
2800 3742 2978 3814 dico
3054 3743 3261 3833 quod
3340 3743 3500 3815 imo
3556 3743 3955 3817 similiter

2395 3856 2623 3931 dehet
2691 3878 3093 3950 apparere
3171 3865 3542 3951 tempore
3621 3861 3953 3933 nebulo·
4143 3932 4144 3963 ,

2397 3993 2511 4052 so,
2597 3995 2836 4065 quam
2901 3981 3269 4067 tempore
3329 3976 3556 4049 claro
3601 3982 3682 4050 et
3730 4000 3954 4051 sere·
4139 3998 4142 4077 1

2395 4107 2522 4167 no,
2586 4095 2926 4182 propter
2983 4110 3276 4163 causas
3326 4092 3554 4183 prius
3636 4093 3931 4177 dictas,

2394 4206 3061 4294 quemadmodum
3095 4208 3458 4280 videmus
3494 4210 3699 4300 quod
3728 4230 3950 4283 com-

2393 4318 2662 4393 bustio
2703 4322 2986 4393 domus
3028 4344 3074 4393 a
3111 4323 3544 4398 remotiori
3585 4326 3941 4408 videtur,

2392 4440 2473 4507 et
2527 4436 2786 4527 magis
2837 4438 3165 4510 incensa
3215 4440 3306 4511 (10
3365 4445 3628 4523 nocte,
3695 4463 3947 4533 quam

2389 4551 2481 4621 (10
2540 4552 2687 4635 «lie,
2734 4558 2815 4628 et
2874 4553 3126 4627 adhuc
3192 4575 3451 4646 magis
3511 4558 3603 4629 de
3652 4558 3803 4640 die,
3873 4560 3945 4633 si

2390 4672 2706 4760 tempus
2755 4670 3003 4744 suerit
3057 4672 3519 4754 obscurum,
3578 4695 3824 4765 quam
3872 4678 3942 4750 si

2389 4784 2640 4859 fuerit
2683 4787 2999 4858 clarum
3043 4792 3122 4860 et
3167 4809 3570 4861 serenum.
3638 4794 3943 4864 Conce-

2383 4901 2479 4971 (10
2517 4906 2787 4975 tamen
2831 4904 3033 4994 quod
3078 4904 3374 4997 saepius
3416 4908 3505 4979 fit
3547 4928 3941 4981 corusca-

2385 5016 2500 5089 tio
2532 5039 2771 5109 quam
2810 5019 3291 5102 tonitruum,
3323 5043 3415 5093 00
3452 5023 3658 5113 quod
3695 5045 3946 5115 quan-

2376 5132 2631 5224 doque
2693 5138 2780 5208 lit
2864 5157 3005 5228 per
3058 5137 3595 5210 inclusionem
3686 5147 3945 5214 mate-

2385 5248 2527 5318 riae
2560 5248 2768 5320 infra
2805 5250 3122 5330 nubem,
3159 5257 3237 5324 ct
3274 5253 3757 5344 quandoque
3794 5275 3941 5347 per

2383 5371 2694 5438 motum
2753 5366 3121 5440 materiae
3168 5366 3382 5440 inter
3440 5368 3721 5451 nubes,
3802 5372 3937 5443 sed

2379 5483 2842 5556 tonitruum
2887 5484 3149 5555 solum
3205 5486 3294 5557 tit
3336 5505 3519 5557 cum
3576 5487 3934 5560 materia

2378 5599 2818 5673 includitur
2880 5598 3092 5671 infra
3150 5600 3467 5675 nubem.
3525 5600 3932 5677 Similiter
