4252 6393
307 1416 394 1467 Λα
414 1352 633 1491 «Qum.

310 1479 355 1527 L
418 1479 630 1540 pum&-

299 1541 445 1604 zmk.

366 2302 528 2353 Ad2.

363 3828 526 3882 Ada.

369 4881 526 4931 Ad4.

371 5340 523 5392 Aa&

668 359 775 424 170

648 522 897 596 etiam
960 522 1101 597 illa
1155 527 1511 598 vocatur
1567 527 1888 608 incensio,
1933 527 2013 598 et
2055 544 2195 616 ap-

652 644 885 732 paret
926 642 1159 734 quasi
1197 641 1589 714 diluvium
1634 641 1871 731 ignis,
1917 645 1998 714 et
2049 660 2195 734 per

649 758 856 831 tales
889 759 1270 834 civitates
1301 759 1902 834 comburuntur
1932 764 2013 832 et
2074 780 2192 831 re-

648 872 955 964 giones,
992 879 1073 948 et
1104 874 1255 949 hoc
1300 879 1713 950 testantur
1747 875 1983 948 multi
2014 895 2194 948 auc-

649 993 902 1074 tores,
987 995 1070 1065 et
1145 991 1396 1066 etiam
1462 992 1788 1065 videtur
1859 994 2196 1066 innuere

651 1108 1145 1183 Aristoteles
1179 1115 1255 1179 in
1285 1113 1455 1181 libro
1483 1135 1600 1179 suo
1631 1113 1713 1179 de
1743 1113 2013 1182 Munda
2055 1112 2196 1182 Pa-

652 1229 769 1299 tet
804 1224 1062 1315 igitur
1093 1228 1494 1317 quomodo
1543 1231 2013 1318 genera-tur.

747 1341 861 1413 Ad
922 1342 1312 1416 rationes.
1385 1343 1498 1415 Ad
1569 1343 1944 1437 primam,
2017 1357 2191 1425 tunc,

658 1464 812 1534 etc.
911 1463 1276 1536 Concedo
1360 1463 2023 1555 consequentiam
2117 1466 2199 1534 et

660 1599 1194 1671 consequens,
1284 1584 1365 1654 et
1431 1582 1526 1653 ad
1605 1580 2195 1673 probationem,

658 1697 1007 1768 concedo
1043 1697 1250 1788 quod
1291 1701 1416 1770 est
1449 1696 1673 1779 leviS,
1719 1700 1995 1770 tamen
2032 1694 2198 1767 vio-

655 1811 919 1886 lenter
960 1813 1453 1906 propellitur
1481 1815 1885 1894 deorsum,
1926 1832 2199 1904 quem-

650 1928 1075 2002 admodum
1148 1931 1622 2023 quandoque
1697 1929 2196 2004 constitutus

651 2043 868 2118 inter
907 2045 1209 2137 digitos
1239 2047 1650 2121 violenter
1703 2046 2199 2141 propellitur

652 2182 1008 2235 sursum.
1472 2220 1476 2224 .

737 2278 852 2350 Ad
895 2280 1352 2361 secundam,
1388 2283 1533 2349 ²⁸⁸1oe
1561 2283 1952 2370 quandoque
1989 2305 2195 2369 appa-

649 2409 799 2464 rent
840 2400 913 2464 in
949 2402 1328 2468 serenitate.
1367 2397 1605 2472 Multi
1636 2403 1938 2489 negant
1971 2399 2190 2481 illud,

648 2514 731 2584 et
763 2512 1040 2585 neseio
1086 2512 1152 2585 si
1187 2512 1293 2587 sit
1329 2519 1784 2606 expertum,
1823 2519 2094 2587 tamen
2126 2516 2196 2589 si

652 2627 768 2700 ita
809 2628 940 2710 sit,
978 2632 1168 2702 tunc
1210 2629 1774 2705 exhalationes
1820 2631 1996 2705 istae
2036 2633 2195 2705 ele-

648 2747 860 2816 vatae
895 2744 1271 2837 superius
1316 2745 1866 2829 intenduntur,
1912 2751 1993 2819 et
2032 2746 2195 2820 for-

649 2859 1074 2934 tificantur
1131 2883 1177 2934 a
1221 2861 1677 2954 frigiditate
1737 2863 2013 2936 mediae
2075 2885 2192 2937 re-

651 2975 946 3068 gionis,
1002 2982 1082 3052 et
1125 2979 1443 3052 tandem
1489 2979 1956 3054 fortificatae
2008 3002 2191 3053 con·

651 3092 1037 3168 similiter
1071 3097 1666 3189 propelluntur,
1714 3117 1808 3170 ac
1844 3098 1912 3169 si
1948 3098 2192 3171 inclu-

648 3211 1037 3286 derentur
1095 3215 1176 3285 in
1237 3216 1466 3286 nube.
1529 3219 1830 3289 Verum
1892 3221 2017 3292 est
2076 3222 2193 3291 ta-

653 3348 834 3401 men
894 3331 1099 3421 quod
1153 3331 1222 3403 si
1281 3338 1731 3425 appareant
1789 3333 2193 3408 existente

650 3446 1118 3530 serenitate,
1159 3448 1412 3522 multo
1447 3454 1635 3522 sunt
1670 3449 2193 3522 remissiores

646 3568 728 3637 et
770 3562 1035 3634 minus
1071 3563 1531 3656 impetuosi,
1585 3585 1824 3656 quam
1868 3566 1936 3637 si
1978 3566 2192 3640 veni-

650 3683 834 3753 rent
865 3679 956 3750 de
997 3679 1224 3752 nube.

736 3795 849 3868 Ad
908 3795 1271 3877 tertiam,
1320 3810 1474 3864 tunc
1512 3811 1934 3865 moverentur
1979 3802 2193 3867 circu-

647 3914 919 3993 lariter,·
988 3911 1336 3984 concedo
1397 3937 1411 3979 ε
1487 3914 1566 3982 01
1628 3915 1819 3984 111110
1877 3914 2191 4004 quando

644 4027 970 4108 dicitur,
1013 4041 1104 4095 est
1161 4029 1492 4117 quoddam
1541 4031 1846 4110 mt'oemm,
1905 4050 2189 4101 verum

645 4149 770 4217 est
812 4144 1018 4236 quod
1061 4143 1140 4215 in
1185 4147 1407 4218 motu
1464 4165 1609 4216 suo
1664 4146 2022 4219 naturali
2063 4147 2191 4218 de-

645 4260 779 4334 bet
821 4259 1132 4332 moveri
1187 4280 1330 4351 per
1380 4264 1764 4333 naturam
1809 4262 2191 4335 elementi

644 4374 1137 4450 dominantis
1173 4375 1253 4446 in
1286 4396 1406 4457 eo,
1461 4376 1594 4448 scd
1636 4380 1908 4450 tamen
1963 4383 2189 4452 motu

644 4491 1030 4572 violento,
1097 4497 1185 4565 ut
1245 4514 1342 4563 ex
1404 4493 1665 4584 pulsu,
1729 4494 1853 4564 vel
1916 4494 2189 4586 aliquo

645 4607 1134 4700 hujusmodi,
1185 4611 1454 4699 potest
1489 4608 1802 4680 moveri
1851 4608 2193 4681 circula-

650 4725 884 4798 riter.

737 4841 851 4912 Ad
886 4843 1291 4932 quartam.
1336 4840 1640 4915 dictum
1690 4845 1815 4916 est
1866 4843 1941 4914 in
1987 4843 2192 4935 posi-

650 4956 894 5039 tione,
942 4959 1148 5048 quod
1181 4957 1331 5032 hoc
1373 4979 1534 5030 non
1584 4959 1672 5032 fit
1729 4981 1870 5051 per
1921 4980 2192 5031 ascen-

650 5094 830 5145 sum
901 5074 1075 5164 ejus
1162 5095 1208 5146 a
1277 5079 1530 5156 terra,
1601 5075 1733 5147 sed
1810 5097 1952 5167 per
2018 5076 2193 5167 ejus

651 5190 1172 5262 reflexionem
1209 5211 1252 5261 a
1287 5194 1540 5263 terra.

737 5308 849 5379 Ad
885 5308 1276 5399 quintam,
1312 5307 1489 5379 dico
1525 5310 1729 5399 quod
1765 5307 2193 5388 violenter,

650 5428 731 5496 et
785 5425 1098 5514 quando
1151 5424 1452 5502 dicitur
1495 5425 1698 5515 quod
1749 5446 1983 5496 omne
2027 5447 2199 5497 mo-

651 5560 873 5625 vens,
909 5545 1062 5619 otc.
1110 5541 1487 5626 concede,
1534 5545 1685 5614 etc.
1735 5544 1836 5620 Et
1879 5541 2051 5620 ideo
2085 5542 2200 5619 di-

1837 362 1981 426 LlB.
2032 363 2132 425 lll.
2180 356 2723 429 METEORORUM

2310 543 2433 605 co,
2483 522 2691 615 quod
2755 522 2993 615 quale
3034 525 3159 595 est
3210 541 3543 593 movens
3587 520 3854 595 imme-

2306 638 2622 713 diatum
2685 638 2763 710 in
2837 639 3196 713 motibus
3264 638 3852 731 projectorum,

2309 756 2473 831 tale
2513 757 2767 831 etiam
2806 762 3023 831 esset
3058 778 3393 829 movens
3448 755 3858 829 immedia-

2308 880 2481 950 tum
2537 875 2979 969 Typhonis,
3025 879 3105 947 et
3167 874 3624 967 Ecnephiae,
3690 873 3858 945 sive

2314 1013 2647 1066 movens
2685 992 2821 1064 ille
2871 991 2980 1065 sit
3031 991 3411 1083 impetus,
3475 988 3851 1069 influxus,

2312 1109 2481 1181 sive
2515 1109 2887 1181 medium.

2400 1226 2512 1297 Ad
2569 1224 2945 1299 ultimam
3003 1222 3268 1295 visum
3326 1227 3452 1296 est
3502 1221 3853 1314 qualiter
3958 1220 4090 1273 Αᾶθι

2312 1343 2511 1415 bene
2543 1346 2816 1434 potest
2847 1339 3341 1432 congregari
3385 1342 3615 1412 tanta
3659 1339 3859 1410 mul-

2313 1459 2569 1533 titudo
2612 1456 3186 1531 exhalationis.

2757 1772 3224 1854 QUAESTIO
3308 1775 3410 1845 II.

2317 1972 2553 2039 Utrum
2616 1970 2877 2057 fulmen
2920 1970 3008 2035 sic
3074 1969 3252 2055 iqnis
3316 1968 3712 2035 descendens
3780 1968 3861 2034 de

2979 2084 3192 2152 nube?

2401 2283 2804 2373 Arguitur
2854 2280 3062 2373 quod
3113 2301 3300 2361 non,
3366 2281 3661 2373 primo,
3724 2280 3901 2351 vel.
3950 2302 4042 2354 .,1.
4076 2349 4121 2375 ,,

2312 2401 2466 2474 1510
2509 2400 2722 2491 ignis
2754 2403 2969 2471 esset
3003 2402 3441 2489 generatus
3496 2397 3574 2469 in
3616 2397 3849 2478 nube,
3901 2368 4139 2475 Arma-

2306 2517 2434 2590 vel
2468 2517 2820 2597 aliunde;
2856 2535 3014 2587 non
3049 2515 3314 2608 primo
3351 2514 3610 2596 mode,
3660 2514 3853 2606 quia

2308 2652 2518 2724 aqua
2576 2653 2738 2704 non
2795 2635 2921 2704 est
2995 2629 3223 2701 locus
3293 2627 3855 2719 generationis

2311 2752 2548 2842 ignis,
2621 2751 2798 2843 plus
2869 2768 3110 2841 quam
3172 2747 3383 2838 ignis
3438 2751 3566 2821 051
3622 2748 3858 2820 100115

2309 2866 2866 2959 generationis
2901 2885 3163 2956 aquam
3203 2885 3345 2938 nec
3378 2864 3696 2937 aliunde
3730 2886 3859 2936 ve-

2306 2984 2451 3065 nit,
2508 2983 2694 3076 quia
2740 3002 2900 3054 non
2953 2985 3295 3073 apparet
3345 2981 3547 3053 unde
3588 2980 3858 3074 possit

2303 3101 2609 3174 venire.

2398 3216 2786 3297 SecundO,
2825 3213 2893 3287 si
2937 3214 3079 3295 sic,
3118 3218 3603 3305 sequeretur
3646 3216 3857 3306 quod
3892 3248 4187 3301 Secundum*

2308 3332 2827 3405 combureret
2872 3349 3106 3402 omne
3141 3329 3333 3401 illud
3368 3350 3616 3422 super
3648 3351 3749 3421 qu
3766 3330 3861 3404 od

2306 3449 2656 3522 caderet.
2749 3450 3274 3537 Consequens
3357 3450 3482 3519 est
3562 3450 3864 3520 contra

2305 3561 2924 3657 experientiam,
2991 3560 3178 3652 quia
3246 3559 3664 3633 multoties
3742 3562 3864 3633 in-

2309 3683 2615 3756 terficit
2660 3681 3073 3754 hominem
3126 3679 3299 3751 sine
3357 3679 3865 3752 combustio-

2306 3821 2427 3879 ne,
2494 3802 2581 3871 ut
2644 3800 2867 3891 patet
2926 3797 3020 3868 ad
3080 3793 3697 3888 experientiam.
3762 3799 3865 3869 Et

2308 3916 2709 4009 probatur
2749 3911 3357 4004 consequentia,
3416 3911 3604 4002 quia
3647 3933 3864 3983 sem-

2306 4050 2452 4122 per
2496 4029 2704 4119 ignis
2736 4032 2977 4101 natus
3011 4030 3135 4099 est
3166 4025 3669 4099 comburere.

2410 4145 2718 4226 Tertio;
2801 4144 2989 4236 quia
3082 4142 3450 4235 implicat
3524 4142 3857 4226 salsum,
3921 4159 4187 4244 Ter-esua

2306 4264 2513 4354 quod
2557 4261 2857 4333 fulmen
2903 4261 3011 4334 sit
3056 4260 3290 4350 ignis,
3327 4264 3406 4333 et
3449 4260 3656 4352 quod
3687 4262 3861 4332 des-

2304 4380 2589 4453 cendat
2629 4381 2721 4451 de
2770 4378 3002 4458 nube,
3069 4378 3257 4469 quia
3321 4378 3585 4450 omnis
3640 4379 3859 4470 ignis

2304 4502 2429 4571 est
2462 4503 2705 4572 natus
2748 4496 3181 4569 ascendere
3217 4517 3570 4568 sursum.

2395 4613 2731 4691 Quarto,
2784 4608 2972 4700 quia
3012 4608 3139 4679 vel
3183 4607 3489 4680 fulmen
3522 4629 3859 4698 genera·
3892 4656 4145 4711 Quartum.
4186 4681 4187 4686 ,

2306 4729 2540 4798 retur
2584 4724 3141 4798 indifferenter
3196 4724 3276 4795 in
3326 4725 3686 4817 quolibet
3741 4727 3861 4798 10-

2306 4864 2426 4924 00,
2492 4847 2572 4915 01
2634 4846 3031 4934 tempore,
3099 4842 3227 4913 vel
3300 4843 3379 4913 in
3448 4842 3909 4933 aliquibus·

2308 4959 2599 5050 majus,
2663 4963 2741 5031 et
2801 4957 3206 5048 aliquibus
3271 4958 3536 5031 minus
3607 4985 3622 5027 ε
3696 4980 3863 5032 11011

2307 5075 2870 5171 primo-modo,
2914 5077 3254 5166 propter
3284 5075 3644 5146 eamdem
3676 5096 3862 5147 cau-

2310 5212 2510 5273 sam,
2560 5212 2733 5283 quae
2792 5191 3218 5262 dicebatur
3283 5190 3374 5262 de
3444 5190 3859 5283 Typhone,

2309 5313 2389 5381 et
2423 5308 2606 5380 aliis
2645 5306 3365 5398 impressionibus;
3403 5326 3547 5378 nec
3583 5328 3865 5379 secun-

2308 5426 2405 5497 do
2464 5425 2722 5503 modo,
2791 5422 2975 5513 quia
3043 5423 3305 5512 magis
3366 5428 3555 5496 tunc
3623 5423 3865 5497 fieret

2312 5539 2852 5638 temporibus,
2927 5544 3007 5618 01
3076 5539 3275 5617 locis
3342 5541 3857 5638 temperatiS,
