4252 6393
1562 972 2520 1224 INDEX

577 1481 1671 1599 QUAES'HONUM
1757 1482 3498 1590 METEOROLOGICARUM

1707 1874 1994 1945 LIBRI
2051 1876 2357 1946 PRIMI

425 2180 757 2246 QUAESTlO
787 2181 827 2235 1.
971 2181 1191 2237 Utrum
1223 2179 1300 2235 de
1337 2179 1853 2251 impressionibus
1894 2181 2248 2237 meteoricis
2289 2182 2367 2237 sit
2397 2181 2679 2249 scientia,
2714 2187 3006 2255 tanquam
3030 2183 3107 2240 de
3138 2183 3450 2255 subjecto?
3593 2186 3629 2242 3

421 2276 829 2345 QUAESTIOll.
967 2277 1058 2332 An
1114 2276 1554 2346 impressiones
1578 2276 1925 2331 meteoricae
1950 2272 3097 2352 flantpernaturamjnoi-dinatiorem,
3131 2295 3203 2338 ea
3228 2283 3449 2337 natura

1031 2386 1170 2441 quae
1226 2375 1316 2427 est
1376 2371 1626 2441 propria
1705 2373 2195 2428 elementorum?
2306 2416 3446 2435 .............
3591 2377 3627 2431 8

957 2476 1108 2526 Aur.
1147 2469 1187 2521 Ι.
1267 2470 1361 2522 An
1398 2468 1844 2537 impressiones
1873 2469 2219 2525 meteoricae
2269 2469 2416 2526 fiant
2447 2471 2791 2527 secundum
2836 2474 3159 2528 naturam?
3240 2517 3251 2529 .
3334 2517 3346 2528 .
3431 2516 3443 2528 .
3591 2471 3627 2525 9

951 2569 1097 2622 Aur.
1136 2564 1205 2618 11.
1257 2564 1316 2617 ln
1353 2577 1470 2632 quo
1502 2564 1785 2618 universi
1814 2563 1962 2620 ordo
1992 2561 2320 2620 consistat?
2401 2608 3457 2626 ............
3559 2569 3625 2624 10

959 2667 1108 2717 ΛΒΤ.
1142 2662 1223 2715 Ill.
1265 2661 1346 2716 De
1397 2662 1615 2719 ordine
1651 2661 2132 2729 impressionum
2175 2662 2694 2717 meteoricarum?
2776 2707 3441 2722 ........
3559 2665 3626 2719 12

414 2757 751 2827 QUAESTIO
785 2756 875 2811 ΙΙΙ.
954 2756 1174 2810 Utrum
1202 2768 1454 2811 necesse
1486 2756 1566 2810 sit
1600 2755 1784 2810 istum
1813 2752 2114 2809 mundum
2148 2753 2515 2811 inferiorem
2548 2771 2680 2812 esse
2713 2759 3077 2814 continuum
3113 2757 3447 2815 lationibus

1024 2851 1476 2922 superioribus,
1544 2853 1610 2907 ut
1639 2856 1756 2908 tota
1789 2853 1994 2909 virtus
2022 2852 2157 2920 ejus
2183 2852 2321 2907 inde
2348 2852 2775 2921 gubernetur?
2856 2897 3437 2914 .......
3560 2854 3623 2909 13

953 2951 1103 3003 Aa'r.
1140 2948 1174 3004 l.
1252 2950 1344 3002 An
1380 2945 1648 3002 mundus
1673 2950 1785 3006 iste
1810 2951 2075 3007 inferior
2097 2950 2179 3004 sit
2209 2952 2542 3007 continuus
2566 2952 2932 3022 corporibus
2954 2950 3344 3008 cznlostibus'?
3426 2993 3438 3005 .
3558 2949 3619 3005 1⁴

947 3047 1098 3100 ΛΒΤ.
1136 3045 1199 3100 11.
1244 3046 1337 3099 An
1372 3045 1574 3114 prima
1625 3060 1807 3101 causa
1841 3048 2034 3118 possit
2065 3046 2427 3105 immediate
2463 3061 2680 3116 regere
2714 3047 2901 3104 istum
2936 3047 3240 3104 mundum
3276 3047 3439 3102 inse-

1326 3140 1556 3198 riorem
1593 3137 1616 3192 3
1698 3184 2184 3200 ......
2222 3204 2232 3228 0
2269 3184 3430 3200 .............
3549 3140 3617 3196 15

941 3241 1090 3294 ΛΒΤ.
1124 3240 1207 3295 111.
1245 3240 1336 3294 An
1369 3238 1659 3295 voluntas
1711 3241 1918 3294 noztra
1959 3237 2158 3293 subsit
2213 3237 2577 3308 corporibus
2626 3237 3009 3303 eccles-tibus,
3072 3236 3433 3310 recipiendo

1319 3332 1766 3403 impressiones
1788 3333 1863 3389 ab
1887 3330 2014 3390 eis?
2096 3376 3444 3392 ...............
3544 3334 3611 3389 17

403 3432 738 3501 QUAESTIO
771 3430 866 3488 lv,
947 3432 1168 3488 Utrum
1210 3432 1438 3488 coelum
1474 3433 1551 3488 sit
1601 3431 1675 3488 de
1719 3438 1943 3490 natura
1986 3436 2191 3504 ignis?
2272 3479 2283 3490 .
2366 3453 2376 3463 ·
2463 3477 3423 3492 ...........
3542 3430 3609 3485 18

938 3531 1088 3584 ΛΒΤ.
1124 3531 1162 3584 Ι.
1241 3530 1478 3587 Praeter
1509 3530 1817 3589 elementa
1849 3535 2115 3602 quatuor
2162 3547 2415 3589 necesse
2447 3537 2539 3589 est
2581 3546 2812 3603 ponere
2852 3544 3078 3602 corpus
3110 3530 3425 3600 quintum.
3542 3529 3610 3583 19

941 3628 1091 3683 Aur.
1125 3629 1186 3683 11.
1237 3626 1475 3699 Corpus
1514 3626 1802 3698 quintum
1857 3645 1976 3686 non
2025 3635 2117 3687 est
2175 3630 2253 3687 de
2304 3634 2526 3688 natura
2571 3630 2735 3700 ignis
2744 3666 3422 3684 ........
3535 3624 3607 3678 20

398 3726 737 3796 QUAESTIO
770 3726 838 3780 V.
936 3724 1155 3780 Utrum
1191 3721 1493 3781 infinities
1523 3724 1752 3781 eaedem
1785 3726 2110 3797 opiniones
2143 3724 2573 3783 reiterentur?
2652 3764 3424 3782 .........
3537 3718 3609 3775 22

935 3822 1085 3876 ΛΒΤ.
1120 3822 1160 3878 Ι.
1236 3822 1381 3887 Quae
1413 3822 1736 3891 opiniones
1760 3824 1887 3879 sint
1917 3823 2281 3892 variabiles,
2314 3828 2373 3881 et
2405 3824 2566 3880 circa
2593 3837 2744 3895 quas
2777 3822 3067 3878 scientias
3099 3821 3179 3877 sit
3213 3820 3434 3888 thus-

1310 3915 1469 3972 modi
1517 3918 1783 3974 variatio
1812 3917 2176 3987 opinionum
2191 3957 3351 3975 .............
3534 3919 3605 3975 23

923 4019 1073 4071 ΛΒΤ.
1107 4015 1168 4069 11.
1207 4016 1287 4069 De
1309 4027 1494 4069 causa
1515 4013 1825 4070 efficiente
1860 4017 1925 4071 in
1959 4017 2306 4074 universali
2345 4020 2713 4076 variationis
2743 4017 3127 4086 opinionum.
3212 4058 3223 4069 .
3308 4056 3317 4067 .
3401 4058 3412 4069 .
3533 4015 3602 4069 21

917 4114 1067 4168 ΛΒΤ.
1101 4112 1184 4167 111.
1217 4111 1298 4164 De
1329 4122 1516 4164 causa
1559 4107 1870 4167 efficiente
1924 4111 1988 4167 in
2041 4114 2409 4184 particulari
2444 4113 2813 4171 variationis
2843 4111 3230 4183 opinionum.
3316 4154 3325 4164 .
3410 4152 3422 4164 .
3534 4108 3606 4164 25

912 4209 1061 4262 Aur.
1097 4206 1186 4260 IV.
1221 4205 1300 4258 De
1333 4218 1520 4259 causa
1554 4202 1725 4260 finali
1766 4208 2138 4264 variationis
2171 4210 2535 4280 opinionum
2550 4248 3418 4266 ..........
3532 4204 3603 4260 25

391 4303 723 4370 QUAESTIO
757 4303 853 4358 Vl.
906 4303 1127 4358 Utrum
1160 4315 1356 4372 vapor
1388 4300 1467 4355 sit
1497 4300 1572 4356 de
1606 4306 1826 4359 nat-ira
1866 4305 2054 4371 aeris,
2107 4309 2168 4362 et
2199 4306 2511 4362 exhalatio
2543 4306 2619 4361 de
2671 4310 2890 4362 natura
2936 4305 3135 4373 ignis?
3215 4349 3225 4359 .
3310 4347 3319 4358 .
3404 4347 3416 4359 .
3531 4304 3602 4357 26

389 4400 722 4466 QUAESTIO
745 4400 862 4456 Vll.
899 4399 1120 4454 Utrum
1157 4397 1323 4466 ignis
1373 4396 1435 4452 iu
1471 4412 1739 4453 concavo
1768 4398 1936 4455 orbis
1989 4402 2177 4456 Lunae
2229 4401 2629 4457 circulariter
2678 4395 3040 4455 moveatur?
3119 4440 3129 4451 .
3214 4440 3223 4451 .
3311 4441 3319 4450 .
3404 4440 3415 4451 .
3529 4398 3602 4452 29

913 4494 1063 4547 Aur.
1097 4493 1136 4547 Ι.
1216 4490 1384 4558 Ignis
1415 4494 1505 4546 est
1539 4491 1599 4545 in
1632 4505 1902 4546 concavo
1940 4491 2109 4547 orbis
2146 4493 2331 4546 Lunae
2341 4531 3413 4547 ............
3527 4488 3599 4542 30

912 4592 1063 4644 ΛΒΤ.
1098 4586 1164 4642 Π.
1200 4589 1292 4641 An
1327 4585 1495 4653 ignis
1529 4589 1857 4642 moveatur
1888 4586 2290 4643 circulariter
2323 4588 2384 4641 in
2410 4602 2678 4643 concavo
2710 4586 2876 4641 orbi<
2912 4586 3133 4640 lunai?
3214 4629 3224 4640 .
3309 4628 3320 4639 .
3403 4630 3414 4642 .
3526 4584 3597 4639 33

388 4684 724 4749 QUAESTIO
751 4683 883 4739 Vlll.
906 4682 1126 4737 Utrum
1152 4694 1264 4737 aer
1284 4681 1361 4737 sit
1385 4681 1759 4737 naturaliter
1781 4680 2023 4736 calidus
2044 4686 2103 4737 et
2129 4680 2463 4737 humidus?
2546 4722 3411 4737 ..........
3526 4680 3594 4735 31

385 4780 722 4845 QUAESTIO
755 4780 854 4834 lx.
908 4779 1128 4833 Utrum
1165 4776 1368 4832 media
1402 4778 1577 4845 regio
1607 4777 1777 4833 aeris
1810 4777 1889 4834 sit
1919 4791 2167 4848 semper
2200 4777 2466 4847 frigida?
2548 4819 3414 4834 ..........
3528 4778 3597 4832 37

913 4875 1062 4927 ΛΒΤ.
1101 4871 1142 4925 Ι.
1225 4872 1303 4925 De
1336 4870 1734 4927 distinctione
1786 4871 2115 4941 regionum
2150 4872 2339 4936 aeris,
2382 4869 2724 4926 secundum
2762 4872 2972 4935 situm,
3028 4871 3417 4940 qualitatem,

1302 4969 1365 5022 et
1397 4963 1665 5033 figuram
1679 5005 3415 5023 ...................
3529 4966 3600 5019 39

921 5067 1070 5119 ΛΒΤ.
1107 5064 1176 5119 11.
1235 5063 1313 5116 De
1357 5058 1699 5130 frigiditate
1739 5060 1951 5116 modia·
1986 5062 2288 5131 regimim,
2352 5066 2411 5117 et
2460 5060 2537 5117 «le
2569 5062 2774 5117 causis
2827 5062 3049 5132 ipsius»,
3109 5065 3329 5131 agente
3361 5065 3421 5118 et

1305 5151 1499 5208 finali.
1585 5194 1596 5206 .
1683 5197 1692 5208 .
1752 5174 1758 5181 ·
1778 5194 3413 5209 ..................
3526 5156 3591 5211 41

905 5250 1051 5302 ΛΒΤ.
1086 5246 1177 5302 lll.
1214 5243 1406 5299 Dubia
1438 5242 1604 5297 circa
1639 5242 1933 5312 praedicta
1946 5286 3397 5300 ................
3516 5245 3588 5300 43

376 5340 706 5407 QUAESTIO
741 5341 812 5395 X.
896 5342 1113 5397 Utrum
1141 5343 1336 5395 motus
1362 5337 1574 5393 localis
1601 5337 2056 5393 <it‘causativus
2081 5339 2309 5393 caloris
2336 5340 2356 5389 μ’
2437 5379 3410 5394 ...........
3524 5340 3594 5395 48

893 5439 1043 5489 ΛΒΤ.
1076 5431 1123 5487 ῐ.
1202 5430 1537 5501 Opiniones
1571 5429 1644 5484 tle
1682 5429 1861 5486 modo
1895 5446 2016 5500 quo
2049 5434 2389 5500 generatur
2420 5431 2592 5487 calor
2625 5447 2698 5487 ex
2728 5435 2889 5486 motu
2918 5430 3218 5499 corporis.
3304 5472 3314 5483 .
3398 5473 3410 5486 .
3526 5432 3595 5486 49

891 5530 1042 5582 ΛΒΤ.
1082 5528 1146 5581 11.
1212 5524 1584 5591 Assignatur
1617 5524 1851 5579 veritas
1888 5525 2049 5580 modi
2074 5524 2506 5581 calefactionis
2531 5540 2605 5580 ex
2631 5528 2792 5581 motu
2817 5522 3118 5592 corporis,
3205 5566 3215 5577 .
3300 5568 3311 5579 .
3397 5566 3409 5579 .
3521 5524 3592 5577 50

906 5622 1056 5672 ΛΒΤ.
1092 5619 1174 5672 ΙΙΙ.
1228 5618 1306 5670 Do
1338 5614 1740 5673 calefactione
1777 5615 1943 5684 ignis
1966 5635 1998 5674 a
2037 5622 2198 5675 motu
2234 5618 2513 5687 corporis
2543 5617 2815 5673 coelestis
2824 5657 3404 5673 .......
3520 5610 3588 5667 51
