4252 6393
1647 429 2009 509 QUAES'HO
2054 433 2185 496 xll‘l

348 614 496 682 tum
549 606 731 686 tale,
791 604 1251 678 intellectus
1284 603 1558 674 autem
1592 597 1855 672 solum

3377 449 3495 512 519
3549 518 3556 524 ,

1971 590 2277 676 fortem
2317 602 2873 688 directionem,
2928 610 3009 681 et
3062 612 3549 702 protensio-'

104 748 474 827 ‚msto-per
525 724 915 804 accidens,
980 724 1068 795 ut
1116 719 1283 792 dixi
1324 721 1371 802 *,
1447 717 1634 812 quia
1701 736 1859 788 non
1975 738 2158 792 nem
2209 720 2434 793 visus
2484 741 2729 814 super
2773 744 2980 806 rcm;
3025 746 3223 816 ergo
3295 730 3519 802 solus

174 1568 228 1620 ⁴¹.

346 849 420 918 ut
477 846 592 916 est
659 845 922 922 extra,
996 839 1127 910 sed
1198 841 1284 912 ut
1351 840 1475 911 est
1535 839 1718 909 actu
1781 833 1861 905 in

345 981 553 1035 sensu
625 979 773 1053 per
850 955 1439 1035 sensationem,
1510 955 1600 1027 ut
1666 950 1854 1024 dixi.

344 1075 874 1153 Immediatior
927 1077 1200 1148 autem
1255 1071 1532 1144 modus
1575 1069 1858 1160 agendi

340 1198 409 1269 in
444 1193 812 1269 sensibile
858 1195 982 1265 est
1032 1187 1853 1282 experimentativus3

338 1332 510 1406 ergo
552 1331 839 1384 sensus
872 1306 1402 1403 particularis
1433 1304 1860 1397 experitur

340 1431 519 1504 hanc
550 1427 1143 1506 actualitatem,
1171 1443 1331 1496 non
1363 1421 1851 1496 intellectus.

437 1548 615 1623 Dixi
704 1549 1014 1627 autem,
1113 1541 1320 1636 quod
1418 1539 1855 1615 actualitas

338 1666 772 1742 existentiae
835 1663 956 1736 rei
1014 1659 1423 1734 sensibilis
1475 1677 1619 1751 per
1678 1677 1855 1729 sen-

337 1785 720 1860 sationem
759 1781 881 1854 cst
927 1778 1329 1873 objectum
1372 1795 1683 1856 sensus,
1740 1773 1855 1846 in-

334 1903 687 1976 tellectus
756 1901 1028 1971 autem
1094 1915 1282 1976 non,
1355 1892 1511 1965 nisi
1580 1894 1705 1965 est
1773 1889 1855 1962 in

334 2039 549 2093 sensu
586 2035 734 2110 per
779 2013 1153 2108 speciem,
1215 2009 1403 2104 quia
1440 2008 1637 2080 bene
1675 2029 1856 2101 pos-

336 2140 443 2210 set
469 2154 647 2208 esse
682 2130 994 2225 species
1031 2129 1104 2201 in
1151 2147 1417 2208 sensu,
1462 2129 1541 2200 et
1582 2130 1853 2199 tamen

329 2271 472 2324 non
509 2269 690 2323 esse
723 2244 1229 2339 apprehensa
1262 2246 1474 2324 actu,
1509 2262 1647 2314 seu
1686 2262 1853 2314 sen-

331 2373 491 2442 sata
538 2362 980 2439 actualitas
1034 2362 1152 2435 rei
1230 2359 1698 2444 exterioris,
1768 2363 1855 2431 ut

334 2494 537 2586 patet
583 2489 664 2565 in
732 2491 886 2572 his,
951 2482 1084 2579 qui
1160 2483 1291 2556 diu
1362 2483 1855 2574 aspexerunt

329 2609 667 2702 aliquem
698 2609 1091 2685 colorem,
1136 2605 1218 2675 et
1260 2603 1544 2693 postea
1576 2597 1855 2670 clauso

335 2725 550 2799 oculo
630 2722 952 2796 videtur
1017 2718 1172 2799 eis,
1255 2717 1460 2809 quod
1535 2712 1859 2787 videant

329 2839 703 2921 colorem,
804 2837 1016 2910 sicut
1083 2835 1307 2927 patet
1367 2851 1511 2924 per
1596 2850 1858 2902 exem-

254 2978 286 3026 .·
337 2952 540 3045 plum
580 2949 1057 3044 Philosophi
1088 2948 1180 3022 de
1215 2945 1556 3019 somniis
1586 2949 1640 3028 ‘;
1682 2965 1859 3016 sen-

266 3046 291 3130 ·-
335 3072 531 3145 satio
574 3074 849 3144 autem
892 3072 1077 3142 actu
1126 3086 1288 3139 non
1337 3067 1608 3158 potest
1654 3085 1857 3146 esse,

334 3189 476 3264 nisi
544 3188 925 3264 sensibile
1008 3186 1114 3260 sit
1174 3204 1561 3279 praesenS,
1653 3183 1861 3258 sicut

331 3328 460 3382 nec
503 3327 837 3403 possum
866 3304 1138 3378 videre
1179 3302 1477 3385 album,
1522 3303 1648 3373 vel
1695 3306 1862 3375 tan-

331 3444 508 3515 gere
548 3425 923 3505 calidum,
969 3420 1128 3494 nisi
1161 3420 1325 3492 sint
1356 3422 1570 3493 actu.

413 3545 640 3624 Item,
694 3535 1377 3633 experimentatio
1436 3535 1528 3607 de
1588 3540 1857 3609 aetua-

331 3658 551 3732 litate
614 3658 734 3731 rei
800 3655 993 3729 dicit
1055 3653 1478 3747 quemdam
1535 3655 1859 3725 contac-

328 3782 490 3852 tum
540 3777 800 3871 ipsius
860 3770 1366 3848 actualitatis
1427 3769 1545 3842 rei
1607 3769 1860 3842 sensi-

328 3894 527 3978 bilis,
574 3894 710 3988 qui
754 3912 916 3966 non
968 3893 1238 3984 potest
1277 3908 1454 3960 esse
1494 3886 1653 3959 nisi
1694 3887 1857 3958 vir-

329 4017 474 4097 tus,
520 4032 695 4107 quae
747 4009 1197 4103 experitur,
1252 4009 1538 4097 tangat
1587 4009 1859 4078 actua-

330 4130 631 4207 litatem
684 4131 828 4212 rei,
881 4129 1007 4201 vel
1054 4128 1228 4220 ipsa
1270 4125 1707 4201 actualitas
1752 4125 1859 4200 sit

331 4247 402 4318 in
441 4248 772 4322 virtute.
809 4248 1039 4318 Nunc
1074 4247 1345 4318 autem
1387 4241 1579 4314 illud
1626 4242 1858 4316 attri-

329 4365 454 4439 bui
493 4386 653 4439 non
687 4365 959 4457 potest
992 4360 1441 4436 intellectui
1484 4363 1856 4453 respectu

333 4480 827 4555 actualitatis
852 4478 967 4551 rei
996 4477 1438 4558 sensibiliS,
1473 4476 1657 4569 quia
1701 4495 1859 4548 non

334 4597 619 4680 exhoc,
657 4597 866 4690 quod
891 4594 1269 4668 sensibile
1303 4598 1487 4668 actu
1525 4592 1732 4666 sitin
1757 4593 1863 4665 in-

336 4713 680 4797 tellectu,
725 4712 935 4806 lapis
976 4711 1192 4785 enim
1222 4732 1382 4785 non
1410 4716 1534 4786 est
1577 4712 1656 4784 in
1698 4713 1862 4785 ani-

338 4849 492 4914 ma;
534 4853 677 4905 nec
714 4831 919 4924 quod
954 4830 1413 4903 intellectus
1447 4830 1745 4913 tendat,
1783 4836 1862 4906 et

336 4950 557 5038 quasi
624 4949 968 5042 quodam
1037 4951 1366 5039 aspectu
1433 4948 1863 5040 immerga-

339 5068 469 5137 tur
512 5067 586 5140 in
620 5067 886 5160 ipsum
922 5065 1298 5137 sensibile
1338 5069 1576 5140 extra
1620 5088 1633 5129 :
1680 5067 1865 5159 quia

340 5183 700 5274 inteltiyere
730 5186 854 5255 est
893 5185 1164 5254 motus
1198 5182 1295 5254 ab
1327 5182 1540 5256 intra
1579 5182 1671 5253 ad
1706 5183 1869 5256 ani-

342 5316 572 5382 mam,
611 5319 895 5371 sensus
928 5301 1197 5371 autem
1231 5298 1485 5373 tendit
1510 5298 1602 5369 ad
1635 5302 1873 5371 extra

345 5432 484 5503 per
525 5437 705 5487 suos
751 5419 1153 5506 aspectus,
1212 5416 1417 5506 quod
1477 5414 1706 5487 «locet
1746 5435 1876 5486 cx-

1978 857 2264 909 sensus
2306 836 2546 913 habet
2580 840 3145 915 actualitatem
3190 845 3308 917 rei
3352 867 3524 918 sen-

1978 955 2236 1029 sibilis
2283 957 2741 1032 extrinsece
2792 960 3154 1053 experiri
3213 966 3293 1036 et
3343 981 3522 1052 cog·

1974 1092 2340 1156 noscere,
2386 1095 2569 1147 eum
2614 1076 2718 1149 sit
2765 1076 3127 1150 infimum
3169 1078 3250 1151 in
3293 1097 3521 1170 gene-

1978 1211 2065 1263 re
2106 1192 2409 1265 virium
2453 1195 3202 1286 cognoscitivarum
3240 1225 3254 1268 :
3294 1197 3522 1273 intel-

1972 1307 2232 1382 lectus
2275 1314 2547 1384 autem
2590 1313 3013 1405 cognoscit
3050 1315 3309 1407 ipsam
3353 1335 3520 1387 cer-

1975 1427 2527 1502 titudinaliter
2578 1429 2657 1503 in
2703 1432 2882 1523 ipsa
2933 1433 3011 1503 et
3057 1453 3203 1524 per
3254 1431 3515 1523 ipsam

1970 1544 2542 1627 sensationem,
2589 1546 2721 1620 sed
2761 1565 2922 1620 non
2961 1547 3407 1641 experitur.

2059 1662 2162 1733 Et
2203 1665 2326 1735 est
2358 1659 2490 1736 hic
2523 1662 3122 1746 advertendum,
3171 1666 3374 1756 quod
3410 1664 3517 1738 si-

1968 1782 2106 1851 cut
2165 1779 2628 1872 accipiendo
2679 1785 2940 1856 totum
2997 1781 3357 1856 ordinem
3403 1783 3514 1856 vi-

1971 1894 2184 1967 rium
2219 1897 2994 1986 cognoscitivarum,
3031 1899 3155 1971 vis
3199 1899 3515 1974 sensiti-

1965 2030 2068 2084 va
2108 2012 2535 2105 experitur
2575 2015 3136 2089 actualitatem
3181 2016 3325 2097 rei,
3399 2017 3514 2090 sic

1968 2128 2437 2221 accipiendo
2522 2132 2788 2204 totum
2883 2130 3243 2204 ordinem
3335 2153 3513 2206 sen-

1970 2267 2205 2317 suum
2279 2246 2933 2339 particularium,
3006 2251 3273 2322 tactus
3331 2270 3512 2322 cum
3615 2273 3811 2349 rqceus

1971 2361 2078 2437 sit
2149 2363 2496 2448 infimus,
2579 2364 2981 2449 intimius,
3063 2370 3144 2440 et
3205 2367 3512 2442 certius
3541 2344 3862 2462 “ffrffiffl‘

1969 2480 2676 2573 experimentatnr
2784 2504 3017 2556 suum
3133 2484 3513 2559 sensibile
3565 2460 3845 2587 ''ssssssae‘v'ai's

1972 2618 2214 2691 quam
2320 2599 2617 2693 aliquis
2722 2600 3102 2674 aliorum.
3212 2603 3515 2677 Gustus
3543 2583 3840 2699 ffz‘gssgffjfi

1970 2713 2185 2786 enim
2238 2715 2671 2788 secundum
2713 2715 3320 2810 Philosophum,
3360 2717 3522 2810 qui-

1971 2831 2151 2903 dam
2230 2835 2500 2906 tactus
2576 2838 2701 2908 est
2769 2862 2787 2905 ε
2858 2834 3061 2908 unde
3139 2833 3520 2909 Salvator

1976 2950 2158 3039 post
2255 2951 2986 3033 resurrectionem,
3081 2953 3515 3045 postquam

1977 3064 2442 3138 ostenderat
2473 3064 2889 3160 discipulis
2922 3088 3218 3161 eorpus
3252 3088 3514 3150 suum,

1974 3181 2067 3253 ad
2131 3182 2391 3274 magis
2446 3182 3252 3277 experimentandum
3310 3185 3518 3259 veri-

1972 3300 2227 3371 tatem
2270 3299 2469 3373 dixit
2512 3307 2532 3325 '
2577 3328 2592 3372 t
2639 3305 2918 3392 Palpate
2958 3328 2977 3367 .·
3028 3307 3108 3377 et
3157 3303 3507 3386 Thomae,
3542 3320 3840 3371 mucaezz.

1970 3418 2159 3502 lnfer
2198 3419 2484 3506 diqitum
2525 3434 2730 3502 tuum,
2767 3424 2918 3494 etc.
2964 3419 3182 3493 Unde
3214 3423 3513 3512 Grego-

1976 3537 2145 3610 rius
2217 3555 2465 3629 super
2522 3535 2691 3619 illo,
2742 3537 3024 3605 loannis
3087 3560 3230 3626 cap.
3292 3540 3403 3612 20,
3465 3552 3820 3637 ††Grogor.

1974 3657 2140 3723 Cum
2216 3666 2375 3722 esset
2439 3677 2584 3722 sero
2641 3655 2752 3724 die
2815 3657 2961 3737 illo,
3035 3657 3185 3728 etc.
3260 3658 3517 3746 Corpus
3544 3636 3695 3688 Hom.
3728 3636 3813 3687 ²⁰·

1972 3773 2148 3861 quod
2221 3771 2443 3839 videri
2511 3783 2796 3860 poterat,
2875 3772 3042 3856 sides
3115 3774 3517 3842 intuentium

1971 3888 2336 3968 dubitabat,
2397 3887 2816 3976 palpandam
2882 3910 3149 3956 caruem
3202 3891 3510 3978 praebuit,

1973 4026 2170 4093 quam
2224 4005 2467 4071 clausis
2506 4007 2743 4092 januis
2810 4004 3212 4073 introduxit.
3289 4005 3514 4079 Siout

1975 4119 2232 4211 igitur
2309 4139 2595 4191 sensus
2675 4123 2943 4194 tactus
3011 4122 3133 4192 est
3205 4124 3517 4196 certior

1972 4245 2294 4320 caeteris
2330 4245 2696 4317 sensibus
2738 4246 2958 4318 circa
2992 4266 3224 4318 suum
3270 4250 3515 4321 sensi-

1971 4371 2154 4456 bile,
2209 4372 2324 4444 sie
2380 4391 2662 4443 sensus
2707 4370 3232 4465 particularis
3293 4373 3516 4447 circa

1973 4498 2541 4572 actualitatem
2586 4495 3041 4570 existentiae
3120 4498 3237 4570 rei
3280 4503 3518 4574 extra

1977 4642 2216 4714 quam
2283 4622 2767 4705 intellectus,
2821 4623 2945 4694 vol
3000 4643 3518 4716 quaecumque

1976 4746 2138 4818 alia
2179 4748 2327 4829 viS,
2375 4748 2562 4840 quia
2596 4749 2824 4820 solus·
2852 4769 3030 4821 eam
3065 4750 3514 4841 experitur.

2078 4873 2159 4945 Si
2220 4874 2522 4954 instcs;
2582 4892 2781 4965 crgo
2848 4874 3307 4948 intellectus
3361 4894 3522 4946 non

1980 5001 2262 5076 unitur
2321 5002 2687 5074 sensibus
2757 5002 2835 5073 in
2906 5001 3226 5076 ratione
3290 5001 3524 5093 perfi-

1980 5121 2272 5209 cientis
2333 5130 2414 5201 in
2473 5129 3053 5219 cognoscendo,
3136 5129 3342 5221 quod
3409 5129 3525 5205 ta-

1986 5279 2167 5332 men
2231 5277 2480 5349 supra
2533 5256 2685 5329 fuit
2723 5258 3139 5328 ostensum
3189 5258 3262 5323 ἐ
3317 5252 3520 5334 dico,
3615 5321 3753 5356 mm
3786 5304 3867 5358 „-

1988 5386 2195 5477 quod
2268 5383 2727 5457 intellectus
2787 5381 3085 5454 dieitur
3139 5380 3527 5472 perficere
3594 5376 3806 5433 ‘2‘50‘1‘1-

350 5530 737 5621 parientia
782 5557 796 5600 ι
847 5531 1036 5623 quia
1080 5532 1396 5622 quando
1446 5531 1881 5622 diligenter
1991 5532 2317 5586 sensum
2352 5512 2432 5583 in
2469 5530 2614 5583 sua
2656 5508 3142 5599 cognitione,
3188 5528 3282 5580 00
3325 5506 3531 5597 quod

352 5644 687 5729 intueor,
746 5653 933 5721 tunc
992 5646 1254 5720 sentio
1309 5648 1514 5739 quod
1573 5669 1732 5719 non
1791 5648 1880 5720 fit
1992 5636 2351 5727 cognitio
2396 5635 2788 5713 sensitiva
2839 5632 3174 5724 praecise
3236 5632 3544 5708 consi&

357 5762 554 5840 visio
613 5787 755 5859 per
822 5765 1441 5847 attractionem,
1505 5766 1666 5838 imo
1740 5784 1884 5858 per
1996 5766 2100 5842 tit
2157 5766 2241 5839 in
2308 5761 2970 5861 apprehendendo
3039 5760 3255 5847 illud,
3330 5767 3535 5857 quod
