4252 6393
558 343 569 354 ’
641 351 718 415 96
1822 353 1965 413 LIB.
2016 355 2059 413 l.
2106 352 2651 418 METEORORUM

636 513 717 584 et
783 509 1228 603 epidemica
1323 509 1684 583 omnium
1744 510 2195 584 viventium

638 631 1246 720 superterram,
1267 631 1354 703 ut
1383 628 1686 703 dictum
1718 627 2196 720 fuit,etquia

643 744 817 815 Rex
880 749 1004 818 est
1075 744 1467 836 quoddam
1536 745 1870 840 vivens„
1919 744 2196 835 signat

374 887 554 940 Quare
648 859 904 951 igitur
939 865 1289 935 mortem
1324 859 1600 953 RegiS,
1640 865 1721 935 et
1757 860 2188 953 PrincipiS,

297 947 457 1002 stella
528 959 619 995 co·-

300 1024 450 1066 maea
496 1008 624 1059 dt’ot'-
651 978 785 1050 sed
817 980 1024 1071 quod
1068 1002 1291 1053 mors
1326 979 1732 1074 Principis
1765 980 2027 1071 magis
2056 1001 2192 1051 no-

296 1076 626 1188 ‘ussffi-‘i'gff
653 1097 883 1170 tatur
935 1116 1175 1188 quam
1243 1098 1623 1179 aliorum,
1678 1097 1849 1170 ideo
1917 1095 2192 1190 potius

296 1197 590 1262 ''²⁶²'2⁶²‘¹⁹“⁸·
646 1214 945 1288 dicitur
990 1213 1319 1305 signare
1384 1217 1736 1288 mortem
1786 1212 2191 1306 Principis

532 1408 535 1411 ,
647 1352 889 1423 quam
922 1330 1280 1403 aliorum
1323 1331 1697 1404 alterius.
1728 1331 1910 1403 Alia
1941 1350 2192 1403 causa

643 1452 793 1529 est,
841 1446 1029 1538 quia
1049 1446 1352 1521 dictum
1386 1450 1512 1521 est
1536 1447 1743 1539 quod
1777 1446 2016 1521 stella
2060 1467 2191 1518 co-

649 1572 871 1641 mata
895 1566 1169 1658 signat
1199 1567 1794 1648 contentiones,
1820 1569 1901 1641 et
1936 1566 2187 1649 rian,

645 1689 725 1758 et
791 1684 1032 1765 bella;
1109 1684 1343 1756 modo
1425 1682 1845 1776 Principes
1925 1682 2191 1755 solent

646 1798 827 1891 plus
874 1799 1202 1874 incitari
1242 1798 1426 1872 aliis
1478 1798 1966 1880 hominibuS,
2015 1798 2189 1871 ideo

648 1914 1016 2005 quamvis
1079 1915 1159 1987 in
1235 1915 1445 1987 bello
1497 1915 1773 2008 plures
1832 1914 1975 1987 alii
2027 1935 2190 1986 mo·

649 2030 998 2113 riantur,
1100 2029 1361 2121 magis
1477 2034 1749 2105 tamen
1854 2034 2194 2103 notatur

548 2189 549 2192 ¹
650 2166 876 2218 mors
911 2145 1340 2239 Principis.
1415 2147 1693 2220 Tertia
1734 2167 1983 2219 causa
2038 2150 2188 2229 est,

651 2263 839 2355 quia
891 2263 1311 2355 Principes
1369 2264 1630 2355 magis
1670 2263 2012 2336 delicate
2056 2284 2194 2335 nu-

652 2379 1021 2451 triuntur
1069 2378 1281 2460 aliis,
1348 2378 1520 2450 ideo
1582 2383 1770 2452 sunt
1830 2378 2197 2452 subtilio-

656 2516 813 2576 res,
895 2493 1082 2586 quia
1145 2494 1407 2584 magis
1474 2494 1799 2569 delicati
1874 2495 2197 2568 facilius

657 2609 1220 2702 susceptibiles
1262 2631 1491 2682 novae
1534 2611 2080 2694 alterationis,
2117 2618 2198 2688 et

655 2749 840 2800 cum
880 2726 1119 2800 stella
1159 2730 1487 2801 comata
1520 2726 1787 2818 signet
1824 2730 2201 2821 pestilen-

657 2843 842 2927 tiaS,
879 2847 960 2917 et
1014 2843 1662 2935 permutationes
1723 2843 1966 2927 aeris,
2025 2846 2199 2919 ideo

657 2960 755 3032 ab
805 2959 1263 3052 huJusmodi
1318 2960 1808 3053 pestilentiis
1880 2961 2202 3034 facilius

664 3075 1088 3169 patiuntur
1128 3076 1313 3148 aliis
1354 3076 1841 3150 hominibus.

432 3236 508 3287 η,
755 3195 1019 3267 Causa
1059 3193 1275 3275 noni,
1322 3193 1509 3286 quia
1559 3195 2206 3287 permutationes

348 3329 532 3380 cam
558 3321 607 3372 9.
669 3330 1113 3401 regnorum
1165 3318 1778 3404 consequuntur
1826 3315 1922 3387 ad
1966 3315 2201 3396 bella,

665 3412 771 3500 et'
815 3429 1371 3502 mortalitates
1454 3428 1909 3514 hominum;
1972 3433 2207 3505 modo

668 3545 907 3618 stella
946 3549 1268 3619 comata
1311 3546 1582 3636 signat
1612 3546 1846 3631 bella,
1881 3553 1962 3622 et
1996 3568 2211 3621 mor-

666 3661 1062 3745 talitates;
1110 3662 1390 3754 igitur,
1426 3668 1579 3738 etc.

348 3822 531 3873 Cam
560 3818 635 3870 10,
756 3783 1019 3854 Causa
1067 3780 1355 3854 decimi
1406 3785 1556 3863 est,
1595 3781 1782 3872 quia
1832 3801 1976 3873 per
2027 3781 2214 3855 stel-

663 3897 830 3968 lam
904 3901 1314 3971 comatam
1384 3896 1970 3988 quodammodo
2049 3919 2214 3970 mu-

665 4017 951 4088 tantur
998 4011 1368 4085 homines
1414 4013 1733 4086 ratione
1774 4012 2079 4086 caloris
2121 4013 2216 4086 ad

668 4131 913 4203 aliter
983 4127 1488 4211 credendum,
1551 4130 1679 4201 vel
1740 4129 1985 4203 aliter
2054 4130 2217 4224 opi-

669 4246 1042 4319 nandum.
1094 4246 1263 4318 Ista
1303 4245 1562 4336 igitur
1593 4250 1781 4320 sunt
1832 4248 1997 4331 illa,
2044 4267 2220 4340 quae

672 4361 1255 4436 universaliter
1318 4362 1591 4455 signat
1653 4364 1915 4436 omnis
1981 4364 2222 4438 stella

673 4483 1022 4553 comata.
1058 4480 1204 4553 Sed
1234 4481 1325 4553 de
1361 4479 1616 4571 siguis
1651 4481 2221 4573 spiritualibus

675 4597 1043 4688 ipsarum
1077 4617 1237 4669 non
1271 4597 1630 4690 pertinet
1663 4599 1760 4670 ad
1791 4598 2037 4673 istam
2073 4601 2224 4674 sci-

671 4713 1001 4797 entiam,
1060 4716 1193 4787 sed
1250 4715 1346 4787 ad
1414 4716 1949 4807 Astrologum
2022 4718 2229 4812 judi-

669 4829 986 4903 cialem.
1031 4832 1221 4903 Haec
1258 4832 1350 4903 de
1389 4835 1759 4906 secundo

764 4948 879 5020 Ad
922 4947 1314 5023 rationes.

330 5125 418 5176 Ad
437 5137 649 5188 mum·
767 5064 881 5137 Ad
921 5066 1301 5159 primam,
1346 5070 1698 5157 negatur
1738 5086 2229 5159 consequen-

328 5187 654 5314 ἕ-αισξνῑησῑ·
680 5182 821 5256 tia.
888 5183 1193 5266 Prim0,
1255 5183 1440 5275 quia
1485 5204 1711 5256 mors
1780 5204 2230 5278 pauperum

680 5322 840 5374 non
916 5305 1257 5375 notatur
1326 5301 1536 5376 sicut
1615 5322 1843 5375 mors
1919 5304 2231 5378 Princi-

681 5437 896 5510 pum.
956 5418 1344 5500 Secundo,
1393 5418 1581 5509 quia
1623 5440 2025 5513 pauperes
2069 5443 2232 5497 non

685 5534 799 5608 ita
837 5535 1179 5609 delicate
1229 5533 1713 5610 nutriuntur
1757 5536 1968 5611 sicut
2010 5540 2234 5614 Prin-

2309 512 2553 605 cipes.
2599 515 2903 597 Tertio,
2951 517 3140 608 quia
3182 523 3484 609 praeter
3526 519 3856 593 influen-

2309 628 2468 701 tias
2503 630 2952 721 generaleS,
2990 653 3190 724 quas
3232 633 3470 708 habet
3503 636 3741 709 stella
3776 637 3856 709 in

2308 763 2706 839 pauperes
2748 752 2828 822 et
2870 748 3290 842 Principes
3330 752 3853 842 generaliter,

2307 859 2548 936 habet
2580 863 2786 936 alias
2828 865 3223 957 speciales
3266 865 3360 938 ad
3402 866 3851 960 Principes

2394 978 2507 1050 Ad
2596 982 3056 1053 Secundam.
3129 985 3301 1053 Alioe
3389 986 3856 1072 impressiones
3952 982 4046 1032 Aa
4099 982 4142 1032 2.

2305 1099 2559 1185 iynicoe,
2587 1100 2739 1171 etc.
2772 1103 3124 1189 negatur
3156 1099 3661 1181 antecedens,
3690 1098 3855 1172 imo

2305 1212 2486 1285 alif-,e
2554 1213 3138 1307 impressiones
3201 1215 3503 1309 ignitae,
3564 1217 3634 1290 si
3694 1218 3860 1290 sint

2308 1349 2645 1421 magnae,
2672 1330 3146 1423 frequenter
3179 1333 3509 1424 signant
3542 1333 3860 1407 siccita-

2304 1451 2452 1527 tes,
2515 1451 2828 1529 ventos,
2878 1452 2959 1521 et
3013 1453 3360 1528 mortes;
3413 1453 3493 1523 et
3565 1448 3635 1521 si
3696 1448 3861 1524 sint

2305 1584 2604 1657 parvae,
2653 1570 2842 1639 sunt
2891 1566 3477 1657 quodammodo
3517 1564 3858 1659 disposi-

2305 1682 2594 1756 tiones.

2394 1798 2508 1869 Ad
2569 1796 2930 1879 tertiam,
3000 1801 3269 1867 Cometa
3328 1802 3553 1889 siynat
3605 1811 3853 1882 ventos,
3961 1811 4054 1862 Aa
4101 1809 4146 1859 3.

2303 1918 2457 1988 etc.
2557 1917 2909 2005 negatur
3002 1913 3608 2006 consequentia,
3711 1935 3858 1989 nec

2309 2034 2635 2123 oportet
2679 2031 2884 2122 quod
2926 2031 3163 2103 unius
3210 2031 3424 2121 signi
3455 2030 3562 2105 sit
3614 2051 3862 2102 unum

2309 2147 2574 2220 solum
2636 2147 3076 2237 signatum,
3133 2147 3347 2221 sicut
3406 2146 3635 2220 verbi
3682 2167 3864 2239 gra-

2308 2263 2449 2346 tia,
2494 2267 2937 2356 conceptus
2970 2262 3427 2336 communis
3469 2262 3656 2336 huic
3700 2267 3865 2336 ter-

2313 2383 2531 2455 mino
2573 2384 2850 2450 Animal
2895 2386 3022 2454 est
3073 2401 3323 2453 unum
3375 2380 3724 2472 signum,
3782 2384 3866 2454 et

2310 2504 2584 2573 tamen
2662 2496 2814 2570 sibi
2893 2497 3539 2590 correspondent
3626 2496 3865 2590 plura

2314 2615 2664 2705 signata.

2403 2730 2517 2802 Ad
2553 2733 2959 2821 quartam,
2987 2730 3077 2802 de
3111 2729 3478 2812 Galaxia,
3514 2733 3865 2821 negatur
3961 2767 4048 2817 Aa
4105 2768 4147 2816 ⁴.

2315 2846 2922 2938 consequentia,
2963 2847 3152 2938 quia
3191 2847 3537 2922 Galaxia
3596 2851 3718 2920 est
3769 2848 3863 2918 de

2317 2966 2617 3037 natura
2665 2962 2842 3036 coeli
2901 2966 2983 3037 et
3027 2983 3188 3036 non
3230 2963 3322 3035 de
3367 2966 3667 3035 natura
3711 2961 3864 3035 ele-

2322 3079 2699 3152 mentari.

2410 3196 2525 3268 Ad
2578 3196 2973 3288 quintam,
3032 3198 3143 3265 Vel
3197 3200 3370 3265 sicut
3424 3219 3647 3279 causa,
3705 3200 3860 3271 etc.
3961 3225 4051 3276 Aa
4095 3224 4140 3275 5.

2319 3311 2496 3384 dico
2550 3310 2759 3403 quod
2800 3309 3012 3384 sicut
3057 3330 3333 3392 causa,
3371 3314 3451 3383 et
3503 3310 3713 3384 sieut
3767 3310 3867 3383 si-

2324 3447 2596 3518 gnum.
2635 3428 2913 3501 Primo
2961 3428 3171 3502 sicut
3209 3448 3482 3511 causa,
3521 3426 3709 3520 quia
3748 3449 3876 3500 co·

2329 3547 2544 3618 meta
2589 3548 2715 3619 est
2756 3564 3007 3618 causa
3058 3546 3513 3619 multarum
3560 3545 3878 3619 siccita-

2328 3667 2526 3743 tum,
2573 3664 2653 3734 et
2695 3659 3049 3733 aliarum
3103 3661 3620 3752 qualitatum,
3703 3680 3877 3752 quae

2330 3776 2696 3851 inficiunt
2733 3797 3035 3860 aerem,
3071 3780 3152 3849 et
3193 3797 3336 3848 aer
3371 3776 3718 3849 infectus
3752 3779 3878 3849 est

2329 3915 2577 3968 causa
2611 3894 2943 3968 illorum
2967 3914 3142 3985 quae
3167 3897 3354 3967 sunt
3375 3894 3592 3968 dicta
3617 3892 3870 3986 prius,

2333 4010 2733 4085 Similiter
2766 4009 2981 4082 sicut
3018 4008 3366 4099 signum,
3404 4007 3594 4099 quia
3634 4007 3874 4081 stella

2328 4131 2656 4202 comata
2684 4130 2808 4199 est
2836 4124 3172 4199 effeetus
3204 4124 3667 4199 immediate
3695 4145 3880 4197 con-

2336 4263 2675 4336 sequens
2765 4262 3058 4315 causas
3118 4242 3452 4314 illorum
3526 4242 3882 4333 signato·

2336 4381 2543 4443 rum,
2604 4381 2778 4452 quae
2824 4359 3040 4433 dieta
3104 4364 3315 4442 sunt,
3375 4358 3549 4431 ideo
3610 4357 3882 4449 signat

2337 4481 2542 4552 istos
2582 4476 2916 4550 effectus
2951 4481 3340 4568 tanquam
3375 4476 3723 4567 signum.

2426 4595 2540 4668 Ad
2573 4599 2890 4668 sextam
2922 4594 3126 4677 dico,
3166 4593 3370 4685 quod
3401 4592 3572 4665 sive
3612 4612 3883 4665 come·
3969 4635 4060 4687 Aa
4105 4630 4149 4681 ἢ,

2340 4720 2425 4789 ta
2454 4712 2597 4785 fiat
2631 4732 2677 4784 a
2709 4710 2972 4784 stellis
3001 4709 3454 4794 benevoliS,
3502 4710 3674 4784 sive
3715 4730 3878 4782 ma-

2339 4828 2654 4911 levoliS,
2709 4847 3035 4920 semper
3087 4826 3356 4918 signat
3399 4825 3730 4909 malum,
3785 4844 3880 4898 eo

2343 4943 2550 5036 quod
2589 4963 2752 5016 non
2794 4946 3066 5036 potest
3105 4942 3286 5016 fieri
3330 4941 3503 5015 sine
3545 4940 3884 5015 calefac-

2341 5060 2588 5141 tione,
2641 5063 2722 5132 et
2753 5059 3306 5133 exsiccatione
3338 5056 3581 5139 aeris,
3635 5060 3715 5131 et
3737 5056 3890 5129 ele·

2347 5180 2813 5249 mentorum
2872 5175 3002 5249 hic
3065 5174 3432 5257 inferius,
3477 5174 3575 5247 ad
3648 5192 3889 5265 quam

2345 5294 2994 5377 calefactionem,
3075 5295 3158 5366 et
3250 5289 3890 5366 exsiccationem

2348 5416 2799 5505 sequuntur
2830 5411 3162 5484 effectus
3197 5410 3425 5502 prius
3456 5406 3889 5481 nominati.
