4252 6393
1827 381 2081 443 CAPUT
2119 381 2228 443 tv.

435 545 587 611 quae
637 535 857 598 tamen
906 536 1062 601 licet
1107 537 1284 602 bona
1313 538 1399 603 sit
1428 539 1515 602 ad
1543 539 1981 622 Theologum,

435 646 507 703 ut
535 647 723 720 patet
753 645 811 706 3.
845 647 991 709 dist.
1025 649 1085 709 2.
1132 655 1350 725 quaest.
1405 651 1464 713 8.
1514 654 1570 712 et
1620 649 1803 723 alibi,
1850 664 1982 714 non

439 753 662 813 tamen
707 752 888 831 quod
940 753 1218 818 infertur
1274 762 1454 819 esset
1510 758 1984 821 inconveniens

433 856 611 936 apud
640 860 1239 926 commentatorem
1274 884 1290 939 ;
1322 865 1442 928 sed
1476 866 1758 945 qualiter
1786 867 1985 930 etiam

434 966 628 1041 valet,
665 973 732 1031 et
757 972 1022 1048 probari
1054 973 1259 1049 possit
1290 979 1508 1036 contra
1555 974 1794 1052 ipsum,
1833 974 1985 1038 vide

435 1085 650 1151 quaest.
693 1077 742 1137 1.
776 1079 835 1139 4.
870 1084 926 1141 et
959 1080 1143 1142 alibi.
1173 1082 1427 1145 Deinde
1458 1085 1658 1151 infert
1698 1090 1987 1168 quatuor

436 1184 774 1246 corollaria
805 1203 888 1249 ex
918 1188 1040 1249 hac
1073 1191 1499 1256 conclusione
1528 1195 1725 1258 valde
1756 1199 1986 1258 notan-

437 1293 560 1352 ter.
595 1291 834 1367 Quaere
859 1301 1081 1371 quaest.
1121 1295 1175 1356 1.
1206 1297 1466 1374 procoq.
1501 1301 1569 1359 in
1597 1302 1986 1376 Repertatis,

437 1416 550 1477 pro
566 1398 1013 1466 declaratione
1031 1405 1544 1482 corollariorum,
1560 1415 1626 1471 et
1655 1411 1721 1470 in
1736 1412 1799 1471 2.
1837 1412 1984 1472 dist.

436 1510 494 1569 3.
531 1517 745 1585 quaest.
785 1511 878 1573 10.
912 1511 1050 1573 Alia
1083 1513 1271 1592 plura
1303 1514 1406 1576 hic
1439 1531 1554 1592 pro
1606 1519 1673 1579 et
1723 1521 1979 1592 contra,

437 1613 728 1679 adducat
769 1616 1109 1681 studiosus
1154 1621 1386 1684 lector.

93 1776 299 1827 conclus
359 1773 412 1824 7.
520 1724 811 1802 Septima
855 1727 1188 1790 conclusio
1231 1733 1332 1791 est
1377 1727 1462 1792 de
1505 1728 1846 1795 identitate
1887 1731 1990 1795 in-

96 1813 753 1923 1„„‚H,-9'e,.etelliqere,
800 1839 867 1896 et
903 1834 1197 1898 similiter
1236 1837 1397 1900 velle
1439 1840 1628 1917 primi
1662 1840 1985 1918 principii,

118 1927 393 2050 ὧὲζξῑὲξςε..
445 1943 757 2017 respectu
825 1943 1342 2024 cujuscumque,
1395 1951 1469 2007 ut
1527 1945 1770 2025 objecti
1846 1961 1986 2008 suae

164 2116 176 2126 ⁶
237 2066 326 2126 ηερ
444 2052 721 2121 naturae,
768 2066 963 2129 quam
1008 2052 1263 2131 probat.
1311 2053 1524 2115 Primo
1571 2059 1855 2132 quatuor
1881 2072 1982 2118 ra·

89 2128 381 2177 mancipio.
447 2155 732 2218 tionibus
781 2161 1082 2237 propriis.
1138 2160 1254 2224 Pro
1309 2160 1803 2225 confirmatione
1853 2165 1984 2242 pri·

441 2278 570 2326 mae
638 2267 930 2342 rationiS,
983 2274 1138 2330 nota
1197 2287 1274 2333 ea
1333 2285 1484 2349 quae
1553 2270 1756 2334 habet
1813 2272 1878 2332 in
1925 2273 1983 2334 4.

443 2381 661 2451 quaest.
715 2377 768 2438 1.
810 2379 1254 2454 propositione
1300 2379 1360 2441 3.
1424 2385 1649 2443 contra
1706 2381 1982 2443 Avicen-

444 2497 618 2554 nam,
666 2487 731 2544 et
765 2484 828 2544 in
876 2484 1090 2560 primo
1124 2490 1191 2546 et
1219 2484 1515 2547 secundo
1562 2487 1981 2566 plerumque,

441 2585 525 2649 de
557 2588 1100 2665 productionibus
1130 2590 1216 2654 ad
1245 2594 1412 2654 intra
1444 2599 1510 2656 et
1539 2591 1623 2655 ad
1665 2599 1872 2668 extra,
1923 2599 1988 2657 et

438 2698 504 2759 in
537 2697 929 2773 Quodlibeto
961 2706 1181 2776 quaesl.
1205 2701 1267 2763 2.
1297 2705 1422 2763 art.
1457 2702 1517 2763 3.
1543 2700 1877 2776 Quantum
1901 2700 1986 2762 ad

438 2801 801 2866 secundam
860 2808 1233 2880 rationem„
1270 2806 1552 2870 exclude
1625 2808 1986 2870 cavillatio-

441 2924 594 2972 nem
639 2910 939 2973 Averrois
990 2912 1073 2975 de
1122 2912 1570 2976 intellectione
1612 2915 1986 2978 intellectus

439 3017 656 3098 adepti
703 3024 1013 3098 respectu
1057 3020 1180 3094 sui,
1233 3025 1299 3082 et
1342 3026 1656 3100 respectu
1685 3022 1979 3084 aliorum.

541 3125 767 3204 Quoad
827 3129 1082 3192 tertiam
1137 3130 1494 3203 rationem,
1555 3135 1784 3208 posset
1836 3146 1984 3193 esse

440 3236 746 3298 instantia
774 3236 859 3297 ad
889 3236 1251 3312 hominem,
1286 3236 1369 3298 de
1415 3236 1753 3301 identitate
1790 3238 1981 3301 intel·

441 3344 674 3417 lectuS,
716 3348 784 3405 et
818 3345 1193 3417 voluntatiS,
1243 3361 1435 3424 quam
1497 3349 1682 3423 ponit
1735 3366 1749 3421 ;
1808 3346 1982 3426 quia,

439 3452 607 3513 sicut
639 3451 743 3513 bic
771 3453 1013 3531 arguit,
1044 3457 1444 3531 sequeretur
1473 3454 1653 3533 quod
1683 3454 1987 3518 intellec-

446 3560 530 3619 tio
561 3560 626 3619 in
659 3561 1017 3632 voluntate,
1053 3563 1119 3621 et
1150 3559 1310 3622 velle
1341 3562 1405 3622 in
1437 3562 1776 3625 intellectu
1818 3564 1985 3624 reci-

442 3671 735 3745 peretur,
790 3683 994 3746 quare
1025 3666 1396 3731 intellectus
1426 3670 1626 3732 vellet
1657 3676 1722 3731 et
1755 3672 1982 3732 volun-

441 3780 537 3836 tas
590 3776 1019 3856 intelligeret.
1080 3775 1408 3849 Similiter,
1452 3777 1507 3839 si
1552 3776 1733 3856 quod
1792 3776 1988 3842 infert

442 3887 622 3946 esset
650 3886 1149 3957 inconveniens,
1184 3884 1472 3948 nobilius
1506 3882 1812 3948 videlicet
1841 3902 1988 3949 esse

440 3995 885 4071 susceptivum
915 3992 1404 4073 ignobiliorum,
1438 4011 1641 4073 quare
1675 4011 1799 4057 nec
1821 3999 1988 4060 acci-

444 4098 610 4163 dens
639 4102 705 4164 in
734 4100 1123 4173 substantia,
1167 4116 1291 4161 nec
1323 4100 1550 4162 relatio
1584 4102 1646 4162 in
1679 4103 1987 4180 qualitate

445 4207 873 4285 reciperetur,
907 4215 971 4271 et
1000 4209 1093 4268 sic
1125 4205 1209 4269 de
1239 4208 1402 4270 aliis.

215 4362 298 4411 ⁴9.
525 4315 622 4379 Ad
673 4317 954 4394 primum
1005 4315 1382 4390 dicendum,
1436 4314 1615 4395 quod
1665 4316 1818 4380 licet
1864 4317 1994 4380 sint

100 4427 283 4479 omo-e
315 4426 396 4498 ἐπ·
449 4442 579 4487 una
611 4441 739 4496 res,
772 4429 926 4486 sunt
962 4430 1181 4486 tamen
1215 4423 1487 4487 diversae
1514 4424 1850 4488 realitates
1892 4427 1993 4488 vel

96 4488 899 4623 n5‘1'2‘“'552‘}3-f0rma1uates,
933 4529 1114 4612 quod
1142 4530 1376 4595 sufficit
1411 4529 1497 4596 ad
1529 4530 1826 4594 diversas
1873 4530 1989 4594 de·

95 4621 419 4723 {ffu‘j'ffjstf'}
445 4643 928 4703 nominationes
960 4643 1026 4701 et
1057 4638 1362 4702 formales
1399 4639 1840 4718 receptiones,
1895 4640 1993 4699 Vi-

446 4750 530 4812 de
563 4752 629 4811 in
655 4752 715 4812 2.
750 4751 895 4811 dist.
937 4749 1030 4810 16.
1065 4747 1361 4809 solvendo
1393 4752 1782 4824 arqumenta
1814 4747 1992 4824 prin·

446 4857 713 4934 cipatia,
760 4863 816 4917 et
869 4856 962 4917 15.
1012 4859 1231 4931 quoest.
1283 4854 1666 4927 Quodlibeti,
1713 4860 1773 4916 et
1803 4855 1991 4926 aiibi,

447 4970 512 5026 et
565 4963 907 5026 instantias
964 4961 1340 5023 subtiliores
1399 4960 1598 5022 adde.
1673 4960 1830 5022 Vide
1888 4962 1988 5023 35.

447 5075 592 5135 ἀίει.
633 5072 684 5131 1.
723 5074 787 5131 in
819 5071 1201 5147 Repertatis.

525 5175 624 5238 Ad
658 5175 859 5247 aliud,
890 5191 1024 5238 non
1063 5176 1240 5237 valet
1276 5174 1655 5247 similitudo,
1699 5174 1852 5254 quia
1891 5189 1992 5236 se·

448 5301 562 5346 cus
623 5283 706 5347 de
762 5285 884 5357 1113,
943 5298 1094 5362 quae
1152 5288 1307 5344 sunt
1361 5281 1667 5363 ejusdem
1724 5282 1991 5361 generis

448 5394 821 5472 propinqui,
859 5393 1054 5455 etiam
1087 5407 1284 5454 secus
1334 5390 1416 5453 de
1464 5392 1589 5464 his,
1636 5407 1785 5470 quae
1839 5395 1996 5455 sunt

447 5503 715 5564 alterius
748 5499 1266 5573 Praedicamenti‚
1316 5505 1389 5562 ut
1433 5506 1614 5579 patet
1649 5522 1662 5575 ;
1699 5506 1765 5562 et
1796 5502 1994 5564 etiam

449 5614 603 5691 quia
622 5616 810 5673 actus
833 5609 1111 5673 secundi
1135 5609 1578 5673 immanentes
1610 5613 1765 5673 sunt
1801 5608 1991 5686 fines,

3522 372 3644 439 793

2093 554 2161 613 et
2193 567 2323 614 non
2354 552 2565 630 gratia
2593 548 2887 625 alterius,
2920 553 2993 612 ut
3021 552 3204 628 patet
3230 549 3293 614 9.
3317 546 3643 626 Metaplty·

2090 663 2259 722 sicoe.
2285 663 2383 722 An
2407 665 2632 721 autem
2659 658 3044 733 substantia,
3075 662 3143 721 et
3172 657 3642 738 quodcumque
3672 670 3759 745 ³¹3²
3793 683 3997 743 suscep-

2092 769 2543 846 susceptivum
2592 767 2896 849 alicujuS,
2943 768 3334 847 inquantum
3375 766 3527 838 tale,
3559 766 3643 827 sit
3690 739 3970 844 ’ᾟζῶἰίᾕζε

2097 873 2380 938 nobilius
2409 879 2704 954 recepto,
2737 876 2940 941 habet
2970 872 3370 938 considerari
3407 893 3422 934 ε
3465 889 3638 951 quae·
3719 864 3974 923 ⁸“⁴⁰⁶P‘⁰·

2098 1000 2171 1048 re
2201 989 2276 1046 ut
2304 984 2498 1046 nosti.

2181 1092 2250 1154 In
2281 1097 2509 1170 quarta
2536 1090 2787 1153 ratione
2822 1088 3117 1168 pondera
3143 1090 3320 1153 bene
3353 1106 3502 1152 cum
3543 1089 3639 1152 di·

2099 1199 2233 1261 cit:
2269 1203 2445 1262 Idem
2495 1198 2871 1277 intelligere
2927 1202 3129 1275 potest
3176 1213 3307 1259 esse
3355 1203 3646 1272 respectu

2088 1308 2397 1384 plurium
2425 1306 2827 1385 objectorum
2862 1303 3319 1367 ordinatorum
3345 1323 3365 1363 .·
3391 1305 3547 1365 nota
3580 1301 3646 1382 ly

2100 1417 2576 1486 ordinatorum,
2632 1412 2813 1476 unde
2887 1410 3134 1474 tollitur
3191 1410 3503 1472 instantia
3560 1408 3644 1470 ad

2100 1522 2434 1584 hominem
2460 1522 2520 1584 3.
2556 1521 2700 1583 dist.
2732 1520 2793 1581 2.
2826 1524 3045 1596 quaest.
3084 1519 3177 1580 10.
3221 1523 3277 1579 et
3321 1520 3374 1580 1.
3427 1522 3645 1594 quaest.

2100 1631 2161 1689 4.
2188 1629 2628 1705 propositione
2656 1629 2716 1689 2.
2749 1630 2976 1690 contra
3002 1624 3431 1688 Avicennam.

2182 1730 2437 1794 Deinde
2481 1730 2753 1794 adducit
2810 1735 2942 1793 tres
2996 1729 3287 1793 rationes
3345 1728 3646 1801 aliorum,

2101 1840 2188 1902 ad
2230 1841 2401 1902 hanc
2451 1839 2969 1913 conclusionem,
3018 1853 3220 1917 quae,
3271 1853 3392 1900 suo
3444 1852 3651 1908 more,

2103 1953 2257 2032 quia
2294 1965 2428 2013 non
2474 1949 2905 2022 concludunt,
2962 1950 3162 2011 etiam
3211 1948 3480 2024 Topice‚
3528 1944 3649 2008 sed

2103 2065 2358 2123 tantum
2392 2059 2784 2138 sophistice,
2824 2058 3185 2138 impugnat.
3230 2057 3457 2133 Quaere
3497 2054 3647 2115 Ale-

2099 2169 2300 2233 xand.
2337 2168 2422 2231 de
2441 2168 2765 2231 Alexand.
2798 2169 2866 2229 in
2888 2170 3110 2245 primo
3130 2170 3195 2231 d.
3229 2168 3328 2229 35.
3363 2171 3431 2229 et
3461 2167 3648 2231 31103.

2099 2276 2218 2339 Pro
2267 2274 2596 2354 exemplO,
2643 2273 2826 2354 quod
2870 2275 3075 2353 tangit
3107 2276 3174 2336 in
3215 2271 3513 2337 secunda
3546 2294 3656 2338 ra-

2099 2382 2276 2443 tione
2308 2380 2586 2453 illarum,
2621 2378 2706 2441 de
2747 2379 3110 2456 intelliqere
3158 2380 3396 2441 animae
3426 2379 3660 2443 Christi

2100 2493 2169 2552 et
2196 2489 2570 2559 beatorum,
2602 2484 2756 2549 vide
2787 2488 2855 2547 in
2883 2488 2943 2548 3.
2975 2488 3124 2548 dist.
3160 2487 3254 2550 14.
3290 2494 3346 2549 ct
3384 2486 3476 2548 18.
3511 2488 3656 2549 Plu-

2099 2612 2170 2658 ra
2227 2595 2331 2657 hic
2361 2599 2635 2673 possent
2663 2610 2780 2671 pro
2815 2597 2882 2654 et
2911 2598 3139 2656 contra
3181 2592 3449 2668 adduci,
3503 2609 3655 2674 quae

2100 2705 2325 2771 omitto
2360 2702 2612 2774 lectori,
2649 2703 2800 2782 quia
2832 2717 2961 2765 nec
3002 2702 3314 2780 temporis
3356 2718 3652 2766 commo·

2100 2811 2266 2874 ditas
2295 2812 2614 2890 suppetit,
2649 2825 2772 2871 nec
2804 2807 3137 2887 prolixitas
3169 2806 3483 2872 delectat.

2180 2919 2426 2980 Octava
2456 2918 2791 2981 conclusio
2847 2919 2950 2978 est
2995 2914 3078 2978 de
3123 2915 3531 2992 actualitate,
3565 2935 3651 2979 ae-
3683 2926 3921 2979 Coactus.
3945 2926 3995 2976 8.

2101 3025 2433 3099 ternitate,
2493 3026 2893 3087 necessitate
2946 3026 3011 3085 et
3058 3022 3493 3100 perfectione,
3551 3033 3649 3089 at·
3794 2991 3873 3041 ⁵⁰⁸

2099 3149 2230 3212 que
2288 3130 2621 3213 prioritate
2679 3128 3144 3194 intellectionis
3202 3129 3453 3204 divinae,
3512 3149 3648 3195 res-

2096 3245 2299 3318 pectu
2357 3237 2652 3300 omnium
2712 3237 3013 3309 aliorum,
3088 3240 3155 3297 et
3218 3235 3421 3299 habet
3486 3234 3651 3299 duas

2098 3353 2322 3428 partes
2378 3344 2789 3428 principales,
2852 3342 3186 3424 (Secunda
3240 3344 3325 3405 ibi
3390 3364 3403 3405 ε
3459 3346 3650 3407 Prius

2096 3455 2517 3529 naturaliter,
2551 3452 2703 3532 etc.)
2744 3468 2908 3530 quas
2954 3450 3190 3530 probat
3233 3451 3528 3531 egregie.
3580 3454 3648 3514 ln

2098 3563 2497 3642 probatione
2530 3561 2754 3639 primae
2785 3559 2983 3639 partis
3015 3559 3312 3630 adverte,
3363 3576 3512 3622 cum
3554 3559 3645 3622 di·

2103 3671 2216 3744 cit;
2273 3677 2341 3731 ut
2393 3668 2564 3730 alibi
2618 3667 2976 3736 declaravi,
3034 3667 3214 3747 quod
3270 3666 3429 3729 illud
3488 3669 3654 3729 alibi

2101 3783 2324 3858 potest
2352 3776 2673 3857 assignari
2705 3791 2908 3852 super
2947 3775 3060 3837 lib.
3115 3774 3199 3836 de
3241 3777 3496 3848 Anima,
3535 3776 3650 3837 ubi

2098 3891 2285 3949 tenet
2316 3901 2435 3947 ens
2467 3900 2615 3948 esse
2648 3884 2983 3964 objectum
3013 3882 3433 3963 adaequatum
3461 3886 3651 3947 intel-

2101 3995 2335 4064 lectus,
2370 3999 2435 4055 et
2463 3993 2587 4054 hoc
2626 3989 3020 4054 sustinendo
3044 3992 3515 4071 praesupposita
3547 4008 3651 4055 su-

2101 4119 2242 4179 pra.
2307 4100 2595 4162 Habetur
2668 4104 2892 4160 autem
2956 4100 3021 4160 in
3082 4099 3527 4180 Metaphysica
3584 4105 3651 4162 et

2103 4210 2462 4272 Sententiis
2533 4209 2827 4284 copiose.
2888 4206 3009 4267 Pro
3088 4205 3528 4271 verificatione
3586 4212 3654 4269 ct

2105 4317 2558 4380 declaratione
2587 4314 2785 4394 hujus
2826 4314 3291 4389 conclusioniS,
3343 4313 3494 4377 vide
3544 4316 3645 4377 35.

2105 4427 2204 4489 36.
2241 4430 2308 4487 et
2336 4426 2436 4488 39.
2489 4424 2636 4487 dist.
2678 4425 2878 4499 prim.
2925 4427 2981 4483 et
3021 4423 3079 4484 3.
3130 4427 3347 4499 quaest.
3385 4421 3648 4500 proteo.

2110 4532 2240 4595 Sed
2270 4532 2565 4612 pondera
2596 4529 2975 4592 instantiam
3006 4545 3089 4591 ex
3119 4527 3242 4602 his,
3279 4547 3420 4609 quae
3453 4530 3647 4592 babet

2103 4642 2165 4703 8.
2200 4642 2343 4703 dist.
2379 4641 2579 4715 prim.
2614 4643 2831 4714 quaest.
2856 4639 2917 4700 3.
2952 4643 3008 4700 et
3038 4643 3255 4717 quaest.
3291 4640 3351 4700 3.
3389 4637 3649 4721 proloq.

2106 4753 2164 4809 et
2196 4746 2361 4809 alibi
2400 4761 2561 4823 soepe
2593 4767 2610 4815 ,·
2639 4744 2919 4821 qualiter
2948 4746 3320 4807 intellectus
3364 4744 3648 4817 divinus,
3683 4768 3833 4818 Nihil
3853 4770 4000 4817 novit

2107 4870 2255 4915 cum
2304 4852 2571 4931 praecise
2615 4850 2912 4913 intuitive
2956 4853 3281 4933 intelligat
3326 4852 3651 4933 quidquid
3681 4831 4001 4944 Πὶξῑῗῇἔιι-’ζὲδι

2106 4960 2435 5040 intelligit,
2482 4960 2561 5021 ab
2609 4963 2862 5020 aeterno
2908 4962 3196 5037 potuerit
3224 4964 3463 5032 omnia,
3501 4977 3651 5022 cum

2109 5068 2407 5131 nondum
2469 5064 2735 5140 fuerint,
2794 5068 3059 5143 intueri,
3118 5069 3238 5130 nisi
3281 5067 3449 5129 forte
3496 5070 3652 5129 emi·

2104 5182 2341 5238 nenter
2406 5175 2511 5237 vel
2580 5176 2968 5249 virtualiter,
3032 5172 3213 5254 quod
3276 5190 3409 5236 non
3478 5180 3657 5237 essct

2109 5284 2375 5362 proprie
2440 5300 2516 5345 ea
2582 5283 2952 5363 intelligere
3022 5281 3409 5355 formaliter,
3475 5283 3656 5361 quod

2105 5390 2539 5454 communiter
2586 5396 2850 5454 tenetur
2879 5387 2962 5452 de
3006 5390 3348 5452 intellectu
3392 5389 3649 5451 divino:

2107 5499 2257 5560 vide
2304 5499 2715 5562 Franciscum
2779 5499 2922 5560 dist.
2957 5498 3054 5562 36.
3081 5500 3313 5575 primi.
3361 5501 3429 5559 et
3471 5499 3655 5559 alios

2105 5608 2274 5670 Satis
2319 5607 2445 5670 hoc
2487 5605 2760 5670 dubium
2790 5606 2967 5687 cogit
2997 5604 3080 5669 de
3112 5603 3345 5669 futuris
3373 5606 3655 5671 maxime
