4252 6393
290 922 559 973 Secunda.

365 2762 451 2812 Ad
484 2760 527 2809 1.

354 2825 539 2888 object.

360 3595 446 3649 Aa
474 3597 523 3646 2.

436 5495 508 5545 ll.

619 389 699 450 52

610 551 1202 641 Consequentia
1261 555 1504 631 tenet,
1571 550 1757 643 quia
1826 569 2150 641 semper

610 664 901 756 aliquae
961 671 1238 758 partes
1308 667 1712 741 trahentis
1769 667 2152 740 dicuntur

610 780 1075 855 subintrare
1106 781 1423 874 aliquas
1464 787 1742 876 partes
1774 781 2151 874 corporis

611 899 885 971 tracti.
964 898 1347 979 Secundo,
1396 906 1878 991 sequere‘ur
1945 899 2154 990 quod

612 1013 885 1084 eadem
931 1013 1249 1087 ratione
1303 1019 1575 1088 essent
1639 1014 1854 1088 inter
1916 1014 2152 1085 orbes

612 1129 982 1203 coelestes
1016 1131 1476 1223 hujusmodi
1513 1138 1781 1206 motus
1808 1136 2150 1206 tractus.

615 1254 1128 1339 Consequens
1191 1249 1512 1333 falsum,
1578 1250 1766 1342 quia
1824 1248 1929 1321 ibi
1996 1269 2157 1321 non

616 1369 741 1438 est
798 1365 1215 1448 violentia,
1262 1387 1447 1438 cum
1501 1371 1767 1439 motus
1823 1365 1943 1438 illi
1995 1366 2159 1438 sint

618 1480 1013 1573 perpetui.
1078 1484 1179 1555 Et
1229 1487 1572 1575 propter
1614 1481 1975 1556 rationes
2018 1479 2158 1551 ali-

620 1596 754 1684 qui
785 1596 1164 1670 nituntur
1196 1618 1497 1690 ponere
1523 1598 1951 1689 quamdam
1975 1617 2159 1688 qua-

620 1712 939 1786 litatem
1020 1714 1535 1806 spiritualem
1611 1719 2037 1788 'causa-tam
2116 1735 2162 1785 a

623 1830 821 1900 coelo
867 1830 946 1902 in
998 1831 1404 1923 sphaeram
1466 1831 1702 1921 ignis,
1760 1830 2164 1904 mediante

623 1968 779 2036 qua
821 1948 1141 2040 sphaera
1207 1948 1415 2040 ignis
1479 1953 1855 2023 movetur
1905 1948 2163 2022 circu-

620 2063 936 2145 lariter,
992 2066 1085 2137 ad
1149 2068 1467 2138 modum
1530 2066 1785 2146 illum,
1851 2088 2006 2159 quo
2067 2067 2167 2138 ab

618 2180 1042 2253 adamante
1067 2187 1458 2255 causatur
1487 2181 1841 2273 qua-litas
1866 2186 2167 2256 attrac-

621 2294 809 2368 titia
861 2295 1088 2368 ferri.
1155 2299 1539 2377 Secundo,
1606 2298 1966 2371 inferunt
2031 2296 2167 2369 isti

627 2412 834 2505 quod
881 2413 1203 2504 sphaera
1246 2413 1456 2504 ignis
1497 2434 1658 2486 non
1706 2413 1975 2488 calefit
2024 2435 2171 2507 per

633 2534 943 2602 motum
975 2529 1156 2602 coeli
1190 2550 1335 2623 per
1376 2553 1484 2611 se,
1524 2531 1656 2602 sed
1691 2552 1836 2622 per
1866 2530 2164 2611 lumen,

633 2651 714 2720 et
754 2646 960 2717 alias
995 2646 1481 2721 influentias,

720 2765 834 2837 Ad
865 2752 1248 2856 prim'um,
1285 2766 1759 2841 conceditur
1800 2768 2007 2858 quod
2048 2770 2172 2839 est

630 2902 928 2973 corpus
963 2880 1331 2974 politum,
1369 2887 1449 2956 et
1483 2883 1680 2965 leve,
1718 2888 1797 2957 et
1830 2884 1981 2955 hoc
2014 2904 2174 2955 non

632 2997 857 3070 obest
918 2998 1108 3090 quin
1165 3000 1363 3071 benc
1422 3000 1684 3091 possit
1752 3000 2176 3074 attrahere

630 3113 955 3207 aliquod
1013 3124 1317 3208 corpus
1375 3115 1526 3188 sibi
1586 3116 2172 3195 immediatum,

635 3236 974 3324 propter
1045 3232 1342 3306 fortem
1404 3233 2013 3307 inclinationem
2094 3234 2179 3307 il·

635 3346 793 3418 lius
827 3348 1171 3421 alterius
1214 3348 1593 3442 corporis
1637 3351 1730 3422 ad
1773 3351 2179 3423 adhaeren-

635 3465 820 3535 dum
852 3464 1043 3545 sibi,
1068 3464 1278 3537 sicut
1306 3464 1609 3541 dictum·
1642 3472 1821 3541 erat
1849 3468 1940 3539 de
1968 3468 2177 3559 igne.

670 3582 792 3653 ‘Ad
818 3582 1250 3653 secundum
1277 3588 1554 3675 posset
1586 3585 1911 3657 concedi
1976 3584 2186 3676 quod

636 3698 714 3769 in
748 3697 1234 3790 corporibus
1267 3698 1725 3773 coelestibus
1755 3705 1880 3773 est
1912 3700 2185 3790 hujus-

640 3814 850 3885 modi
886 3818 1197 3905 raptus,
1244 3820 1323 3887 ct
1354 3815 1769 3898 violentia,
1807 3821 1888 3889 et
1929 3817 2186 3892 hocin

642 3927 906 4018 primo
941 3933 1304 4002 tractatu
1336 3929 1428 4000 de
1452 3930 1797 4022 sphaera,
1824 3933 2187 4025 capitulo

640 4044 932 4134 primo,
979 4046 1142 4117 Nec
1197 4045 1467 4119 obstat
1518 4049 1726 4138 quod
1792 4050 1983 4122 talis
2025 4051 2189 4123 vio-

641 4158 891 4232 lentia
948 4160 1209 4251 possit
1255 4164 1750 4255 perpetuari,
1808 4167 1994 4257 quia
2048 4189 2192 4260 per

645 4277 904 4369 ipsam
975 4277 1430 4368 subjectum
1499 4300 1656 4351 non
1730 4281 2194 4375 disponitur

642 4394 736 4465 ad
779 4393 1422 4484 corruptionem,
1469 4417 1612 4468 nec
1657 4399 1752 4470 ad
1804 4400 2195 4493 receptio-

646 4530 827 4580 nem
878 4509 1224 4601 alicujus
1296 4511 1744 4601 qua-litatiS,
1795 4515 2194 4589 mediante

648 4644 804 4714 qua
853 4631 1462 4717 corrumpetur.

730 4740 994 4813 Aliter
1065 4742 1367 4816 dicitur
1462 4748 1824 4834 negando
1922 4767 2196 4820 conse-

643 4855 1082 4944 quentiam,
1148 4858 1336 4949 quia
1380 4858 1458 4929 in
1508 4863 1999 4954 corporibus
2051 4887 2197 4938 cue-

642 4972 980 5046 lestibus
1062 4994 1222 5056 non
1298 4981 1423 5051 cst
1497 4976 1687 5050 talis
1770 4979 2197 5054 inclinatio

643 5088 884 5180 hujus
961 5090 1208 5171 orbiS,
1267 5096 1353 5167 ut
1417 5095 1828 5171 adhaereat
1924 5098 2195 5180 alteri,

644 5209 1314 5300 quemadmodum
1355 5216 1478 5286 est
1523 5212 1944 5288 inclinatio
1989 5214 2200 5305 ignis

649 5330 735 5399 ut
770 5325 1181 5397 adhwreat
1224 5325 1449 5396 coelo.

626 5503 631 5508 .
746 5444 897 5512 Per
923 5442 1071 5512 hoc
1106 5442 1199 5514 ad
1235 5443 1623 5516 rationes.
1662 5447 1773 5518 Ad
1821 5448 2198 5539 primam,

296 5562 381 5612 Ad
410 5560 1008 5632 “Vllum-(Jonoodo
1101 5561 1303 5650 quod
1381 5562 1671 5634 coelum
1754 5569 1972 5637 motu
2054 5587 2201 5637 suo

1800 391 1944 451 [ΑΒ.
1995 390 2039 450 1.
2087 388 2632 451 METEORORUM

2259 549 2636 624 calefacit
2669 569 2830 621 non
2860 549 3244 640 seipsum,
3284 546 3470 637 quia
3504 565 3663 617 non
3687 548 3810 617 est

2262 667 2815 760 susceptivum
2882 666 3075 739 talis
3154 663 3600 756 qualitatis,
3678 660 3810 733 sed

2262 784 2530 874 ignem
2557 783 2706 855 sibi
2739 783 3311 876 propinquum,
3346 785 3427 854 ct
3464 777 3810 872 objectio

2261 901 2474 973 dubii
2508 900 2680 995 jam
2724 903 2995 974 soluta
3034 907 3184 975 est.
3785 894 3788 897 ’

2355 1017 2470 1090 Ad
2566 1018 2998 1090 secundam
3103 1021 3457 1109 negatur
3542 1033 3816 1087 conse-

2268 1135 2623 1228 quentia,
2709 1135 2899 1227 quia
2947 1155 3109 1208 non
3199 1136 3529 1228 oportet
3614 1128 3821 1223 quod

2269 1258 2541 1327 motus
2582 1251 3014 1327 calefaciat
3075 1272 3422 1345 semper,
3478 1248 3611 1320 ubi
3683 1265 3826 1339 per

2267 1371 2850 1445 alterationem
2912 1370 3349 1444 fortiorem
3415 1365 3828 1439 inducitur

2272 1482 2625 1580 qualitas
2685 1487 3112 1562 contraria
3170 1486 3455 1568 calori,
3530 1490 3618 1559 ut
3690 1485 3835 1557 sri-

2272 1605 2592 1696 giditas.
2949 1598 2952 1603 ’
3819 1596 3826 1599 ’

2363 1721 2475 1793 Ad
2559 1721 2895 1794 tertiam
2983 1720 3457 1795 conceditur
3551 1739 3827 1792 conse-

2277 1857 2550 1927 quens,
2644 1836 2833 1928 quia
2945 1836 3280 1910 effectus
3375 1834 3830 1908 consimilis

2275 1954 2472 2025 bene
2556 1959 2680 2027 est
2762 1953 3289 2046 producibilis
3366 1974 3413 2025 a
3485 1952 3833 2025 diversis

2276 2069 2726 2160 agentibus,
2774 2069 2938 2141 imo
2983 2069 3354 2162 quiahoc
3426 2069 3837 2142 concludit

2278 2185 2793 2258 contrarium
2843 2208 3022 2259 esse
3097 2206 3384 2258 verum
3455 2187 3548 2258 de
3625 2185 3835 2257 acci-

2278 2303 2669 2384 dentibus,
2706 2308 3001 2392 Septimo
3033 2306 3656 2393 Melapliysicorum.

2367 2420 2482 2492 Ad
2523 2426 2927 2513 quartam,
2974 2434 3128 2489 tunc
3155 2444 3291 2490 non
3345 2422 3639 2500 omnino,
3675 2423 3836 2492 etc.
3921 2492 3926 2497 ,

2285 2537 2488 2611 Illud
2529 2542 2654 2611 est
2695 2538 3310 2618 concedendum,
3359 2538 3492 2610 sed
3536 2536 3844 2610 sufficit

2284 2655 2493 2746 quod
2562 2655 2669 2728 sit
2752 2654 3339 2745 quodammodo
3411 2653 3843 2726 consimile

2287 2769 2365 2839 in
2397 2768 2740 2849 virtute3
2785 2768 3017 2840 modo
3055 2771 3324 2840 motus
3360 2766 3438 2838 in
3475 2766 3618 2840 tali
3653 2786 3843 2838 con-

2284 2884 2721 2959 fricatione
2773 2889 2959 2958 sunt
3002 2884 3472 2957 consimiles
3529 2884 3844 2957 virtute

2290 3002 2442 3095 ipsi
2485 3002 2773 3074 calori.

2379 3119 2489 3191 Ad
2525 3119 2916 3211 quintam,
2965 3117 3266 3191 dicitur
3304 3118 3510 3210 quod
3572 3122 3846 3191 motus

2291 3256 2451 3308 non
2483 3241 2607 3308 est
2640 3256 2888 3307 causa
2924 3234 3401 3327 principalis
3437 3233 3675 3306 istius
3716 3255 3846 3306 ca-

2292 3352 2522 3433 loriS,
2597 3353 2729 3423 sed
2778 3352 3048 3424 forma
3098 3352 3478 3443 corporis
3547 3350 3849 3423 confri-

2294 3469 2457 3544 cati
2512 3469 2908 3542 mediante
2986 3473 3237 3552 motu,
3294 3474 3373 3543 et
3449 3467 3853 3542 confrica-

2296 3586 2516 3660 tione
2549 3586 2925 3678 producit
2972 3586 3200 3658 illum
3233 3585 3620 3658 calorem.

2386 3703 2648 3776 Aliter
2676 3703 3001 3783 dicitur,
3048 3703 3257 3793 quod
3299 3700 3599 3774 sufficit
3641 3701 3856 3793 quod

2299 3843 2564 3895 causae
2609 3820 3117 3893 universales
3169 3819 3331 3891 sint
3373 3817 3849 3899 nobilioreS,

2301 3937 2757 4030 cujusmodi
2836 3940 3024 4010 sunt
3091 3937 3331 4017 DeuS,
3403 3939 3484 4007 ct
3547 3932 3854 4007 Intelli-

2301 4053 2618 4144 gentiae.

2390 4173 2505 4243 Ad
2535 4170 3111 4263 experientias.
3151 4169 3263 4242 Ad
3293 4168 3640 4262 primam
3665 4167 3847 4240 dico

2305 4288 2512 4380 quod
2590 4309 2800 4379 aqua
2897 4291 3124 4361 stans
3210 4285 3552 4358 calidior
3637 4304 3854 4374 aqua

2307 4406 2624 4486 fluente,
2663 4425 2757 4476 co
2811 4404 3019 4494 quod
3088 4404 3185 4474 ad
3227 4403 3491 4494 ipsam
3561 4399 3855 4472 melius

2310 4522 2903 4611 refranguntur
2946 4520 3151 4592 radii
3195 4519 3432 4601 Solis,
3469 4523 3549 4591 et
3609 4536 3862 4610 super

2307 4660 2486 4710 eam
2519 4637 3121 4711 diuturniorem
3191 4636 3488 4710 habent
3540 4654 3860 4727 perma-

2309 4755 2692 4828 nentiam.
3395 4765 3398 4768 ·

2311 4943 2328 4952 ,
2401 4872 2509 4943 Ad
2572 4871 3028 4951 secundam,
3065 4871 3156 4941 de
3204 4873 3426 4942 motu
3471 4867 3689 4939 aeris
3729 4888 3863 4939 co-

2312 5008 2490 5059 ram
2535 4988 2767 5068 facie,
2824 4987 3001 5062 dico
3046 4987 3253 5078 quod
3293 4984 3447 5058 hoc
3480 4988 3630 5066 est,
3669 4981 3867 5075 quia

2314 5105 2564 5177 facies
2597 5108 2720 5177 est
2753 5103 3097 5176 calidior
3123 5124 3315 5174 aere
3348 5101 3500 5173 sibi
3533 5097 3867 5192 propin-

2316 5243 2496 5313 quo,
2546 5220 2717 5292 ideo
2753 5219 3056 5292 alterat
3088 5217 3559 5308 aliqualiter
3593 5216 3865 5308 ipsum

2315 5337 2408 5408 ad
2451 5335 2976 5414 caliditatem,
3027 5334 3157 5406 sed
3196 5336 3479 5425 postea
3516 5351 3660 5423 per
3694 5349 3865 5401 mo·-

2314 5460 2487 5527 tum
2523 5451 2992 5545 supervenit
3036 5472 3179 5522 aer
3221 5471 3525 5528 recens,
3571 5452 3649 5519 ct
3695 5466 3864 5518 non

2315 5570 2744 5650 alteratus,
2792 5573 2871 5642 et
2915 5572 3256 5661 apparet
3301 5564 3697 5656 frigidior.

3845 543 3891 594 1.
3949 545 4147 606 priuci-

3834 610 3984 673 pale.

3934 1009 4020 1058 ,1111
4035 1007 4080 1056 2.

3913 1699 3999 1748 Ad
4031 1697 4073 1745 3.

3953 2407 4038 2457 Ad
4079 2409 4120 2455 4.

3966 3109 4050 3159 Ad
4075 3110 4119 3157 5.
