4252 6393
1652 435 2016 512 QUAEs'l'lo
2064 435 2193 498 Xlll
3432 442 3510 503 63

316 593 489 685 pori
524 594 881 674 coelesti3
958 594 1215 686 igitur
1274 616 1415 667 nec
1468 593 1719 668 etiam
1756 594 1865 666 in-

314 716 432 782 ter
456 732 543 782 se
576 710 955 786 invicem.
993 710 1591 804 Consequentia
1616 715 1858 791 tenet,

314 828 493 919 quia.
536 828 757 903 sicut
798 832 1155 921 quatuor
1196 829 1599 904 elementa
1653 829 1864 902 inter

316 966 392 1017 sc
440 945 932 1019 ordinantur
955 946 1392 1019 secundum
1429 946 1701 1026 situm,
1752 944 1865 1018 ita

316 1084 492 1135 cum
525 1063 647 1134 eis
684 1062 1115 1136 ordinatur
1153 1082 1458 1155 corpus
1506 1062 1858 1135 coeleste.

319 1180 410 1252 Et
451 1179 936 1253 antecedens
971 1184 1312 1272 apparet
1366 1198 1510 1271 per
1552 1177 1863 1252 Aristo-

321 1295 557 1370 telem
618 1300 694 1365 in
744 1300 870 1364 isto
930 1300 1181 1387 prime,
1232 1295 1363 1367 ubi
1422 1295 1599 1368 vult
1656 1296 1863 1386 quod

319 1410 721 1503 quodlibet
787 1410 1385 1485 elementorum
1461 1411 1568 1484 sit
1636 1409 1863 1482 valde

324 1527 648 1602 modicae
682 1529 1170 1621 quantitatis
1206 1528 1285 1601 in
1314 1527 1862 1620 comparatio-

322 1665 407 1717 nc
452 1645 546 1716 ad
579 1645 902 1719 coelum.

76 1770 295 1828 &wimm-
400 1765 792 1858 Septimo,
851 1763 1037 1856 quia
1082 1763 1339 1837 mixta
1377 1784 1475 1835 ex
1525 1762 1865 1836 elemen-

318 1880 413 1953 tis
447 1901 611 1954 non
644 1885 836 1955 sunt
879 1879 1259 1955 continue
1296 1878 1866 1973 proportiona-

317 1998 541 2079 bilia;
590 1997 850 2090 igitur
882 2019 1025 2072 nec
1070 1998 1243 2092 ipsa
1267 1998 1693 2069 elementa.
1731 1995 1866 2067 Te-

318 2122 441 2189 net
494 2115 1113 2207 consequentia,
1152 2135 1340 2189 nam
1372 2135 1560 2188 cum
1608 2112 1867 2187 mixta

317 2238 917 2325 componantur
965 2254 1064 2305 ex
1110 2232 1561 2312 elementiS,
1617 2229 1866 2323 quali-

322 2353 436 2422 ter
478 2373 567 2421 se
625 2349 926 2423 habent
975 2350 1402 2430 elementa,
1447 2349 1732 2422 debent
1784 2368 1868 2418 se

323 2465 616 2538 habere
656 2465 915 2541 mixta
946 2465 1404 2562 composita
1441 2486 1536 2538 ex
1570 2464 1713 2537 eis.

94 2598 258 2662 Ovium.
396 2584 888 2676 Oppositum
931 2584 1320 2676 arguitur
1371 2604 1514 2677 per
1558 2580 1868 2656 Aristo·

314 2703 547 2775 telem
569 2703 648 2774 in
673 2704 834 2777 isto
861 2704 1153 2797 primo,
1183 2702 1314 2774 ubi
1335 2700 1560 2775 dicit:
1591 2704 1671 2768 Si
1692 2702 1871 2767 enim

313 2835 366 2888 ct
395 2825 742 2890 distanticc
775 2820 998 2911 plena»
1036 2825 1211 2911 imae,
1245 2834 1306 2889 el
1353 2843 1637 2909 corpora
1669 2842 1861 2887 cons-

316 2953 446 3007 tant
483 2964 576 3007 ez
620 2944 799 3028 ique,
833 2942 995 3008 olim
1027 2941 1487 3006 annihilatum
1528 2950 1689 3005 esset
1734 2939 1866 3004 uli-

314 3079 424 3142 que
478 3045 998 3144 unumquodque
1043 3057 1373 3136 aliorum,·
1424 3052 1699 3144 'itaque
1755 3049 1863 3123 vi·

313 3171 546 3245 detur
587 3191 939 3264 arguere
993 3169 1200 3263 quod
1259 3190 1445 3252 non,
1496 3168 1652 3243 nisi
1711 3168 1863 3242 elc-

318 3295 588 3362 menta
629 3294 903 3363 essent
962 3289 1345 3362 continue
1396 3287 1860 3380 proportio·

315 3405 640 3485 nabilia,
696 3405 885 3498 quia
931 3406 1426 3478 elementum
1466 3404 1857 3477 excedens

314 3521 587 3594 omnia
619 3522 782 3593 alia
813 3525 1411 3614 corrumperet.

63 3623 287 3747 qtgff'fffi
396 3640 482 3710 In
551 3637 706 3712 ista
748 3637 1195 3730 quaestione
1255 3640 1444 3710 sunt
1505 3640 1861 3728 quatuor

308 3753 642 3827 videnda
685 3781 699 3824 :
744 3753 1046 3833 Primo,
1114 3752 1475 3846 quaedam
1535 3751 1859 3827 distinc-

313 3873 565 3944 tiones
585 3872 1013 3963 gcnerales
1040 3871 1539 3964 pertinentes
1563 3871 1656 3942 ad
1682 3890 1859 3963 pro-

313 3986 693 4077 positum.
780 3988 1142 4060 Secundo
1210 3987 1304 4059 de
1388 3984 1857 4086 aequalitate

309 4104 926 4178 elementorum.
1000 4105 1278 4179 Tertio
1354 4105 1446 4177 dc
1517 4123 1857 4196 propor-

310 4221 800 4296 tionalitate.
841 4226 1176 4304 Quarto,
1224 4223 1412 4295 dato
1457 4220 1665 4312 quod
1705 4218 1857 4291 elc-

310 4344 577 4414 menta
627 4343 904 4414 essent
974 4338 1431 4432 inaequalia,
1497 4336 1858 4430 qualiter

306 4461 639 4546 possunt
679 4455 1186 4539 conservari,
1241 4477 1336 4528 nc
1394 4476 1640 4528 unum
1682 4476 1857 4528 cor-

306 4579 759 4665 rumpatur.

800 4920 1234 4978 ARTICULUS
1299 4922 1339 4976 1.

332 5101 638 5168 Quaedam
685 5100 1124 5180 distinctiones,
1166 5098 1504 5178 qenerales
1565 5102 1655 5163 ad
1695 5100 1824 5161 ele-

406 5214 770 5271 mentorum
832 5209 1525 5288 proportionalitatem
1612 5210 1826 5285 perti·-

421 5322 663 5381 nentes.

80 5500 283 5627 2223th
427 5510 838 5586 Quantum
864 5508 958 5580 ad
1004 5508 1387 5602 primum,
1435 5507 1847 5582 sciendum

79 5633 258 5692 quatuor,
314 5632 451 5708 est,
523 5630 729 5722 quod
774 5631 855 5703 in
914 5634 1339 5725 proposito
1400 5652 1845 5728 acc1p11nus

1971 598 2321 677 elementa,
2363 617 2512 689 pro
2550 597 2837 691 primis
2862 600 3351 692 corporibus
3397 621 3522 673 ac-

1977 713 2062 782 tu
2107 711 2672 794 existentibus,
2718 735 2818 786 ex
2870 716 3156 808 quibus
3190 736 3521 809 genera-

1975 826 2195 910 bilia,
2252 832 2333 903 ct
2403 831 2981 923 corruptibilia
3058 839 3256 909 nata
3334 843 3524 912 sunt

1975 945 2381 1036 componi,
2453 946 2663 1021 sicut
2742 954 2953 1032 sunt,
3033 950 3273 1041 ignis,
3352 973 3520 1036 aer,

1976 1078 2209 1150 aqua,
2239 1065 2493 1134 terra.

2062 1178 2424 1250 Secundo
2479 1179 2891 1254 sciendum
2942 1188 3092 1265 est,
3169 1186 3376 1277 quod
3446 1186 3529 1259 in

1979 1293 2405 1384 proposito
2438 1296 2805 1389 capimus
2837 1298 3330 1375 elementum
3371 1307 3528 1378 ter-

1976 1428 2086 1480 rae
2124 1430 2270 1501 pro
2309 1411 2482 1504 ipsa
2532 1412 2784 1496 terra,
2823 1421 2902 1490 et
2952 1438 3098 1510 pro
3153 1418 3526 1492 omnibus

1982 1524 2261 1599 mixtis
2340 1530 2754 1618 generatis
2840 1531 3057 1605 infra
3123 1539 3204 1608 et
3273 1556 3526 1629 supra

1977 1647 2324 1727 tc1·ra1n;
2387 1650 2467 1720 et
2518 1667 2839 1740 aquam,
2917 1670 3063 1742 pro
3141 1670 3375 1745 aqua,
3449 1658 3531 1729 et

1979 1760 2141 1833 illis
2197 1783 2372 1855 quae
2412 1766 2939 1840 continentur
2996 1768 3209 1841 infra
3259 1770 3528 1845 locum

1979 1898 2235 1970 aquae.

2068 1997 2343 2072 Tertio
2404 2002 2528 2074 est
2587 2001 3022 2086 sciendum,
3079 2005 3283 2097 quod
3348 2027 3526 2099 pro·
3686 2031 3735 2082 3.

1984 2112 2257 2204 portio
2279 2118 2404 2187 est
2425 2115 2770 2191 duarum
2796 2119 3288 2212 qualitatum
3320 2121 3389 2216 ej
3406 2144 3526 2194 us·
3595 2095 3879 2221 Ρξῗῧὲῗῆο

1980 2229 2159 2302 dem
2202 2231 2524 2324 generis
2557 2234 2795 2307 unius
2828 2237 2921 2307 ad
2969 2237 3319 2312 alteram
3360 2261 3527 2314 cer-

1981 2353 2067 2422 ta
2102 2348 2398 2423 relatio
2434 2350 3033 2444 inquantitate;
3080 2356 3306 2428 verbi
3350 2377 3529 2448 gra-

1983 2462 2124 2544 tia,
2165 2464 2598 2557 proportio
2632 2467 2896 2560 dupla,
2944 2469 3154 2544 sicut
3184 2471 3531 2545 duorum

1984 2578 2078 2648 ad
2113 2599 2361 2652 unum
2400 2585 2526 2655 est
2556 2588 2786 2657 certa
2839 2586 3132 2660 relatio
3177 2586 3530 2663 istorum

1982 2694 2326 2768 duorum
2348 2718 2906 2785 numerorum,
2938 2702 3072 2795 qui
3107 2708 3294 2779 sunt
3325 2705 3532 2797 ejus-

1980 2811 2157 2883 dem
2191 2815 2514 2904 generis
2551 2817 2629 2888 in
2663 2818 3143 2909 quantitate.
3184 2822 3531 2915 Propor·
3560 2868 3701 2933 ΕΜ
3737 2870 3883 2922 ἀίω..

1981 2926 2097 3001 tio
2130 2928 2517 3005 dividitur
2559 2933 2636 3004 in
2669 2937 2838 3007 tres
2864 2936 3564 3027 species,scilicet,
3667 2934 3767 2985 ⁸⁶⁰·

1983 3043 2062 3116 in
2107 3048 2728 3140 proportionem
2781 3052 3304 3145 aequalitatis,
3372 3074 3533 3127 ma-

1971 3161 2186 3253 joris
2242 3164 2850 3259 inzequalitatiS,
2915 3173 2997 3244 et
3067 3170 3533 3264 proportio·
3583 3199 3588 3210 ¹

1977 3301 2160 3353 nem
2184 3284 2527 3356 minoris
2556 3285 3534 3382 inaequalitatisPropor-

1975 3397 2093 3471 tio
2118 3399 2616 3492 aequalitatis
2640 3407 2763 3476 est
2789 3402 3167 3477 habitudo
3189 3405 3533 3477 duarum

1977 3515 2471 3607 qua-litatum
2512 3518 2949 3611 aequalium
3001 3521 3095 3592 ad
3153 3519 3525 3602 invicem,
3564 3560 3886 3624 Equam-

1975 3630 2188 3705 sicut
2221 3633 2654 3725 proportio
2702 3634 3046 3706 duorum
3089 3636 3183 3706 ad
3233 3637 3412 3720 duo,
3448 3644 3529 3714 et
3676 3623 3766 3674 ‘²⁸⁸‘

1974 3748 2166 3824 talis
2210 3770 2368 3822 non
2409 3750 2648 3826 habet
2684 3751 2959 3844 plures
2994 3754 3330 3845 species,
3360 3755 3523 3831 imo

1974 3865 2362 3942 consistit
2396 3867 2476 3940 in
2517 3866 3013 3942 indivisibili.

2066 3984 2212 4054 Sed
2249 3985 2682 4077 proportio
2718 3985 3060 4078 majoris
3109 3986 3517 4082 inaequali·
3640 4026 3884 4090 May-om

1974 4102 2172 4175 tatis
2221 4108 2347 4178 est
2382 4103 2761 4179 habitudo
2799 4106 3139 4200 majoris
3176 4109 3515 4200 quanta·
3588 4088 3884 4204 ⁶253?ss

1973 4215 2080 4288 tis
2124 4217 2218 4288 ad
2256 4218 2680 4303 minorem,
2705 4221 2915 4296 sicut
2943 4223 3199 4297 trium
3236 4225 3331 4298 ad
3362 4226 3516 4299 duo
3583 4281 3588 4286 ·

1972 4335 2097 4405 est
2149 4335 2583 4428 proportio
2627 4337 3192 4431 sesquialtera.
3232 4343 3331 4415 Et
3365 4341 3528 4416 ista

1976 4452 2409 4543 proportio
2505 4454 2846 4549 majoris
2938 4456 3528 4550 inaequalitatis

1974 4568 2512 4646 subdividitur
2532 4570 2612 4643 in
2665 4593 2870 4666 prop
2885 4573 3207 4648 ortione
3223 4596 3299 4648 m
3319 4577 3513 4648 mul-

1971 4686 2033 4760 ti
2045 4686 2362 4779 plicem,
2394 4690 3259 4783 superparticularem,
3300 4698 3378 4768 te
3411 4713 3535 4767 su·

1974 4805 2751 4897 perpartiente1n,et
2786 4808 3164 4901 quaelibet
3195 4810 3530 4884 illarum

1968 4922 2359 4996 dividitur
2403 4925 2482 4998 in
2524 4926 2836 5018 species
2899 4928 3286 5005 infinitas,

2062 5041 2208 5112 Sed
2244 5042 2674 5134 proportio
2719 5043 3064 5118 minoris
3111 5046 3524 5140 inaequali*
3642 5076 3883 5133 Minoris

1966 5157 2165 5231 tatis
2208 5163 2333 5231 cst
2362 5157 2744 5233 habitudo
2784 5161 3131 5237 minoris
3177 5166 3520 5258 qualita·
3587 5143 3882 5257 ‘affl-'2²²²‘

1966 5268 2076 5347 tis
2129 5274 2224 5344 ad
2261 5267 2714 5369 majorem,
2764 5277 2979 5353 sicut
3036 5280 3379 5354 duorum
3424 5284 3519 5355 ad

1969 5397 2326 5485 quatuor
2356 5398 2481 5467 est
2511 5396 2946 5488 proportio
2992 5400 3408 5493 subdupla,
3445 5408 3524 5477 et

1967 5507 2125 5585 ista
2193 5506 2733 5586 subdividitur
2778 5511 2855 5586 in
2899 5517 3525 5610 proportionem

1964 5625 2676 5723 submultiplicem,
2775 5634 3532 5729 subsuperparticu-
