4252 6393
1598 401 1959 479 QUAESTIO
2003 402 2137 465 Vlll
3377 408 3497 472 369

321 562 645 644 tionem,
720 563 927 655 quod
993 564 1116 635 est
1201 561 1707 654 impossibile
1783 562 1864 634 in
1977 562 2508 637 subsistentia
2572 564 2787 638 inter
2859 567 3318 651 materiam,
3388 589 3527 661 po-

327 680 613 774 primo,
667 680 1061 771 quiacum
1095 683 1373 772 partes
1399 680 1861 773 praecedant
1967 676 2316 749 tentiam
2377 681 2458 750 et
2531 680 2814 761 Deum,
2885 679 3178 753 liabent
3251 684 3523 754 actum

323 795 814 869 naturaliter
863 795 1437 888 compositum,
1504 794 1862 888 primum
1974 792 2358 883 potentiae
2393 794 2735 885 passivae
2768 796 3214 870 admixtum
3251 818 3532 872 secun-

320 932 469 985 non
501 915 718 986 esset
740 911 1232 1006 simpliciter
1258 911 1639 1006 primum,
1667 914 1860 984 tunc

324 1028 670 1121 primum
730 1048 981 1120 agens
1028 1049 1188 1103 non
1230 1032 1512 1120 ageret
1559 1048 1706 1121 per
1747 1049 1857 1111 se,

322 1145 445 1216 sed
486 1163 631 1236 per
670 1144 885 1218 aliud
944 1145 1096 1228 sui,
1148 1147 1229 1218 et
1264 1145 1377 1218 ita
1428 1164 1588 1217 non
1646 1145 1861 1216 esset

323 1260 642 1333 omnino
668 1281 918 1353 agens
944 1260 1327 1355 primum.
1365 1263 1466 1334 Et
1489 1280 1675 1334 cum
1702 1278 1865 1331 om-

325 1376 450 1448 nia
510 1377 1009 1450 reducantur
1039 1378 1133 1450 ad
1183 1378 1539 1471 primum
1574 1376 1697 1449 sui
1737 1395 1865 1467 ge·

328 1491 565 1573 neris,
605 1496 1089 1585 sequeretur
1120 1493 1324 1586 quod
1357 1492 1554 1566 illud
1586 1510 1860 1584 agens,

328 1609 525 1700 quod
578 1608 779 1682 dicis
835 1609 1218 1703 primum,
1278 1609 1869 1703 produceretur

327 1728 414 1799 ad
453 1746 701 1818 agens
745 1747 889 1819 per
935 1727 1404 1809 essentiam,
1456 1730 1536 1799 et
1594 1728 1867 1819 poten-

333 1843 435 1917 tia
466 1843 689 1916 illius
739 1843 835 1914 ad
874 1842 1323 1935 potentiam
1369 1841 1686 1934 agentis
1724 1861 1868 1933 per

322 1960 781 2032 essentiam.
820 1964 1021 2034 Cum
1057 1959 1315 2050 igitur
1346 1979 1507 2032 non
1544 1958 1649 2030 sit
1687 1977 1869 2051 pro-

324 2096 593 2151 cessus
664 2074 745 2148 in
811 2074 1241 2156 infinitum,
1309 2076 1632 2167 oportet
1675 2074 1868 2146 dare

325 2192 672 2286 primum
703 2211 976 2284 agens,
1015 2191 1221 2283 quod
1253 2190 1423 2283 agit
1457 2209 1603 2284 per
1636 2209 1869 2262 suam

325 2309 784 2391 essentiam,
830 2307 911 2380 in
952 2328 1109 2401 quo
1180 2306 1542 2400 potentia
1600 2305 1872 2379 activa

327 2433 445 2501 est
512 2427 717 2500 idem
763 2446 849 2498 re
909 2447 1096 2499 cum
1147 2425 1529 2506 essentia,
1603 2424 1870 2497 solum

330 2544 644 2618 ratione
708 2542 1114 2624 differens,
1185 2546 1264 2616 et
1316 2541 1873 2635 comparatio-

330 2681 445 2744 ne,
526 2663 613 2734 ut
680 2660 1003 2733 dicatur
1068 2659 1426 2733 essentia
1502 2658 1873 2732 absolute

326 2779 833 2853 considerata
856 2777 1218 2871 potentia
1243 2796 1388 2870 per
1414 2780 1875 2869 respectum

331 2894 420 2966 ad
453 2894 619 2978 illa,
658 2914 834 2986 quae
884 2897 1156 2987 potest
1188 2894 1665 2986 producere.

414 3011 813 3084 Similiter
832 3011 1007 3083 dico
1041 3009 1341 3082 eisdem
1385 3006 1869 3089 rationibuS,

333 3128 529 3218 quod
605 3127 973 3221 potentia
1050 3125 1380 3220 passiva
1448 3123 1715 3218 primo
1793 3125 1873 3195 et

332 3264 469 3337 per
511 3267 595 3317 se
638 3244 1056 3318 invenitur
1112 3243 1193 3315 in
1256 3242 1419 3314 alio
1471 3245 1870 3323 extreme,

331 3362 634 3436 scilicet
675 3361 757 3433 in
820 3360 1169 3434 materia
1212 3359 1503 3452 prima,
1566 3357 1647 3429 in
1721 3376 1878 3447 qua

332 3498 473 3551 sua
504 3476 873 3572 potentia
907 3475 1237 3570 passiva
1284 3478 1409 3548 est
1461 3474 1579 3547 ita
1638 3494 1869 3566 pura,

333 3595 535 3686 quod
601 3592 930 3666 omnino
999 3595 1124 3665 est
1197 3592 1401 3665 idem
1483 3610 1595 3672 re,
1671 3589 1878 3682 quod

331 3709 784 3784 substantia
855 3706 1247 3788 materiae,
1317 3704 1494 3777 sola
1558 3703 1876 3778 ratione

330 3825 732 3908 differenS,
804 3828 891 3896 ut
941 3824 1244 3896 dictum
1313 3824 1463 3903 est,
1512 3820 1628 3893 ita
1672 3820 1878 3913 quod

330 3941 634 4014 nullam
665 3938 1350 4032 compositionem
1414 3938 1719 4011 realem
1766 3936 1876 4007 fa·

330 4058 487 4131 ciat
522 4078 705 4131 cum
742 4055 1115 4129 materia.
1153 4056 1317 4129 Nec
1352 4057 1696 4148 propter
1726 4052 1878 4125 hoc

335 4178 598 4265 potest
664 4172 1054 4254 concludi,
1121 4172 1327 4263 quod
1390 4169 1876 4263 simplicitas

333 4290 696 4364 materiae
776 4288 885 4362 sit
977 4288 1249 4360 divina
1338 4286 1872 4380 simplicitas;

332 4409 518 4499 quia
587 4404 1075 4499 simplicitas
1139 4403 1507 4478 materiae
1550 4423 1711 4475 non
1753 4405 1876 4475 est

333 4523 522 4595 adeo
570 4521 940 4614 simplex,
998 4519 1190 4612 quin
1232 4518 1475 4592 alteri
1520 4517 1625 4589 sit
1667 4537 1879 4590 com·

334 4638 739 4731 ponibilis,
832 4636 1024 4729 quin
1130 4634 1381 4709 etiam
1479 4654 1526 4706 a
1610 4633 1881 4705 forma

337 4757 724 4847 quantum
785 4754 880 4826 ad
942 4755 1217 4826 actum
1261 4750 1749 4824 subsistendi
1801 4751 1880 4821 et

335 4870 854 4945 determinati
963 4867 1289 4961 generis
1399 4865 1878 4959 dependeat,

339 4988 529 5080 quin
590 4988 782 5060 item
851 4986 933 5058 in
975 5005 1071 5057 ea
1112 5005 1294 5058 esse
1368 4981 1877 5075 simpliciter,

342 5125 477 5177 seu
520 5126 698 5178 esse
740 5107 955 5183 actu,
1004 5100 1215 5194 quod
1248 5099 1487 5173 habet
1522 5119 1569 5170 a
1600 5097 1885 5171 termi-

342 5224 608 5303 nante,
671 5218 787 5293 sic
831 5239 878 5291 a
941 5237 1089 5290 sua
1145 5214 1504 5289 essentia
1562 5213 1885 5286 differat

345 5338 549 5428 quod
570 5358 726 5410 non
762 5335 867 5408 sit
899 5334 990 5407 de
1013 5333 1187 5427 ejus
1216 5332 1660 5414 intellectu,
1712 5350 1884 5423 quae

346 5454 612 5525 omnia
645 5454 832 5526 sunt
899 5452 1138 5522 extra
1177 5447 1532 5521 divinam
1580 5445 1888 5538 simpli-

345 5570 691 5645 citatem.
731 5568 1021 5647 Omnia
1054 5571 1327 5643 autem
1368 5566 1589 5640 entia
1622 5586 1769 5660 per
1803 5586 1886 5638 se

512 5706 646 5759 Tem.
678 5706 774 5761 1v.

1974 907 2162 980 dum
2199 909 2459 1000 magis
2493 913 2573 983 et
2613 911 2906 985 minus.

2065 1025 2210 1096 Est
2283 1024 2540 1118 igitur
2611 1029 2977 1120 potentia
3037 1031 3365 1122 passiva
3442 1033 3522 1104 in

1979 1142 2329 1216 materia
2369 1143 2661 1236 prima,
2728 1145 2841 1218 ita
2912 1168 3056 1240 per
3099 1169 3181 1220 se
3253 1149 3520 1241 primo

1974 1260 2056 1330 et
2104 1277 2334 1350 pura,
2383 1261 2590 1352 quod
2634 1263 2961 1335 omnino
3003 1270 3129 1339 est
3182 1265 3386 1339 idem
3431 1289 3519 1338 re

1978 1374 2183 1464 quod
2219 1374 2393 1467 ipsa
2425 1380 2804 1452 essentia.
2844 1382 3091 1471 Cujus
3120 1383 3334 1455 ratio
3367 1389 3515 1464 est,

1979 1490 2166 1583 quia
2202 1492 2270 1565 si
2306 1513 2463 1566 rea
2497 1496 2845 1568 materia
2876 1497 3264 1580 differret,
3301 1505 3518 1572 esset

1977 1607 2370 1694 accidenS,
2449 1612 2575 1684 vel
2654 1612 2923 1685 forma
2994 1617 3355 1706 quaedam
3440 1617 3518 1689 in

1981 1725 2331 1798 materia
2375 1732 2727 1820 recepta,
2772 1733 2850 1801 et
2906 1733 3255 1804 materia
3305 1737 3519 1807 esset

1980 1838 2062 1912 in
2104 1843 2470 1933 potentia
2537 1844 2633 1916 ad
2699 1846 2876 1936 ejus
2943 1849 3515 1940 receptionem,

1977 1958 2056 2028 et
2098 1957 2189 2027 de
2226 1957 2366 2030 illa
2410 1959 2776 2051 potentia
2820 1962 2915 2032 ad
2976 1963 3521 2055 receptionem

1981 2073 2386 2165 praedictae
2493 2078 2876 2168 potentiae
2963 2084 3177 2151 essct
3248 2083 3520 2153 eadem

1984 2190 2353 2280 quaestiO,
2397 2195 2476 2264 et
2541 2194 3125 2285 procederetur
3159 2197 3238 2268 in
3278 2197 3526 2270 infini-

1982 2307 2198 2385 tum;
2262 2306 2388 2379 vel
2430 2311 2553 2380 est
2594 2308 2785 2380 dare
2820 2309 3043 2382 illam
3079 2314 3523 2403 potentia-m

1986 2421 2424 2513 passivam,
2473 2445 2647 2516 quze
2698 2431 2821 2499 est
2886 2426 3090 2500 idem
3163 2449 3251 2500 re
3321 2430 3525 2521 quod

1984 2557 2164 2609 esse
2209 2538 2288 2610 in
2324 2541 2696 2614 materia.

2081 2654 2312 2734 Item,
2355 2654 2720 2730 videmus
2755 2659 3204 2750 potentiam
3273 2662 3529 2753 passi-

1987 2790 2175 2843 vam
2239 2771 2317 2842 in
2378 2792 2556 2844 esse
2601 2776 2838 2845 rebus
2883 2778 3314 2849 secundum
3363 2799 3529 2850 ma-

1987 2885 2112 2976 gis
2157 2889 2236 2959 et
2273 2887 2538 2960 minus
2576 2914 2590 2958 :
2639 2889 2788 2963 hoc
2831 2895 3106 2963 autem
3187 2914 3346 2965 non
3393 2915 3532 2987 po-

1988 3003 2154 3077 test
2193 3024 2394 3086 esse,
2441 3005 2598 3077 nisi
2633 3009 3066 3080 secundum
3105 3011 3527 3101 majorem,

1988 3119 2113 3192 vel
2160 3121 2561 3195 minorem
2595 3124 3200 3216 elongationem
3239 3127 3527 3210 abillo,

1990 3239 2115 3311 cui
2177 3259 2324 3332 per
2366 3262 2449 3313 se
2508 3246 2585 3314 et
2650 3244 3207 3317 essentialiter
3286 3247 3528 3327 inest;

1988 3375 2188 3445 ergo
2234 3360 2557 3448 oportet
2626 3358 2820 3430 dare
2864 3359 3166 3451 aliquid
3229 3382 3374 3452 per
3422 3384 3534 3433 es-

1992 3472 2339 3546 sentiam
2403 3494 2631 3546 suam
2675 3475 2789 3546 sic
2833 3476 3247 3569 passivum
3295 3502 3309 3546 :
3384 3479 3534 3551 hoc

1991 3592 2265 3661 autem
2307 3609 2468 3662 non
2509 3594 2633 3663 est
2676 3591 2969 3673 forma,
3025 3614 3169 3666 nec
3235 3593 3536 3685 aliquid

1990 3705 2562 3798 compositum,
2603 3708 2788 3799 quia
2825 3730 2967 3801 per
2993 3709 3343 3781 formam
3377 3731 3536 3783 non

1989 3824 2114 3894 est
2151 3824 2568 3914 passivum
2607 3849 2622 3906 ;
2661 3845 2860 3913 ergo
2903 3829 3026 3897 est
3073 3826 3443 3897 materia.

2083 3941 2311 4021 Item,
2362 3941 2568 4013 sicut
2604 3942 3104 4033 arguebatur
3136 3945 3224 4015 de
3272 3945 3534 4035 primo

1993 4060 2283 4145 agente
2331 4082 2345 4125 ε
2387 4057 2455 4128 si
2518 4057 2865 4129 materia
2909 4079 3065 4130 non
3110 4063 3231 4132 est
3279 4061 3537 4152 passi-

1991 4168 2177 4241 bilis
2222 4189 2367 4261 per
2419 4190 2648 4242 suam
2694 4171 3261 4255 substantiam,
3296 4176 3401 4260 (et
3437 4174 3543 4244 lo-

1994 4305 2202 4376 quor
2241 4288 2332 4357 de
2397 4287 2798 4379 passione,
2849 4310 3021 4379 quse
3082 4292 3203 4361 est
3257 4289 3543 4361 formae

1996 4402 2380 4494 receptiO,
2482 4404 2692 4495 quia,
2769 4407 2854 4475 ut
2938 4406 3378 4487 ostendam,
3452 4407 3548 4479 ad

1996 4518 2241 4590 istam
2295 4519 2711 4591 reducitur
2768 4520 3029 4592 omnis
3074 4521 3236 4592 alia
3273 4522 3544 4614 passio

1992 4637 2070 4706 et
2129 4635 2517 4728 receptio)
2580 4638 2711 4707 sed
2774 4637 3088 4729 patitur
3141 4659 3284 4729 per
3335 4638 3549 4711 aliud

1995 4768 2042 4820 a
2092 4771 2202 4831 se,
2271 4751 2617 4823 materia
2661 4772 2819 4823 non
2865 4755 2987 4824 est
3053 4752 3546 4845 principium

1996 4866 2428 4958 passionis,
2479 4867 2664 4958 quia
2717 4868 3206 4960 principium
3243 4870 3318 4941 in
3356 4891 3550 4961 quo-

1996 4982 2190 5055 libet
2251 5003 2543 5073 genere
2581 5005 2724 5077 per
2760 5006 2841 5057 se
2873 4989 2996 5058 est
3052 4986 3238 5068 tale,
3278 4991 3355 5058 et
3391 5009 3550 5060 non

1999 5119 2147 5191 per
2189 5098 2401 5170 aliud
2427 5124 2440 5180 ;
2470 5119 2667 5190 ergo
2695 5099 2870 5193 ipsa
2907 5102 3432 5175 reduceretur
3456 5104 3551 5174 ad

1998 5214 2324 5308 aliquod
2360 5215 2713 5307 primum
2751 5218 3066 5309 patiens
3105 5219 3305 5290 :nisi
3337 5219 3552 5291 enim

2000 5332 2106 5404 sit
2140 5332 2330 5403 darc
2369 5332 2748 5423 primum,
2789 5354 2948 5405 non
2982 5338 3104 5405 est
3137 5335 3326 5406 dare
3373 5357 3554 5428 pos-

1998 5451 2391 5529 tremum,
2432 5452 2509 5522 et
2567 5449 2632 5522 si
2666 5470 2825 5520 non
2866 5454 2988 5520 est
3027 5450 3380 5541 primum
3418 5472 3555 5543 pa—

2001 5564 2239 5647 tiens,
2269 5585 2426 5637 non
2452 5569 2574 5637 est
2601 5565 2912 5658 patiens
2940 5567 3371 5638 seeundum
3396 5589 3553 5639 ma-

3327 5703 3390 5755 24
