4252 6393
1716 420 2073 498 QUAESTIO
2121 422 2280 485 xvu
3530 424 3609 489 87

398 579 1959 673 comata,etaliquandointraduosdies
2077 599 2239 651 non
2298 581 2544 664 valet,
2611 583 2800 674 quia
2862 586 3053 656 tunc
3113 603 3275 660 non
3339 586 3619 674 posset
3688 566 3692 570 ’

400 703 751 789 apparet
788 718 976 780 una,
1022 697 1150 768 vel
1186 696 1492 790 plures.

487 817 806 887 Octavo
821 813 1206 888 differunt
1230 813 1306 885 in
1333 813 1952 904 significatione,

399 935 478 1003 et
530 929 686 1003 hoc
729 930 1142 1003 videbitur
1203 930 1282 1003 in
1364 929 1808 1023 quaestione
1836 993 1839 996 ,
1864 929 1955 1001 de

401 1046 735 1136 signato
781 1047 1041 1120 stellae
1076 1050 1453 1122 comatae.

485 1166 726 1237 Nono
760 1163 1147 1238 differunt
1217 1163 1709 1245 variatione,
1764 1183 1953 1234 nam

397 1282 765 1373 quaedam
785 1281 1169 1360 continue
1184 1280 1645 1361 variantur,
1666 1298 1954 1370 augen-

394 1398 519 1476 do,
554 1398 684 1469 vel
728 1397 1270 1479 diminuendo,
1306 1401 1389 1470 et
1436 1396 1798 1488 quaedam
1852 1394 1950 1467 si-

398 1514 715 1587 militer
734 1518 1079 1587 manent
1102 1533 1528 1605 -usquequo
1559 1512 1948 1604 incipiant

393 1629 848 1721 disparere.

480 1747 681 1818 Istae
714 1744 977 1834 igitur
999 1749 1188 1817 sunt
1218 1743 1697 1817 differentiae
1732 1742 1946 1814 habi-

392 1865 500 1933 tae
526 1882 671 1953 per·
687 1860 1240 1953 experientias
1263 1862 1355 1934 de
1377 1861 1746 1942 cometis,
1766 1879 1948 1952 qua·

394 1997 583 2048 rum
634 1998 906 2049 causae
947 1983 1231 2070 postea
1270 1977 1778 2051 videbuntur.
1880 2013 1889 2032 ν

483 2094 765 2167 Tertio
813 2099 938 2167 est
988 2095 1423 2177 sciendum,
1468 2093 1674 2185 quod
1708 2094 1947 2167 stella

384 2219 723 2286 comata
746 2214 876 2285 vel
896 2217 1161 2306 potest
1181 2211 1686 2286 considerari
1704 2232 1944 2305 quan-

382 2337 566 2404 tum
601 2329 698 2401 ad
748 2350 1051 2423 corpus
1076 2329 1361 2413 stellae,
1394 2329 1522 2400 vel
1550 2332 1943 2420 quantum

382 2447 487 2518 ad
510 2447 881 2528 caudam,
903 2447 1029 2517 vel
1053 2466 1409 2527 comam;
1434 2445 1668 2517 modo
1697 2444 1943 2537 possi·

380 2564 548 2635 bile
578 2568 705 2637 est
739 2563 1174 2655 aliquando
1205 2562 1410 2654 quod
1428 2581 1731 2653 corpus
1756 2561 1943 2634 stel-

380 2680 487 2750 1ae
510 2683 865 2751 comatae
890 2678 997 2752 sit
1026 2679 1117 2750 de
1141 2682 1441 2751 natura
1464 2677 1671 2759 coeli,
1727 2677 1939 2751 sicut

374 2795 583 2868 dicit
624 2794 1155 2868 Aristoteles:
1204 2793 1336 2865 sed
1361 2792 1513 2866 hoc
1549 2797 1676 2866 est
1708 2793 1937 2865 valde

380 2932 614 2992 raro,
655 2911 912 2983 cauda
946 2916 1220 2985 tamen
1273 2910 1449 3003 ejus
1480 2910 1642 2984 erit
1670 2910 1762 2982 de
1803 2931 1937 2983 na·

376 3032 577 3100 tura
630 3026 1141 3100 elementari.

470 3142 934 3217 Secundum
978 3141 1128 3215 boc
1180 3143 1522 3236 ponitur
1557 3142 1717 3217 ista
1750 3162 1933 3216 con·

2078 696 2387 771 salvari
2422 701 2779 792 qualiter
2821 699 3065 773 simul
3101 706 3444 792 possunt
3486 721 3617 794 ap-

2076 832 2373 905 parere
2408 815 2685 907 plures
2720 816 2976 889 stellae
3008 820 3379 890 comatae.

2141 935 2637 1022 sequeretur
2664 934 2940 1016 tertio,
2971 933 3177 1025 quod
3202 950 3615 1025 nunquam

2068 1046 2531 1139 dispareret
2575 1049 2814 1121 stella.
2864 1054 3216 1131 comata,
3254 1049 3415 1122 nisi
3472 1071 3617 1142 per

2074 1162 2541 1252 ingressum
2578 1167 2998 1239 radiorum
3046 1166 3284 1238 Solis.
3323 1171 3615 1240 Conse-

2070 1301 2325 1372 quens
2412 1287 2537 1355 est
2615 1287 2909 1355 contra
2985 1282 3608 1374 experientiam.

2069 1397 2482 1471 Probatur
2505 1398 3112 1490 consequentia,
3139 1398 3322 1490 quia
3351 1400 3608 1474 stellae

2064 1511 2250 1585 coeli
2280 1533 2441 1584 non
2485 1520 2823 1606 possunt
2856 1515 3154 1588 alicubi
3187 1516 3605 1608 disparere

2064 1628 2314 1701 avifsu
2357 1635 2672 1713 nostro,
2722 1632 3102 1724 quamdiu
3138 1637 3326 1707 sunt
3360 1651 3605 1723 super

2061 1743 2599 1818 horizontem.

2131 1866 2487 1943 Quarto,
2546 1861 2857 1935 nullum
2919 1864 3405 1954 generabile,
3462 1870 3601 1938 aut

2062 1977 2628 2070 corruptibile,
2720 1979 3348 2070 augmentabile,
3461 1984 3601 2055 aut

2059 2094 2561 2168 diminuibile
2621 2100 2748 2169 est
2816 2097 2908 2168 de
2989 2100 3338 2171 natura·
3379 2097 3593 2178 coeli;

2060 2210 2300 2284 stella
2345 2216 2675 2285 comata
2719 2218 2844 2292 est
2895 2212 3398 2303 hujusmodi;
3455 2213 3598 2304 igi-

2059 2332 2224 2409 tur,
2304 2332 2430 2401 etc
2494 2329 2767 2420 Maj0r
2829 2333 3052 2423 patet
3102 2333 3421 2404 1.-Coeli.
3496 2333 3598 2405 Et

2060 2443 2334 2516 minor
2382 2448 2726 2536 apparet
2785 2444 2880 2517 ad
2929 2445 3526 2538 experientiam
3575 2473 3591 2517 :

2052 2559 2421 2632 videmus
2505 2558 2723 2632 enim
2801 2560 3186 2651 generari
3266 2560 3594 2634 stellam

2055 2677 2468 2748 comatam
2500 2674 2982 2759 successive,
3017 2679 3098 2749 et
3131 2675 3418 2767 augeri
3454 2697 3595 2769 per

2056 2795 2377 2885 partem
2402 2796 2588 2864 ante
2614 2796 2958 2884 partem,
2996 2791 3175 2864 dein
3208 2792 3590 2868 continue

2055 2906 2485 2987 minorari,
2549 2927 2966 2999 quousque
3030 2908 3383 3000 amplius
3428 2928 3591 2980 non

2052 3027 2472 3115 appareat.

2142 3138 2437 3222 Quinto
2498 3139 2882 3232 arguitur
2917 3161 3014 3213 ex
3054 3140 3581 3224 dubitatione,

121 3259 682 3341 tsszffifficlusio,
720 3258 929 3351 quod
962 3259 1202 3332 stella
1231 3263 1558 3334 comata
1598 3279 1759 3332 non
1808 3262 1936 3333 est
2050 3256 2239 3349 quia
2275 3257 2537 3331 omnis
2572 3256 2810 3329 stella
2848 3261 2971 3330 est
2999 3261 3416 3350 perpetua,
3455 3258 3587 3331 sed

121 3360 346 3463 ἢεῖ
373 3377 472 3449 de
506 3381 815 3450 natura
866 3376 1071 3448 coeli.
1124 3375 1559 3457 Probatur,
1634 3375 1823 3468 quia
1864 3376 1933 3449 si
2050 3375 2288 3450 stella
2328 3378 2655 3448 comata
2682 3394 2868 3447 non.

122 3491 174 3524 ‘⁶
200 3479 334 3532 ΜΠ·
375 3494 531 3574 sic,
582 3496 1069 3584 sequeretur
1101 3492 1312 3584 quod
1345 3492 1933 3566 stella-comata
2138 3493 2252 3566 Ad
2319 3492 2708 3566 rationes.
2762 3491 2877 3564 Ad
2947 3490 3321 3584 primam,
3392 3514 3583 3561 omne
3739 3533 3798 3587 9,

371 3613 608 3683 esset
649 3608 1012 3701 perfecte
1047 3608 1497 3701 sphaerica:
1543 3630 1930 3701 consequ-
2045 3633 2282 3700 corpus
2317 3611 2627 3697 simplem,
2690 3611 2843 3681 etc.
2906 3606 3271 3680 Concedo
3334 3598 3927 3722 majo-fflssggssg'}

245 3734 259 3747 ·
372 3748 532 3798 ens
577 3730 703 3798 est
742 3729 1037 3798 contra
1076 3725 1697 3817 experientiam,
1744 3725 1931 3817 quia
2047 3745 2248 3807 rem,
2312 3722 2380 3795 si
2431 3725 2859 3797 moveatur
2906 3721 3432 3794 circulariter
3473 3722 3762 3793 se-pale·

373 3861 717 3933 semper
735 3845 1078 3935 apparet
1097 3861 1192 3913 cu
1206 3862 1282 3912 m
1312 3861 1575 3921 coma,
1598 3840 1726 3913 vel
1750 3861 1931 3913 cau-

368 3958 505 4029 da.
578 3957 1176 4051 Consequentia
1244 3956 1673 4050 probatur,
1743 3956 1931 4050 quia

372 4074 768 4167 quaelibet
802 4074 1039 4149 stella
1088 4074 1268 4149 caeli
1323 4078 1448 4148 est
1500 4074 1925 4167 sphaerica,

378 4198 472 4265 ut
519 4211 619 4283 pa
633 4194 748 4264 tet
765 4195 1054 4262 secundo
1087 4195 1277 4262 Coeli.
1310 4264 1315 4269 ,

477 4303 872 4386 Secund0‚
918 4302 988 4375 si
1020 4306 1239 4376 esset
1280 4303 1371 4374 de
1415 4308 1717 4378 natura
1749 4304 1932 4377 celi

377 4423 881 4511 sequeretur
910 4420 1117 4511 quod
1149 4439 1475 4512 semper
1501 4419 1927 4493 uniformi-

376 4544 523 4611 ter
545 4540 1017 4610 moveretur
1040 4537 1135 4609 ad
1171 4540 1481 4609 motum
1504 4536 1722 4611 coeli:
1750 4559 1932 4611 con-

381 4672 741 4744 sequens
779 4656 905 4726 est
960 4655 1258 4724 contra
1303 4653 1925 4745 experientiam,

380 4774 475 4843 ut
499 4768 809 4841 dictum
828 4772 979 4841 est.
1000 4767 1419 4841 Probatur
1439 4790 1932 4861 consequen-

375 4887 531 4968 tia,
560 4886 745 4976 quia
772 4885 853 4975 in
883 4884 1084 4958 coelo
1116 4905 1276 4957 non
1309 4890 1651 4978 apparet
1671 4887 1934 4959 varia-

2045 3841 2392 3915 cundum
2449 3844 2866 3919 naturam;
2902 3857 3108 3929 nego
3154 3837 3579 3920 minorem,

2046 3957 2306 4049 quoad
2366 3959 2798 4049 utramque
2859 3958 3203 4048 partem.
3278 3953 3581 4036 Primo,

2042 4073 2222 4147 dico
2285 4071 2492 4165 quod
2561 4072 2802 4147 stella
2859 4074 3187 4145 comata
3241 4090 3403 4143 non
3460 4075 3585 4145 est

2046 4209 2350 4281 corpus
2397 4187 2767 4280 simplex,
2824 4188 2988 4261 imo
3041 4189 3167 4260 est
3199 4185 3591 4280 quoddam

2050 4304 2401 4380 mixtum
2459 4303 3057 4397 imperfectum,
3114 4302 3375 4375 necin
3414 4302 3592 4377 tali·

2043 4423 2192 4495 bus
2218 4424 2546 4515 oportet
2565 4420 2969 4495 dominari
2991 4424 3331 4495 terram.
3364 4418 3593 4494 Simi-

2048 4539 2241 4612 liter
2280 4558 2442 4612 non
2478 4541 2860 4610 movetur
2899 4535 3428 4609 circulariter
3478 4557 3593 4607 se-

2046 4653 2395 4728 cundum
2462 4657 2874 4737 naturam,
2929 4651 3064 4726 sed
3125 4651 3221 4723 ad
3275 4654 3589 4726 motum

2044 4770 2289 4852 aeris,
2349 4769 2431 4842 in
2473 4790 2631 4861 quo
2678 4769 3031 4850 locatur,
3076 4767 3590 4860 quemadmo-

2045 4888 2234 4959 dum
2291 4884 2572 4959 clavus
2633 4885 2714 4958 in
2791 4883 2977 4957 navi
3039 4885 3417 4957 movetur
3491 4881 3590 4953 ad

378 5002 506 5074 tio
550 5001 634 5072 in
666 5005 918 5081 motu,
963 5021 1107 5073 nec
1142 5000 1750 5092 irregularitas.
1789 5003 1935 5075 Sed
2049 5005 2364 5075 motum
2407 5000 2666 5074 navis,

382 5120 683 5209 posset·
706 5115 1208 5208 responderi,
1245 5117 1454 5208 quod
1488 5117 1647 5190 ista
1697 5118 1935 5190 stella
2032 5182 2069 5189 ..
2135 5116 2248 5191 Ad
2292 5117 2750 5199 secundam,
2811 5127 3193 5209 sequeretur
3220 5114 3395 5204 quod
3424 5136 3584 5183 sem·
3694 5174 3781 5224 Ad
3803 5102 3854 5222 ἓξ

377 5235 718 5303 comata
759 5250 921 5303 non
953 5234 1171 5304 esset
1230 5231 1525 5322 aliquis
1577 5232 1935 5324 planeta·
2043 5258 2188 5323 per,
2240 5238 2393 5308 etc.
2431 5232 2797 5308 Concedo
2823 5252 3349 5326 consequens,
3381 5232 3587 5321 quod

262 5390 269 5393 -
383 5368 603 5428 rum,
657 5348 786 5419 vel
840 5348 1081 5421 stella
1129 5347 1315 5427 fixa,
1382 5348 1514 5419 sed
1575 5350 1935 5441 quaedam
2049 5371 2212 5423 non
2245 5348 3310 5445 semperapparetperfecte
3342 5347 3591 5442 sphae-

386 5462 557 5534 a-lia
592 5463 836 5535 stella
875 5462 1179 5534 habens
1224 5467 1538 5536 motum
1563 5464 1793 5535 valde
1833 5465 1938 5536 di-
2054 5466 2228 5540 rica
2265 5468 2360 5539 ad
2396 5468 2719 5541 modum
2762 5468 3043 5554 stellae,
3082 5465 3215 5542 sed
3246 5486 3433 5541 cum
3465 5486 3592 5539 co-

386 5598 756 5663 versum,
820 5582 903 5653 et
966 5576 1199 5651 nobis
1252 5577 1649 5671 ignotum.
1718 5581 1942 5656 Istud
2059 5603 2213 5663 ma,
2257 5583 2385 5658 vel
2431 5584 2707 5657 cauda.
