4252 6393
701 412 735 471 7
743 410 821 472 02

693 577 1068 666 tempore
1114 577 1295 648 actu
1349 573 1773 667 accipitur,
1819 578 2007 647 tunc
2042 580 2237 648 tem-

688 712 835 783 pus
868 693 1055 764 actu
1113 690 1524 774 dividitur,
1589 692 1796 764 sicut
1847 692 1978 764 ubi
2031 692 2238 765 acci-

687 807 911 900 pitur
942 821 1263 877 vineatum
1293 833 1427 877 esse
1458 807 1536 881 in
1571 813 1781 889 actu,
1823 808 1925 881 ibi
1965 813 2233 882 motus

687 924 1204 998 terminatur.
1250 925 1469 998 Unde
1513 925 1670 997 erit
1727 925 2038 999 instans
2092 926 2232 998 ini-

685 1040 921 1124 tians,
972 1040 1421 1116 terminans
1475 1044 1796 1135 tempus
1845 1043 2015 1115 sive
2062 1063 2231 1115 rea-

681 1157 899 1240 liter,
947 1156 1116 1232 sive
1158 1159 1590 1233 secundum
1624 1179 1902 1231 veram
1948 1159 2230 1251 imagi-

680 1275 1120 1350 nationem.
1156 1274 1378 1349 Sicut
1416 1274 1671 1366 igitur
1696 1275 1988 1349 mobile
2024 1276 2229 1350 idem

683 1395 805 1466 cst
840 1394 1276 1467 secundum
1313 1392 1878 1474 substantiam,
1929 1393 2227 1466 liabens

682 1509 921 1590 aliud,
963 1511 1040 1582 et
1073 1509 1287 1582 aliud
1319 1534 1475 1591 esse,
1523 1531 1699 1602 quse
1738 1535 1871 1578 esse
1912 1531 2068 1584 non
2102 1531 2226 1583 ac·

682 1625 1101 1719 cipiuntur
1145 1626 1220 1699 in
1264 1630 1476 1711 actu,
1525 1628 1657 1700 sed
1694 1628 2078 1720 potentia,
2116 1628 2230 1700 ni-

684 1744 751 1817 si
800 1744 881 1816 in
928 1743 1082 1815 fine
1127 1749 1396 1818 motus
1441 1772 1455 1815 ε
1505 1746 1936 1817 secundum
1990 1766 2224 1838 quem

682 1864 1001 1936 modum
1073 1862 1451 1945 dicimus,
1526 1864 1731 1955 quod
1802 1884 1971 1949 res,
2051 1883 2226 1954 quae

680 1984 1059 2054 movetur
1099 1980 1475 2053 continue
1523 2000 2031 2071 quocumque
2065 2001 2228 2052 mo-

678 2103 789 2180 tu,
843 2118 1164 2191 semper
1212 2098 1477 2179 aliter,
1524 2101 1604 2170 et
1657 2097 1901 2170 aliter
1961 2120 2043 2168 se
2094 2096 2226 2169 ha·

677 2215 808 2289 bet
846 2243 859 2286 :
901 2216 1017 2287 sic
1050 2218 1174 2288 est
1209 2216 1413 2287 idem
1441 2214 1751 2288 instans
1788 2215 2224 2287 secundum

678 2332 1219 2406 substantiam
1274 2332 1351 2404 in
1407 2335 1580 2404 toto
1625 2336 1993 2424 tempore
2043 2350 2224 2402 con·

679 2470 1017 2542 sequens
1053 2448 1371 2529 mobile,
1408 2451 1494 2519 ut
1528 2452 1847 2539 tempus
1882 2450 2219 2528 motum,

678 2566 978 2639 habens
1025 2568 1296 2638 tamen
1358 2564 1571 2636 aliud
1616 2584 1820 2646 esse,
1874 2583 2224 2654 quorum

678 2683 1069 2766 varietas,
1115 2683 1284 2755 sive
1337 2702 1511 2773 quae
1550 2679 1784 2752 varia
1842 2703 1999 2763 esse,
2063 2701 2224 2753 non

681 2805 869 2875 sunt
902 2804 1113 2883 actu,
1159 2800 1314 2873 nisi
1359 2800 1439 2872 in
1479 2800 1631 2871 fine
1668 2803 1963 2872 motus.

768 2918 958 2990 Haec
999 2921 1122 2992 est
1176 2916 1577 2989 sententia
1629 2915 2100 2987 Aristotelis
2153 2918 2216 2987 4.

675 3039 1026 3125 Pliysicor.
1065 3049 1224 3105 text.
1262 3058 1491 3104 comm.
1532 3036 1680 3107 104.
1728 3058 1874 3122 cap.
1910 3035 1991 3101 de
2041 3037 2220 3102 Tem-

667 3175 854 3243 pore,
903 3152 1032 3225 ubi
1073 3152 1262 3226 dicit
1308 3178 1321 3222 z
1368 3154 1586 3242 Ipsum
1637 3163 1856 3219 atatem
1904 3173 2080 3219 nunc
2128 3163 2221 3218 cst

671 3272 936 3360 quidem
990 3273 1159 3340 sicul
1217 3271 1417 3353 idem,
1490 3283 1582 3338 esc
1640 3292 1791 3336 vcro
1856 3272 2025 3335 sicut
2082 3291 2214 3336 non

670 3391 848 3458 idem
889 3416 909 3456 .·
941 3389 1297 3457 secundum
1329 3389 1594 3477 quidem
1634 3387 1809 3477 qnod
1840 3389 1910 3454 in
1950 3388 2111 3466 alic,
2157 3400 2219 3454 cc

668 3509 743 3573 in
791 3508 930 3574 alio
986 3517 1099 3584 cst,
1163 3507 1451 3572 alterum
1508 3516 1620 3584 est,
1678 3506 1830 3576 eto.
1887 3504 1987 3575 Et
2032 3505 2216 3594 post

672 3644 955 3716 pauca,
997 3625 1074 3691 ld
1121 3636 1338 3690 autem
1388 3624 1560 3710 quod
1611 3625 1856 3708 fertur,
1917 3624 2217 3708 sequitur

669 3743 881 3829 ipsum
924 3758 1161 3819 nunc,
1210 3741 1379 3805 sicut
1413 3749 1662 3830 tempus
1700 3749 1969 3804 motum.
2010 3737 2213 3807 Ecce

667 3857 924 3949 igitur
966 3856 1171 3948 quod
1220 3855 1650 3927 secundum
1696 3852 1958 3946 ipsum
2006 3853 2214 3925 idem

664 3978 787 4047 est
819 3998 1019 4056 nunc,
1060 3994 1197 4045 seu
1234 3972 1548 4047 instans
1584 3971 1664 4043 in
1698 3975 1875 4045 toto
1906 3972 2212 4062 tempo-

666 4112 778 4175 re,
816 4092 1068 4163 fluens
1110 4111 1292 4165 cum
1346 4096 1715 4183 tempore
1776 4088 2211 4161 secundum

662 4208 881 4281 aliud
926 4213 1007 4283 et
1057 4209 1300 4291 aliud,
1356 4234 1511 4279 esse.
1557 4207 1897 4280 Videtur
1938 4209 2209 4277 autem

661 4326 1151 4400 Aristoteles
1230 4324 1633 4398 rationem
1711 4322 1951 4415 hujus
2018 4321 2211 4394 dicti

663 4464 983 4516 sumere
1027 4469 1043 4513 :
1084 4441 1269 4535 quia
1311 4440 1467 4512 nisi
1511 4439 1715 4512 idem
1758 4463 1932 4508 nunc
1974 4458 2212 4530 pona·

608 4617 611 4618 ν
663 4565 801 4634 tur
835 4560 912 4632 in
956 4562 1133 4634 toto
1175 4562 1572 4650 tempore,
1628 4555 2022 4647 sequitur,
2069 4556 2208 4625 aut

666 4679 872 4772 quod
900 4700 1078 4747 nime
1122 4674 1583 4748 immediate
1626 4672 1997 4764 sequitur·
2034 4696 2212 4740 nunc

664 4796 745 4868 in
804 4800 1202 4888 tempore,
1284 4796 1423 4865 aut
1467 4790 1673 4882 quod
1727 4789 1992 4881 ipsum
2034 4811 2208 4855 nunc

659 4913 1243 4990 commetiatur
1275 4932 1361 4982 se
1402 4907 1755 5001 tempori
1808 4905 1884 4976 in
1924 4906 2213 4976 duran-

655 5036 779 5108 do.
847 5033 929 5108 Si
990 5033 1185 5107 item
1241 5030 1444 5103 idem
1488 5051 1665 5097 nunc
1708 5044 1865 5097 non
1911 5025 2205 5103 manet,

660 5151 1072 5246 oportebit
1106 5148 1313 5242 quod
1348 5145 1657 5217 desinat
1698 5163 1900 5223 csse,
1938 5143 2013 5213 et
2059 5139 2208 5212 hoc

656 5268 783 5342 vel
840 5267 920 5340 in
976 5265 1270 5357 seipso,
1318 5266 1396 5335 et
1431 5266 1619 5334 tunc
1656 5258 1900 5331 simul
1932 5260 2080 5336 cst,
2130 5256 2207 5326 et

658 5405 819 5458 non
859 5388 983 5457 est
1027 5409 1041 5452 :
1087 5382 1214 5454 vel
1276 5380 1358 5452 in
1416 5401 1593 5446 nunc
1644 5371 2013 5468 sequenti
2069 5372 2209 5443 im-

664 5503 1036 5582 mediate,
1087 5504 1164 5572 et
1221 5504 1409 5574 tunc
1464 5495 1541 5568 in
1590 5498 1959 5586 tempore
2020 5491 2207 5563 sunt

663 5618 900 5712 plura
937 5641 1116 5686 ηιιηο
1172 5617 1761 5706 consequenter
1804 5631 1887 5682 se
1926 5608 2210 5679 haben·

1869 414 1973 477 DE
2018 413 2280 478 RERUM
2325 412 2713 480 PRINCIPIO

2348 575 2488 657 tia,
2557 576 2759 667 quod
2819 580 2943 650 cst
3005 576 3533 669 impossibile,
3615 575 3742 650 vel
3815 576 3891 649 in

2347 693 2743 784 tempore,
2798 695 2875 765 et
2918 695 3109 767 tunc
3170 718 3343 763 nunc
3401 694 3629 776 idem,
3688 694 3892 785 quod

2348 810 2937 903 corrumpitur,
3018 812 3548 885 commetitur
3614 833 3700 884 se
3765 812 3893 882 du-

2350 924 2597 996 rando
2645 928 2996 1020 tempori
3037 927 3447 1009 divisibili,
3497 949 3671 1021 quae
3733 948 3894 999 om·

2346 1045 2478 1116 nia.
2531 1049 2717 1118 sunt
2770 1045 3336 1140 impossibilia.
3385 1048 3730 1141 Oportet
3775 1068 3895 1118 er-

2343 1180 2445 1251 go
2483 1182 2726 1234 unum
2760 1188 2936 1233 'tunc
2978 1188 3111 1233 esse
3152 1164 3231 1236 in
3275 1169 3642 1257 tempore
3685 1164 3891 1237 toto.

2906 1389 3315 1446 SCHOLIUM.

2413 1566 2632 1623 Ferme
2663 1568 2894 1632 omnia,
2927 1581 3065 1638 qua·
3100 1567 3200 1622 liic
3232 1572 3453 1625 tractat
3502 1568 3736 1634 ScotuS,
3779 1567 3894 1622 ha-

2339 1665 2442 1721 bet
2475 1666 2536 1720 in
2569 1668 2622 1722 2.
2658 1664 2798 1722 dist.
2833 1670 2884 1721 2.
2907 1670 3122 1737 quaest.
3159 1668 3203 1722 1.
3236 1672 3297 1724 et
3325 1670 3375 1721 2.
3426 1666 3527 1723 ubi
3584 1668 3708 1723 late
3770 1669 3891 1722 im-

2338 1770 2575 1835 pugnat
2629 1769 2976 1822 asserentes
3039 1780 3238 1822 unum
3315 1781 3482 1822 nunc
3541 1765 3887 1821 secundum

2339 1861 2747 1920 substantiam
2782 1876 2920 1919 esse
2955 1864 3019 1919 iu
3050 1866 3173 1920 toto
3204 1868 3501 1935 tempore,
3538 1868 3600 1920 et
3660 1869 3882 1935 quaest.

2344 1962 2390 2017 1.
2427 1962 2710 2016 num.16.
2741 1976 2816 2017 ex
2867 1963 2920 2017 S.
2982 1964 3418 2019 Bonaventura
3477 1962 3670 2029 docet,
3733 1978 3890 2034 quo-

2340 2060 2517 2116 modo
2549 2075 2712 2115 nunc
2744 2060 3043 2132 temporis
3073 2065 3538 2132 corrumpatur,
3615 2065 3723 2118 aut
3778 2060 3891 2116 de-

2338 2151 2502 2207 sinat
2533 2168 2545 2205 :
2581 2154 2640 2207 et
2670 2153 2885 2220 quaest.
2914 2150 2966 2205 9.
2999 2148 3170 2225 ⁸quod
3205 2150 3499 2206 instanlia
3531 2152 3659 2208 sint
3689 2153 3885 2207 simul

2336 2254 2497 2316 actu,
2533 2253 2593 2303 et
2621 2249 2898 2320 patentia
2931 2249 2996 2304 in
3030 2252 3330 2319 tempore,
3396 2249 3484 2305 uti
3525 2253 3588 2306 et
3646 2248 3889 2306 indivi-

2336 2347 2548 2403 sibilia
2601 2349 2666 2403 in
2724 2348 3052 2418 eontinu03
3116 2348 3411 2404 instantia
3465 2351 3671 2405 autem
3732 2354 3873 2407 actu

2335 2445 2616 2504 concedit
2646 2446 2788 2514 duo,
2825 2462 3018 2502 unum
3052 2447 3117 2503 in
3162 2447 3363 2513 initio,
3397 2446 3572 2503 aliud
3640 2450 3703 2505 in
3760 2448 3885 2505 fine

2333 2546 2675 2616 temporis3
2711 2544 2874 2621 quod
2905 2547 3092 2601 etiam
3126 2544 3302 2601 docet
3332 2549 3546 2616 quaest.
3585 2549 3638 2602 2.
3697 2561 3881 2603 num.

2333 2646 2387 2699 6.
2424 2643 2568 2698 vide
2599 2643 2863 2699 Fabrum
2915 2643 3214 2699 theorem.
3243 2644 3327 2698 51.
3368 2645 3537 2700 eirca
3609 2644 3878 2701 dubium

2337 2742 2687 2813 principale
2722 2742 2910 2811 huJus
2956 2743 3339 2812 quaestionis.

2421 2921 2834 3002 Quomodo
2883 2925 3157 2994 autem
3207 2919 3372 2991 tale
3416 2941 3659 2991 unum
3703 2945 3884 2992 nunc
3935 2953 4161 3005 mmm

2333 3040 2687 3127 ponatur
2713 3036 2788 3107 in
2820 3039 2982 3109 tem
2999 3059 3218 3130 pore,
3252 3057 3408 3109 non
3436 3038 3666 3110 video
3698 3061 3882 3111 esse
3909 3030 4160 3132 ”’”ζ-’,ζ“,“,ζὲΐ

2332 3174 2640 3226 verum.
2711 3154 2986 3227 Primo
3045 3154 3387 3246 quidem,
3446 3153 3634 3247 quia
3675 3155 3879 3227 nihil
3930 3156 4152 3260 §5233

2331 3271 2581 3345 fluens
2634 3271 2954 3343 invenio
3026 3272 3103 3343 in
3156 3274 3331 3344 toto
3397 3277 3643 3355 motu,
3717 3273 3878 3345 nisi
3957 3276 4127 3336 vrim-

2331 3387 2594 3480 ipsum
2677 3392 3011 3471 motum,
3084 3387 3252 3460 sive
3319 3388 3698 3471 formam,
3771 3412 3885 3462 se·

2329 3506 2671 3577 cundum
2694 3526 2944 3608 'quam
2974 3505 3266 3578 mobile
3293 3508 3669 3577 movetur
3700 3528 3887 3579 con-

2324 3622 2547 3695 tinue
2582 3652 2594 3692 :
2635 3643 2832 3715 ergo
2875 3644 2972 3694 ex
3018 3626 3248 3716 parte
3287 3643 3686 3694 mensurae
3723 3644 3890 3696 non

2328 3743 2449 3812 est
2495 3740 2771 3824 fluens,
2818 3739 3432 3813 nisisecundum
3467 3741 3672 3831 quod
3719 3761 3888 3812 res-

2329 3856 2617 3948 pondet
2661 3855 2943 3937 motui,
2986 3856 3110 3927 vel
3153 3855 3467 3938 formae,
3519 3858 3601 3926 ut
3636 3859 3766 3929 est
3807 3855 3887 3926 in

2330 3971 2548 4042 motu
2588 3999 2600 4041 ε
2643 3970 2836 4043 illud
2869 3974 3144 4044 autem
3175 3976 3297 4043 est
3334 3974 3679 4064 tempus,
3720 3991 3888 4043 non

2328 4086 2667 4161 instans,

2416 4207 2800 4288 Secundo,
2857 4206 3043 4299 quia
3088 4205 3382 4279 mobile
3416 4210 3502 4280 ut
3533 4210 3657 4279 est
3701 4206 3887 4278 sub·
3934 4237 4166 4292 semma,

2316 4322 2627 4414 jectum
2667 4327 2960 4405 motus,
2992 4342 3322 4395 manens
3361 4322 3566 4395 idem
3599 4343 3884 4395 secun-

2323 4439 2510 4510 dum
2553 4438 2929 4520 sormam,
2978 4441 3319 4531 quodam
3353 4461 3526 4514 aevo
3564 4459 3886 4511 mensu-

2329 4559 2584 4638 ratur,
2622 4576 2781 4628 non
2823 4558 3094 4628 autem
3140 4576 3186 4627 a
3227 4580 3405 4625 nunc
3447 4554 3881 4648 temporis,

2413 4672 2715 4754 Terti0‚
2771 4673 2960 4764 quia
3001 4693 3183 4745 cum
3231 4672 3432 4744 idem
3484 4692 3642 4743 non
3676 4672 3884 4744 fluat
3963 4668 4133 4719 ΤΜῐῡ-

2320 4809 2464 4860 nec
2491 4789 3068 4864 alterationem
3096 4790 3264 4862 sive
3289 4789 3530 4870 aliud,
3556 4793 3633 4862 ct
3657 4787 3888 4860 aliud

2321 4929 2456 4973 esse
2541 4906 2908 4998 recipiat,
2954 4905 3110 4978 nisi
3204 4906 3663 4979 immediate
3735 4926 3889 4998 per

2320 5022 2795 5107 motum,vel
2833 5044 2973 5115 per
3017 5023 3398 5104 formam,
3441 5026 3527 5094 ut
3607 5020 3886 5095 conti-

2322 5159 2480 5210 nuo
2518 5142 2741 5212 motu
2788 5138 3654 5231 acquiritur,sicutilla
3679 5138 3884 5218 alia,

2322 5258 2401 5327 et
2429 5254 2592 5326 alia
2618 5278 2774 5335 esse,
2806 5275 2980 5345 quae
3017 5259 3204 5328 sunt
3236 5255 3598 5346 quaedam
3621 5268 3887 5322 ηιιιιαια

2320 5374 2567 5453 esse‚et
2593 5370 3418 5464 potentiafundantur
3439 5371 3868 5444 immedia-

2321 5491 2399 5560 te
2425 5508 2676 5581 supra
2701 5491 3036 5571 motum,
3059 5487 3182 5560 vel
3211 5508 3457 5580 super
3488 5486 3880 5568 sormam,

2321 5609 2406 5678 ut
2440 5609 2567 5678 est
2604 5605 2682 5675 in
2718 5610 2940 5679 motu
2989 5630 3003 5674 ε
3045 5624 3200 5676 non
3236 5608 3504 5678 autem
3543 5605 3886 5676 fundan-
