4252 6393
140 4093 302 4146 Μωυὴι

140 4159 190 4205 tia
207 4160 287 4207 in-

141 4230 143 4239 ’
161 4235 279 4270 wm-

140 4288 176 4329 80
213 4297 313 4333 me..

140 4354 190 4393 lte
206 4348 313 4406 sor.

140 4422 200 4458 Μ.

142 4791 198 4842 ¹2

140 4857 299 4921 equ.8.

141 4935 277 4972 ...n.

140 4982 248 5034 5.et

140 5059 217 5114 ης.

1615 400 1973 477 QUAEs'rlo
2024 400 2179 462 xvu

339 560 740 659 corrupto,
808 567 1149 658 propter
1199 563 1604 636 actionem
1639 569 1865 637 natu-

339 704 630 764 rarum,
695 687 776 756 et
845 681 1307 755 formarum
1382 680 1867 752 substantia-

335 804 539 877 lium.
604 806 793 883 Quae
821 801 980 872 'am
1022 803 1296 872 autem
1338 818 1868 889 corrumpun-

334 927 458 996 tur
487 941 533 991 a
567 918 1018 996 contrario,
1062 922 1148 990 ut
1181 915 1654 994 accidentia,
1697 936 1867 1007 quae

333 1035 614 1107 habent
664 1032 1346 1106 contrarietatem
1397 1032 1474 1102 in
1534 1051 1870 1122 corrup-

335 1159 409 1227 to
442 1180 455 1222 :
492 1156 573 1226 et
605 1152 774 1225 haec
817 1173 962 1224 nec
1002 1152 1278 1223 eadem
1311 1170 1678 1228 numero,
1727 1170 1869 1221 nec

334 1269 585 1363 specie
617 1272 958 1362 possunt
996 1288 1325 1342 manere
1366 1267 1447 1339 in
1479 1269 1870 1358 generato

332 1390 404 1460 et
443 1390 862 1479 corrupto,
930 1389 1273 1480 propter
1309 1383 1871 1457 diversitatem

332 1502 779 1576 formarum
851 1503 1283 1575 secundum
1374 1500 1726 1594 speciem
1794 1503 1874 1573 et

331 1624 730 1694 naturam.

414 1742 614 1811 Cum
654 1755 854 1828 ergo
887 1735 1163 1809 dicunt
1196 1735 1477 1828 aliqui,
1518 1737 1722 1826 quod
1758 1757 1877 1810 ac·

330 1853 691 1932 cidentia,
764 1872 939 1943 quae
999 1854 1189 1924 sunt
1270 1850 1346 1921 in
1415 1852 1874 1944 composito

331 1968 644 2042 ratione
686 1967 999 2050 formae,
1037 1969 1312 2040 eadem
1351 1987 1683 2040 manere
1716 1988 1876 2040 non

331 2088 661 2177 possunt
726 2084 804 2157 in
873 2086 1270 2176 generato
1316 2086 1397 2155 et
1450 2087 1871 2175 corrupto,

331 2202 508 2295 quia
584 2222 746 2274 non
817 2206 1089 2274 manet
1172 2200 1448 2271 eadem
1529 2198 1796 2271 forma
1856 2227 1869 2270 ε

331 2343 494 2413 quae
537 2341 736 2393 vero
781 2320 1054 2394 insunt
1112 2318 1573 2411 composito
1637 2318 1882 2391 ratio·

327 2460 418 2510 ne
454 2439 824 2514 materiae
860 2441 1190 2512 manent
1221 2437 1496 2509 eadem
1533 2456 1876 2508 numero

330 2553 403 2624 in
445 2556 840 2645 generato
881 2557 961 2627 et
992 2556 1420 2645 corrupt0‚
1479 2550 1668 2643 quia
1711 2570 1875 2622 ma-

328 2674 456 2743 net
514 2671 795 2744 eadem
841 2669 1217 2750 materia,
1274 2690 1451 2761 quae
1512 2672 1637 2742 est
1703 2667 1878 2738 sub-

318 2787 628 2879 Jectum
682 2787 1042 2869 illorum,
1083 2787 1258 2859 ideo
1313 2806 1446 2856 res
1481 2788 1878 2876 corrupta

323 2909 400 2978 et
431 2910 829 2996 generata
851 2924 1013 2977 non
1039 2903 1267 2997 ponit
1290 2903 1532 2982 aliud,
1561 2905 1643 2974 et
1662 2900 1879 2972 aliud

325 3022 803 3115 subjectum,
889 3020 1023 3093 sed
1065 3019 1270 3093 idern
1314 3038 1657 3090 numero
1717 3038 1879 3089 res-

327 3143 559 3231 pectu
597 3138 889 3213 talium
937 3136 1502 3218 accidentium,
1560 3155 1735 3228 quae
1772 3134 1879 3206 in-

325 3258 511 3328 sunt
556 3253 1016 3346 composito
1063 3253 1385 3326 ratione
1449 3250 1818 3325 materiae
1860 3275 1874 3332 ;

321 3373 401 3443 et
419 3370 589 3443 tale
622 3370 992 3443 accidens
1013 3388 1519 3461 consequens
1553 3387 1877 3459 compo-

327 3485 578 3560 situm
627 3506 772 3579 per
816 3487 1276 3569 materiam,
1313 3484 1469 3558 etsi
1517 3484 1623 3557 sit
1675 3484 1878 3556 idem

324 3621 673 3675 numero
717 3601 798 3675 in
862 3606 1254 3693 generato
1315 3604 1395 3674 et
1451 3606 1878 3693 corrupto,

326 3740 486 3793 non
517 3720 764 3797 estin
795 3721 938 3802 eis,
978 3723 1066 3794 ut
1109 3720 1190 3792 in
1231 3719 1537 3791 duobus
1583 3717 1884 3810 subjec-

329 3836 459 3919 tis,
501 3838 639 3911 sed
675 3837 753 3909 in
779 3857 963 3918 uno,
1008 3836 1197 3927 quia
1219 3835 1297 3908 in
1327 3856 1482 3908 uno
1519 3834 1884 3927 subjecto

329 3954 748 4027 materiali
833 3952 1325 4027 conveniunt
1404 3955 1883 4043 generatum

332 4074 412 4144 et
445 4075 965 4163 corruptum.
1021 4071 1217 4151 Hoc,
1256 4069 1584 4160 inquam
1627 4070 1743 4155 (ut
1783 4069 1888 4141 di·

334 4191 529 4262 cunt
614 4186 782 4275 isti)
863 4206 1025 4258 non
1103 4189 1229 4259 est
1293 4205 1581 4256 verum
1638 4212 1652 4255 z
1702 4185 1890 4276 quia

338 4303 928 4376 universaliter
959 4301 1336 4375 convenit
1374 4304 1542 4372 tam
1579 4302 1891 4391 quanti-

337 4421 517 4501 tati,
613 4439 854 4510 quam
934 4403 1150 4489 omni
1221 4414 1614 4489 accidenti
1684 4417 1890 4507 quod

333 4541 524 4612 sunt
571 4536 653 4608 in
685 4533 1149 4627 composito
1186 4532 1586 4605 mediante
1619 4532 1888 4604 forma

331 4650 887 4727 substantiali.

423 4770 651 4842 Unde
740 4767 953 4840 sicut
1034 4765 1416 4858 generale
1483 4769 1607 4839 est
1667 4765 1886 4837 omni

327 4885 756 4965 accidenti,
833 4883 1039 4975 quod
1083 4881 1511 4956 conveniat
1563 4901 1885 4974 compo·

330 5003 490 5077 sito
534 5001 773 5095 (quod
815 5020 977 5072 non
1066 5003 1338 5093 potest
1421 4998 1601 5080 dici,
1677 4999 1886 5089 quod

329 5139 583 5191 unum
621 5137 818 5189 vere
861 5114 1541 5208 sitcompositum
1576 5133 1722 5205 per
1764 5132 1885 5183 so-

330 5234 496 5307 lam
558 5232 1022 5313 materiam,
1098 5236 1239 5304 aut
1319 5251 1465 5322 per
1531 5229 1885 5301 formam

331 5350 635 5432 solam;
684 5348 818 5421 sed
871 5368 1053 5419 esse
1104 5344 1545 5418 accidentis
1595 5343 1885 5438 ‘ordine

328 5469 677 5548 naturae,
726 5464 1020 5537 saltem
1056 5461 1614 5556 praesupponit
1650 5459 1885 5531 inhae-

334 5582 690 5656 rentiam
785 5581 1072 5654 formae
1155 5578 1720 5652 substantialis
1806 5577 1886 5649 in

3412 403 3530 468 605

1985 562 2361 644 materia)
2416 563 2530 636 sic
2578 584 2859 635 verum
2894 569 3043 645 cst,
3084 547 3291 658 quod
3332 568 3535 640 acci—

1978 677 2271 760 dentia,
2310 700 2483 770 quae
2540 680 2809 753 insunt
2882 683 3268 775 subjecto,
3335 706 3540 775 qua>-

1976 793 2158 864 dam
2216 795 2599 868 (licuntur
2663 796 2924 868 inesse
2982 799 3301 871 ratione
3372 801 3532 872 for-

1983 931 2159 991 mae,
2200 913 2558 1002 quwdani
2590 913 2906 985 ratione
2934 917 3300 988 materiae
3332 945 3343 986 :
3378 938 3535 988 non

1985 1027 2124 1108 sic,
2193 1033 2280 1101 ut
2335 1029 2451 1100 illi
2516 1029 3005 1120 intelligunt,
3055 1033 3260 1122 quod
3333 1053 3538 1124 quae-

1981 1145 2162 1216 dam
2200 1147 2361 1218 sint
2408 1147 2485 1218 in
2546 1148 2894 1219 materia
2939 1148 3205 1240 primo
3274 1154 3353 1223 et
3400 1170 3541 1241 per

1986 1283 2096 1343 se,
2143 1267 2230 1336 ut
2284 1263 2403 1335 illi
2452 1262 2726 1336 dicunt
2783 1264 2874 1335 de
2919 1264 3405 1356 quantitate,
3463 1270 3541 1339 et

1985 1380 2630 1471 exconsequenti
2678 1379 2755 1450 in
2787 1381 3424 1473 composito,vel
3463 1383 3541 1452 in

1985 1495 2279 1576 forma,
2323 1497 2800 1587 inquantum
2834 1502 2959 1570 est
3004 1498 3083 1569 in
3129 1500 3476 1574 materia
3515 1528 3527 1569 z

1987 1615 2152 1687 alia
2201 1636 2397 1687 vero
2451 1616 2614 1689 sint
2679 1616 2759 1687 in
2820 1615 3086 1688 forma
3131 1617 3397 1710 primo
3459 1622 3539 1691 et

1991 1748 2136 1821 per
2187 1748 2297 1809 se,
2352 1732 2431 1802 et
2473 1749 2570 1800 ex
2625 1729 3149 1821 consequenti
3199 1731 3278 1800 in
3329 1750 3540 1802 com-

1988 1843 2286 1935 posito,
2333 1848 2413 1917 et
2458 1845 2803 1918 materia
2870 1845 3345 1937 inquantum
3415 1848 3541 1918 cst

1993 1962 2070 2033 in
2116 1961 2292 2055 ipsa
2324 1961 2591 2034 forma
2631 1990 2642 2032 :
2715 1964 2845 2033 sed
2895 1962 3035 2044 sic,
3086 1965 3288 2054 quod
3334 1985 3541 2056 quae-

1986 2078 2169 2151 dam
2239 2079 2684 2153 accidentia
2751 2080 3134 2153 dicuntur
3203 2102 3381 2153 esse
3462 2082 3541 2153 in

1986 2195 2450 2288 composito
2495 2196 2818 2270 ratione
2854 2196 3166 2278 formae,
3225 2201 3312 2271 ut
3362 2218 3543 2270 con-

1991 2315 2446 2403 sequuntur
2489 2311 2868 2394 sormam,
2954 2313 3144 2404 quia
3202 2334 3301 2386 ex
3361 2334 3544 2406 pro-

1992 2429 2173 2522 pria
2252 2429 2570 2503 ratione
2639 2429 2926 2502 formae
2996 2430 3542 2523 compositum

1990 2549 2115 2619 est
2153 2545 2783 2619 determinatum
2818 2547 2913 2618 ad
2946 2548 3147 2620 talia
3188 2547 3545 2621 acciden-

1991 2661 2106 2733 tia
2149 2661 2384 2744 entis,
2448 2665 2526 2734 et
2555 2663 2745 2736 talis
2788 2662 3056 2735 forma
3099 2664 3544 2737 accidenta-

1990 2777 2093 2849 lis
2128 2779 2339 2851 inest
2372 2779 2444 2850 ei
2488 2799 2635 2871 per
2682 2779 2930 2851 talem
2972 2778 3327 2853 formam
3372 2780 3550 2851 sub-

1994 2894 2505 2976 stantialem3
2564 2894 2752 2987 quia
2813 2896 3025 2970 talis.
3094 2896 3362 2969 forma
3431 2901 3549 2971 ta-

1994 3010 2149 3081 lem
2206 3009 2558 3082 formam
2605 3012 3184 3086 accidentalem
3248 3012 3329 3085 in
3381 3013 3551 3086 suis

1992 3124 2453 3199 actionibus
2563 3126 2713 3198 sibi
2781 3127 3297 3209 determinat,
3386 3149 3548 3201 non

1996 3245 2203 3337 quod
2236 3242 2504 3317 forma
2538 3245 2645 3319 sit
2680 3247 3135 3340 subjectum
3170 3247 3389 3319 illius
3424 3266 3547 3318 ac-

1993 3359 2360 3441 cidentis,
2409 3359 2540 3431 sed
2581 3364 2846 3435 totum
2882 3361 3459 3454 compositum.

2084 3476 2462 3560 Quaedam
2512 3481 2784 3550 autem
2831 3479 3233 3556 ,dicuntur
3286 3479 3549 3551 inesse

1994 3593 2454 3686 composito
2546 3594 2866 3668 ratione
2945 3596 3344 3677 materiae,
3418 3595 3545 3668 vel

1997 3710 2386 3802 consequi
2478 3711 2910 3784 materiam
2979 3739 2992 3782 ε
3061 3713 3250 3804 quia
3337 3714 3549 3786 sicut

2000 3826 2350 3900 materia
2406 3848 2503 3899 ex
2538 3849 2622 3898 se
2663 3849 2822 3901 non
2872 3830 3362 3905 determinat
3396 3830 3545 3902 sibi

1998 3947 2351 4019 formam
2443 3947 2803 4040 aliquam
2896 3949 3544 4031 substantialem,

1999 4082 2146 4134 nec
2202 4061 2559 4154 aliquam
2630 4064 3208 4138 accidentalem
3273 4065 3552 4137 imme-

1998 4179 2237 4262 diate,
2276 4179 2408 4252 sed
2451 4179 2849 4252 mediante
2892 4182 3231 4273 quadam
3282 4182 3553 4254 forma

2002 4296 2524 4371 substantiali
2585 4298 3074 4373 determinat
3136 4298 3285 4371 sibi
3346 4319 3551 4390 quae-

1998 4412 2182 4484 dam
2215 4413 2683 4497 accidentia,
2748 4417 2829 4488 et
2872 4414 3042 4488 ideo
3085 4436 3244 4489 non
3286 4415 3552 4488 dicun-

2001 4532 2141 4603 tur
2197 4531 2586 4622 consequi
2659 4532 3116 4631 materiam,
3190 4534 3323 4606 sed
3394 4531 3550 4604 for-

2002 4665 2254 4727 mam;
2294 4645 2409 4718 ita
2441 4647 2690 4720 etiam
2725 4651 2912 4723 sunt
2946 4651 3305 4742 quaedam
3346 4649 3551 4723 acci-

1998 4761 2292 4845 dentia,
2378 4785 2551 4855 quae
2613 4764 2823 4839 sicut
2896 4766 3047 4839 sibi
3119 4767 3552 4840 materiam

2001 4879 2437 4950 secundum
2484 4900 2566 4950 se
2598 4899 2760 4952 non
2795 4881 3364 4967 determinant,
3435 4883 3553 4957 ita

1998 4994 2250 5068 etiam
2292 5015 2436 5068 nec
2482 4996 2624 5068 illa
2657 4997 2809 5070 sibi
2849 4999 3365 5082 determinat,
3404 5021 3550 5073 nec

2001 5111 2153 5184 sibi
2215 5113 2701 5205 appropriat
2779 5116 3318 5190 mediantibus
3388 5116 3550 5189 for-

2002 5226 2155 5297 mis
2225 5226 2949 5302 substantialibus:
2991 5231 3124 5302 sed
3190 5230 3552 5306 existens

1999 5343 2144 5414 sub
2214 5342 2503 5417 formis
2568 5346 3237 5420 substantialibus
3296 5348 3551 5422 diver-

2001 5459 2113 5531 sis
2158 5463 2592 5533 secundum
2638 5464 3010 5555 speciem,
3059 5467 3334 5557 potest
3372 5486 3552 5537 esse

2002 5577 2537 5677 mediantibus
2608 5579 2771 5651 illis
2834 5580 3123 5653 formis
3194 5582 3339 5654 sub
3402 5582 3549 5656 eis-
