4252 6393
247 794 380 843 Vide
412 797 552 848 Scot.

285 855 336 904 in
369 858 419 910 1.
455 859 511 911 d.

248 919 330 970 36.
368 937 418 985 q.
450 937 537 972 un.

254 989 300 1038 S.
325 984 540 1034 Proete-

250 1058 350 1092 rea
367 1056 535 1107 seaeto,

250 1111 302 1154 et
326 1107 377 1157 d.
407 1110 455 1157 2.
487 1127 543 1176 p.

276 1173 326 1222 2.
359 1182 537 1238 quoest.

251 1234 305 1285 3.
330 1239 560 1302 etquodl.

254 1296 330 1351 16.

593 358 711 443 710

592 538 871 600 cessu;
937 517 1005 589 si
1066 520 1340 592 autem
1412 519 1775 611 procedit
1836 519 2123 602 solum,

595 635 1032 729 conjuncta
1064 635 1227 710 erit
1268 638 1363 709 ad
1398 637 1684 730 ipsam,

693 755 1105 827 Praeterea
1149 753 1524 847 quidquid
1565 755 1805 829 habet
1845 755 2133 828 entita-

594 875 755 945 tem
799 872 897 943 ab
937 871 1211 964 aliquo
1254 872 1707 965 exemplari
1757 872 1996 945 habet
2055 875 2137 945 et

595 989 692 1059 ab
726 986 1134 1072 efficienti,
1174 991 1363 1082 licet
1393 1010 1553 1062 non
1587 1011 1629 1062 e
1662 989 2130 1064 contrario:

594 1126 838 1178 causa
872 1106 1087 1178 enim
1111 1106 1630 1200 exemplaris,
1667 1110 1743 1179 et
1776 1106 2134 1180 efficiens

599 1221 714 1295 ita
755 1246 838 1295 se
897 1223 1218 1306 habent,
1276 1225 1479 1317 quod
1522 1245 1678 1297 una
1719 1229 1947 1299 caret
1989 1225 2137 1298 ali-

599 1361 780 1432 quo,
828 1361 983 1433 quo
1034 1362 1193 1415 non
1234 1343 1438 1416 alia:
1486 1342 1800 1417 scilicet
1851 1342 1930 1415 in
1981 1342 2135 1416 hoc

595 1459 801 1548 quod
835 1460 1190 1551 quaedam
1217 1464 1338 1534 est
1361 1459 1854 1552 exemplaris
1879 1463 1959 1535 ct
1981 1461 2139 1534 esti-

592 1572 811 1646 ciens
848 1574 1123 1659 simul;
1164 1577 1522 1669 quaedam
1546 1575 1932 1661 efficiens,
1976 1598 2137 1651 non

592 1691 1114 1783 exemplariS,
1178 1696 1265 1767 ut
1316 1714 1491 1784 qufe
1543 1713 1701 1765 non
1761 1693 1933 1784 agit
1992 1714 2140 1787 per

596 1807 1122 1882 intellectum.
1185 1811 1403 1882 Unde
1475 1831 1655 1883 cum
1727 1816 2140 1904 ponantur

596 1923 884 2016 ubique
918 1928 1273 2016 quatuor
1294 1947 1586 2009 causae,
1628 1928 1772 1999 sub
1806 1927 2136 2000 formali

595 2060 754 2111 non
786 2041 1499 2135 comprehenditur
1539 2045 1983 2136 exemplar,
2020 2045 2138 2118 ni-

596 2156 663 2229 si
699 2158 1176 2249 inquantum
1210 2160 1649 2234 includitur
1682 2161 1762 2233 in
1794 2161 2138 2233 officien-

593 2279 671 2349 te
712 2275 1097 2360 existenS,
1154 2277 1467 2352 seilicet
1509 2278 1800 2361 forma,
1859 2277 2138 2351 simili-

597 2395 812 2476 tudo,
871 2395 949 2465 et
1014 2393 1228 2465 ratio
1292 2395 1370 2467 in
1429 2396 1633 2488 ipso,
1690 2416 1835 2489 per
1897 2414 2139 2486 quam

595 2508 799 2601 agit:
830 2510 1033 2583 alias
1059 2510 1538 2584 haberemus
1580 2511 1928 2605 quinque
1958 2531 2138 2585 cau·

595 2646 752 2698 sas,
788 2627 1304 2720 Propterhoc
1327 2650 1504 2700 csse
1527 2650 1859 2702 causam
1882 2650 2140 2702 exem·

597 2744 937 2835 plarem,
973 2747 1050 2815 et
1086 2746 1458 2836 agentem
1502 2747 1624 2817 cst
1659 2751 2139 2820 converten-

593 2861 779 2931 dum
841 2858 920 2930 in
978 2859 1127 2932 tali
1189 2880 1435 2933 causa
1478 2865 1767 2952 agente
1829 2883 1974 2955 per
2016 2882 2140 2935 co-

595 2974 1087 3067 gnitioncm;
1144 2980 1224 3050 ct
1277 2977 1712 3050 secundum
1747 2979 1950 3069 quod
1995 2997 2141 3070 per

595 3112 834 3164 unam
860 3093 1419 3177 constituitur,
1447 3094 1562 3168 ita
1585 3099 1664 3168 et
1694 3115 1838 3189 per
1862 3095 2135 3167 aliam.

592 3210 810 3282 Unde
854 3210 1067 3284 ratio
1114 3210 1392 3284 idealis
1440 3211 1520 3283 in
1552 3214 1745 3293 Deo,
1804 3234 1978 3304 quae
2015 3215 2139 3285 est

590 3327 1111 3420 exemplaris,
1148 3330 1270 3401 est
1304 3328 1554 3402 ctiam
1595 3328 1969 3402 effectiva
2011 3350 2140 3403 ac-

590 3444 914 3516 cedente
963 3445 1437 3527 voluntate;
1504 3446 1712 3519 sicut
1765 3444 1846 3518 in
1905 3446 2138 3519 nohis

590 3580 728 3630 ars
767 3560 1206 3643 medicinae,
1245 3562 1369 3633 vel
1415 3562 1700 3634 (lomus
1753 3566 1876 3635 est
1924 3563 2138 3633 ratio

590 3676 1085 3767 exemplaris
1148 3681 1224 3749 ct
1302 3677 1657 3751 efficiens
1714 3679 2140 3751 accedente

591 3793 1057 3874 voluntate;
1111 3793 1306 3865 unde
1357 3794 1569 3867 ratio
1617 3794 1894 3867 idealis
1939 3793 2140 3866 nihil

599 3911 862 4002 potest
889 3910 1418 3991 constituere,
1446 3931 1590 3983 nec
1620 3910 1699 3984 in
1722 3935 1856 3980 esse
1877 3930 2141 3982 essen·

593 4028 752 4109 tiae,
800 4047 944 4099 nec
986 4027 1467 4109 existentiae,
1524 4027 1682 4099 nisi
1723 4026 2140 4100 efficiendo

597 4164 740 4237 per
799 4144 1326 4216 voluntatem.
1383 4147 1545 4217 Nec
1605 4144 1960 4218 essentia
2022 4165 2143 4215 se-

599 4261 940 4332 cundum
982 4260 1346 4333 rationes
1383 4260 1675 4333 ideales
1709 4266 1829 4333 est
1876 4260 2141 4332 forma

602 4377 1122 4469 exemplariS,
1178 4378 1366 4470 quia
1436 4378 1809 4449 essentiae
1863 4398 2138 4449 rerum

601 4494 698 4563 ah
757 4497 1064 4567 {eterno
1129 4499 1313 4568 sunt
1378 4494 1454 4565 in
1514 4496 1718 4586 quod
1779 4498 1990 4576 sunt,
2056 4499 2143 4569 ut

602 4610 964 4701 qumdam
1029 4610 1365 4682 realiter
1424 4611 1942 4703 exemplata:
2010 4612 2141 4684 sed

600 4727 866 4797 solum
911 4728 1031 4797 est
1080 4724 1346 4797 forma
1401 4727 1920 4819 exemplaris,
1989 4746 2143 4818 qua

598 4844 809 4914 natae
870 4846 1055 4914 sunt
1109 4863 1286 4915 csse
1355 4847 1819 4915 creaturfe:
1885 4843 2140 4933 quoad

594 4982 727 5028 esse
777 4957 1215 5031 essentiale
1277 4962 1352 5031 et
1405 4959 1862 5033 existentiae
1922 4979 2141 5030 acce-

596 5077 826 5147 dente
905 5077 1350 5158 voluntate,
1423 5077 1784 5168 alioquin
1835 5078 2036 5148 fiunt
2102 5097 2144 5147 e

599 5191 876 5271 nihilo,
940 5213 1082 5264 nec
1124 5197 1392 5265 essent
1449 5193 1643 5265 nihil
1711 5195 2142 5284 antequam

599 5310 926 5390 fierent;
974 5330 1157 5381 cum
1207 5330 1403 5381 vera
1445 5310 1801 5381 essentia
1868 5307 2145 5401 praedi-

599 5426 1076 5499 camentalis
1107 5447 1267 5498 non
1311 5426 1417 5501 sit
1450 5425 1677 5498 nihil.

697 5544 857 5615 Nec
895 5544 1306 5618 sufficeret
1357 5544 1648 5626 (licere,
1690 5544 1895 5637 quod
1945 5544 2146 5617 liunt

1613 358 1716 422 DE
1762 359 2025 425 RERUM
2066 357 2457 425 PRINCIPIO
2514 455 2521 460 1

2237 541 2336 591 cx
2379 519 2633 592 nihilo
2676 519 2934 612 quoad
2974 543 3109 590 esse
3156 517 3613 593 existentiae
3649 543 3664 600 ;
3712 514 3780 592 si

2242 660 2375 705 esse
2421 636 2881 711 existentiae
2953 635 3060 711 sit
3131 635 3432 729 aliquid
3483 639 3784 730 praeter

2242 777 2376 824 esse
2405 756 2852 846 cognitum,
2898 760 2976 830 et
3019 757 3182 831 talc
3231 755 3439 848 quod
3479 774 3639 827 non
3679 755 3785 828 sit

2244 870 2547 964 aliquid
2577 873 2742 946 rei:
2790 873 2979 966 quia
3029 894 3174 967 per
3222 872 3785 946 nihilomnino

2244 988 2572 1063 tollitur
2617 988 2993 1083 quidquid
3039 989 3258 1063 reale
3300 987 3654 1081 pertinet
3694 988 3789 1060 ad

2246 1104 2504 1198 ipsam
2543 1127 2739 1178 rem.

2337 1227 2456 1296 Ex
2491 1223 2640 1296 hoc
2702 1228 2925 1317 patet
2987 1222 3454 1317 reprobatio
3517 1241 3793 1295 secun·
3850 1233 4044 1304 ltaSeot

2248 1342 2363 1414 dae
2407 1342 2671 1435 partis
2705 1340 3139 1434 opinionis,
3188 1339 3396 1432 quod
3435 1337 3795 1412 essentia
3821 1295 4092 1414 οέῗῗὲνῗὶῖ

2250 1464 2686 1551 antequam
2720 1459 2824 1532 sit
2859 1462 3070 1541 actu,
3124 1477 3284 1530 non
3334 1456 3573 1530 habet
3615 1422 4083 1534 rea-''Z'Zssnw'

2252 1576 2407 1647 lem
2478 1575 2964 1648 relationem
3008 1575 3102 1646 ad
3142 1576 3399 1646 Deum
3466 1575 3588 1662 (ut
3652 1570 3792 1646 isti

2250 1696 2603 1786 ponunt)
2672 1689 2860 1782 quia
2930 1688 3287 1763 essentia
3343 1709 3505 1761 non
3563 1691 3686 1761 est
3749 1708 3795 1760 a

2244 1811 2412 1883 Dco
2443 1808 2826 1882 distincta
2862 1807 3239 1888 realiter;
3282 1825 3507 1898 ergo,
3551 1808 3702 1879 etc.

2343 1929 2571 2008 Item,
2631 1926 2831 1999 nihil
2887 1928 3159 2018 potest
3211 1921 3508 1996 referri
3560 1921 3798 1994 rea-li-

2250 2048 2406 2130 ter,
2452 2043 2606 2116 nisi
2647 2041 2939 2115 relatio
2991 2040 3297 2116 existat
3357 2043 3572 2122 actu,
3620 2059 3797 2130 quae

2251 2182 2410 2235 non
2451 2161 2759 2243 existit,
2797 2159 2955 2232 nisi
2989 2160 3295 2233 existat
3335 2156 3800 2230 fundamen·

2252 2282 2452 2353 tum.

2342 2395 2421 2470 Si
2464 2395 3028 2488 dicatur‚quod
3063 2393 3363 2467 sufficit
3405 2392 3614 2484 quod
3663 2412 3801 2465 res

2254 2512 2363 2587 sit
2425 2512 2859 2585 secundum
2926 2535 3061 2579 esse
3124 2507 3552 2589 essentiae;
3605 2511 3803 2581 tunc

2256 2629 2548 2705 relatio
2592 2649 2752 2702 non
2793 2627 2980 2712 erit,
3018 2627 3172 2701 nisi
3208 2627 3643 2700 secundum
3684 2629 3803 2700 ta-

2254 2748 2323 2818 le
2373 2771 2531 2828 esse,
2584 2750 2663 2819 et
2736 2745 2851 2818 sic
2905 2764 3065 2816 non
3127 2742 3477 2816 referret
3534 2744 3725 2817 actu
3779 2768 3795 2812 ε

2251 2864 2379 2936 vel
2431 2862 2497 2935 si
2561 2860 2813 2935 refert
2867 2865 3056 2935 actu
3112 2860 3390 2933 eadem
3450 2859 3802 2941 ratione,

2254 3002 2436 3056 cum
2526 2980 2799 3054 omnia
2872 2978 3321 3052 accidentia
3416 2975 3608 3052 talis
3679 2976 3804 3049 rei

2253 3095 2600 3169 habeant
2677 3120 2810 3166 esse
2874 3095 3276 3178 essentife,
3344 3093 3805 3168 denomina-

2254 3216 2450 3288 bunt
2510 3214 2735 3286 illam
2809 3233 3040 3286 rem:
3124 3219 3205 3287 et
3246 3212 3364 3286 sic
3423 3210 3634 3303 ignis
3707 3210 3809 3283 ab

2253 3334 2564 3404 aeterno
2603 3329 2867 3422 potuit
2906 3328 3062 3401 dici
3104 3328 3436 3401 calidus.

2345 3445 2701 3520 Secundo
2744 3446 3167 3517 videndum
3213 3445 3447 3537 quale
3492 3468 3628 3513 esse
3669 3465 3805 3516 res
3952 3470 3993 3517 ι.

2250 3560 2515 3641 habet,
2555 3565 2992 3652 antequam
3028 3560 3135 3634 sit
3168 3564 3349 3635 actu
3376 3566 3411 3631 ’ἒ
3450 3560 3559 3633 Ad
3598 3561 3808 3652 quod
3836 3533 4110 3647 ξρἶῖζῖἶῖζξ,

2256 3680 2693 3759 scientum,
2751 3678 2957 3768 quod
2997 3681 3124 3767 (ut
3182 3677 3483 3751 dicitur
3537 3681 3602 3750 6.
3662 3680 3806 3745 Mc-

2254 3800 2436 3886 ιαρΙι.
2474 3809 2633 3864 teoet.
2707 3798 2821 3882 35)
2855 3796 3039 3867 cuni
3081 3818 3215 3863 esse
3243 3794 3659 3885 cognitum
3700 3794 3809 3867 sit

2255 3913 2439 4006 quid
2471 3912 2982 3994 diminutum,
3011 3912 3216 4002 quod
3248 3935 3383 3982 esse
3416 3910 3633 3983 reale
3675 3914 3807 3983 est

2254 4060 2541 4113 verum
2573 4063 2706 4107 esse
2739 4043 2971 4111 extra
3010 4043 3663 4129 cognoscentem.

2342 4167 2507 4237 Nec
2543 4168 2870 4256 oportet
2911 4162 3411 4254 distinguere
3443 4163 3533 4234 de
3571 4162 3807 4235 intel·
3839 4188 3959 4243 vide
3986 4191 4096 4258 scot,
4202 4150 4203 4203 3

2253 4291 2504 4371 lectu;
2545 4290 2731 4382 quia
2761 4310 2996 4361 omne
3019 4289 3438 4378 cognitum
3477 4289 3810 4382 inquan·
3841 4327 3885 4376 g.
3917 4255 4110 4387 σὲἶιῖςαο

2256 4421 2426 4489 tum
2482 4410 2970 4506 hujusmodi,
3018 4413 3258 4488 hahet
3297 4438 3429 4483 esse
3466 4412 3811 4486 diminu·
3842 4380 4095 4492 mamse-

2259 4543 2457 4621 tum,
2500 4560 2540 4610 a
2578 4559 3089 4631 quocumque
3142 4538 3552 4613 intellectu
3584 4538 3815 4610 intel-

2258 4666 2589 4756 ligatur,
2631 4664 2820 4738 licct
2852 4664 3068 4737 enim
3106 4686 3235 4737 res
3269 4686 3367 4738 ex
3408 4664 3559 4737 hoc
3605 4664 3813 4757 quod

2254 4791 2749 4882 intelligitur
2786 4792 2883 4863 ab
2936 4792 3351 4865 intellectu
3377 4792 3674 4874 divine,
3706 4791 3814 4864 sit

2257 4919 2562 5010 aliquid
2609 4939 2750 5010 per
2792 4919 3264 4999 essentiam,
3320 4918 3496 4997 hoc,
3556 4921 3639 4990 ut
3700 4918 3814 4991 vi·

2254 5042 2597 5123 debitur,
2638 5042 2947 5115 nullam
3000 5043 3224 5135 ponit
3264 5042 3810 5116 differentiam

2262 5189 2539 5241 rerum
2586 5170 3027 5240 secundum
3073 5191 3181 5249 se,
3231 5169 3365 5240 sed
3409 5169 3488 5241 in
3533 5169 3813 5241 ordine

2260 5298 2351 5368 ad
2424 5316 2613 5365 suas
2683 5316 3001 5367 causas.
3074 5297 3166 5367 Et
3238 5293 3463 5367 circa
3531 5315 3812 5366 unam-

2262 5442 2665 5515 quamque
2728 5441 2924 5502 rem,
2994 5426 3158 5494 tam
3232 5422 3491 5512 quoad
3550 5441 3809 5494 essen·

2258 5548 2487 5629 tia-m,
2530 5567 2775 5639 quam
2809 5546 3067 5638 quoad
3100 5545 3645 5627 existentiam,
3682 5566 3806 5619 ca·

3855 3725 3953 3772 sim
3972 3730 4090 3771 actu.

3837 3668 4090 3723 antequam
4202 3654 4203 3659 ’
