4252 6393
309 614 391 667 60.

225 678 395 729 Homo
415 686 488 730 eo-

553 426 672 492 426

626 588 746 661 Ex
850 584 976 661 his
1045 585 1217 680 jam
1290 589 1537 681 patet,
1613 587 1816 679 quod
1889 586 2081 658 illud

200 706 746 799 mfmembuod
810 705 1221 796 intelligit,
1294 709 1374 779 et
1444 704 1650 796 quod
1702 704 1949 777 sentit
2002 704 2082 775 in

303 804 383 868 ρίε
398 840 411 853 .

538 820 889 903 homine,
926 824 1049 895 est
1080 826 1303 896 totus
1327 821 1609 903 homo;
1649 820 1841 894 illud
1875 821 2081 912 quod

543 939 928 1032 intelligit
1022 945 1111 1015 ut
1214 940 1618 1034 principio
1732 943 2077 1020 remoto,

538 1057 995 1133 substantia
1024 1057 1315 1130 animae
1353 1056 1899 1136 intellectivae,
1924 1077 2080 1148 quo

538 1177 624 1248 ιιι
686 1173 1088 1267 principio
1140 1174 1596 1268 propinquo
1673 1177 1754 1248 et
1808 1174 2081 1246 imme-

535 1291 781 1375 diato,
831 1291 1198 1384 potentia
1259 1290 1782 1371 intellectiva,
1828 1294 1915 1363 ut
1956 1293 2080 1362 est

537 1408 618 1482 in
669 1408 943 1482 anima
1004 1407 1394 1488 radicata,
1449 1428 1608 1479 non
1652 1411 1740 1480 ut
1799 1407 2075 1488 fluenS,

534 1526 661 1598 vel
728 1525 1163 1617 conjuncta
1210 1544 1548 1615 organo.
1623 1524 1842 1608 Quod
1883 1541 2079 1596 vero

536 1641 786 1717 sentit
888 1646 1112 1717 totus
1211 1642 1481 1722 homo,
1598 1661 1754 1734 quo
1834 1638 2081 1713 sentit

539 1761 627 1832 ut
707 1757 1109 1851 principio
1190 1763 1534 1840 remoto,
1624 1756 2082 1830 substantia

540 1875 859 1959 animae,
917 1877 1006 1950 ut
1077 1876 1561 1968 propinquo,
1627 1877 1750 1946 est
1810 1876 2082 1966 poten-

543 1988 662 2066 tia
722 1990 1038 2072 animae,
1088 1988 1256 2061 sive
1299 1990 1598 2071 anima,
1636 1989 1781 2060 sub
1835 1988 2083 2060 ratio-

544 2130 642 2182 ne
726 2109 1166 2202 potentiae;
1266 2130 1421 2201 quo
1513 2129 1712 2181 vero
1808 2107 2079 2188 sentit,

544 2230 629 2298 ut
678 2226 1082 2320 priucipio
1162 2226 1617 2319 propinquo
1676 2231 1755 2300 et
1813 2225 2085 2298 imme-

536 2344 783 2427 diato,
843 2349 967 2419 est
1055 2344 1231 2436 ipsa
1284 2344 1648 2436 potentia
1705 2346 1790 2416 ut
1861 2344 2086 2416 unita

542 2479 852 2550 organo
929 2458 1372 2553 corporali,
1444 2458 1560 2532 ita
1647 2458 1851 2551 quod
1930 2479 2098 2551 quo,

537 2578 902 2650 videmus
946 2577 1431 2660 immediate,
1478 2583 1603 2653 est
1647 2577 1951 2660 oculuS,
1998 2580 2087 2651 ιιι

537 2692 732 2768 dicit
792 2693 979 2787 quid
1019 2693 1563 2785 compositum
1623 2714 1719 2766 ex
1780 2692 2087 2766 virtute

536 2809 803 2881 visiva
870 2811 948 2881 et
1032 2828 1341 2899 organo
1395 2833 1409 2878 ε
1476 2812 1816 2901 propter
1882 2809 2088 2900 quod

539 2925 844 2999 dicitur
874 2928 941 2997 2.
995 2927 1077 2993 de
1124 2929 1391 3008 Anima,
1447 2939 1608 2993 text.
1660 2928 1727 2998 9.
1766 2925 1972 3018 quod
2012 2928 2090 2993 Si

539 3042 768 3109 oculus
833 3045 995 3113 esset
1058 3041 1341 3122 animal,
1396 3043 1574 3107 visus
1628 3054 1788 3108 esset
1826 3042 2082 3108 anima.

544 3154 827 3248 Surgit
887 3160 1159 3231 autem
1199 3153 1368 3228 haec
1437 3152 1898 3228 differentia
1959 3173 2089 3246 po-

545 3272 992 3346 tentiarum
1056 3294 1157 3345 ex
1206 3271 1662 3344 differentia
1725 3270 2091 3343 substan-

548 3390 883 3473 tiarum,
974 3390 1491 3464 intellectivae
1589 3388 1929 3469 scilieet,
2009 3393 2090 3462 et

548 3507 985 3589 sensitivae,
1034 3506 1246 3599 quia,
1319 3510 1408 3580 ut
1464 3505 1654 3586 dixi,
1704 3505 1951 3578 aliter
2009 3509 2090 3578 et

545 3625 793 3698 aliter
824 3646 907 3696 se
935 3624 1227 3697 habent
1261 3626 1652 3715 quantum
1688 3623 1783 3695 ad
1816 3626 2091 3696 actum

550 3740 906 3834 primum
939 3740 1033 3812 ad
1075 3760 1376 3832 corpus
1411 3738 1877 3811 humanum.

638 3868 753 3938 Ex
802 3867 951 3938 hoc
994 3871 1336 3958 apparet
1396 3866 1598 3957 quod
1643 3871 1812 3940 tarn
1867 3865 2096 3939 intel-

547 3983 869 4065 lectiva,
928 4003 1167 4075 quam
1222 3982 1616 4056 sensitiva
1684 3982 1930 4054 aliter
1970 3984 2095 4055 est

548 4084 778 4172 actus
847 4098 1226 4190 corporis
1312 4097 1682 4189 organici
1770 4097 2095 4190 Physici

550 4236 695 4309 per
737 4234 967 4286 suam
1028 4214 1596 4296 substantiam,
1647 4211 1894 4288 aliter
1954 4234 2096 4306 per

550 4352 780 4404 suam
844 4331 1331 4424 potentiam;
1399 4332 1587 4422 quia
1645 4337 1813 4406 tam
1872 4331 2098 4403 intel-

552 4448 869 4530 lectiva,
919 4467 1159 4540 quam
1221 4447 1613 4522 sensitiva
1657 4468 1801 4541 per
1864 4467 2095 4518 suam

550 4564 1095 4637 substantiam
1129 4568 1252 4638 est
1278 4568 1504 4637 actus
1535 4565 1738 4657 ejus,
1770 4565 2098 4655 inquan-

552 4685 725 4755 tum
784 4685 909 4754 est
970 4681 1514 4773 compositum
1564 4680 2101 4754 substantiale

560 4797 1073 4892 simpliciter,
1130 4799 1207 4871 in
1263 4798 1407 4872 tali
1481 4799 1731 4889 gradu
1780 4798 2102 4872 mixtio-

554 4916 682 4989 nis
794 4920 874 4989 et
958 4914 1574 5008 complexionis,
1666 4916 2102 4988 secundum

557 5033 879 5104 modum
915 5031 1424 5125 praedictum;
1464 5054 1609 5125 per
1641 5054 1870 5105 suam
1904 5054 2101 5106 voro

556 5149 1031 5242 potentiam,
1082 5148 1251 5220 sive
1296 5153 1384 5222 ut
1423 5153 1548 5221 est
1610 5149 2101 5241 principium

558 5263 969 5360 operandi,
1006 5263 1504 5337 intellectiva
1532 5284 1689 5334 non
1724 5263 2102 5355 corporis

560 5401 1065 5481 quocumque
1127 5382 1358 5452 modo
1429 5380 1743 5473 accepti
1775 5400 1935 5451 non
1980 5400 2103 5451 or·

563 5498 855 5593 ganiei,
904 5517 1214 5570 necnon
1260 5496 1632 5587 organici
1664 5501 1786 5570 est
1841 5502 2099 5578 actus,

565 5615 734 5693 sive
797 5612 1218 5707 perfectio.
1257 5613 1665 5689 sensitiva
1698 5634 1895 5687 vero
1959 5635 2105 5707 per

1697 421 1799 488 DE
1841 421 2107 489 RERUM
2149 418 2535 486 PRINCIPIO

2196 604 2425 656 suam
2461 584 2934 677 potentiani,
2977 587 3209 660 utest
3237 584 3727 678 principlum

2199 705 2582 796 operandi
2641 705 2765 776 est
2834 703 3225 797 perfectio
3297 704 3727 776 seeundum

2199 821 2517 892 modum
2556 821 2964 914 operandi,
3010 825 3090 895 et
3124 821 3554 894 secundum
3610 840 3734 893 ra-

2196 937 2501 1010 tionem
2575 939 2864 1029 organi
2908 939 3285 1031 corporis
3332 939 3727 1030 organici,

2196 1058 2275 1127 et
2309 1058 2392 1127 ut
2439 1056 2918 1145 organicum
2952 1060 3102 1138 est,
3139 1061 3218 1130 et
3262 1061 3348 1130 ut
3418 1058 3734 1148 organi·

2197 1174 2466 1244 zatum
2497 1175 2646 1245 est.
2683 1172 2788 1245 Ut
2813 1172 2986 1264 jam
3018 1194 3116 1245 ex
3161 1173 3568 1265 praedictis
3601 1193 3732 1266 ap·

2199 1288 2510 1378 pareat,
2558 1286 2763 1378 quod
2836 1305 3025 1379 pars
3076 1287 3600 1369 intellectiva,
3649 1291 3738 1360 ut

2196 1405 2321 1475 est
2378 1401 2469 1473 de
2501 1419 2798 1492 genere
2851 1399 3354 1483 substantiae,
3400 1405 3522 1474 est
3567 1400 3733 1475 for·

2199 1537 2330 1589 ma
2388 1522 2468 1592 et
2497 1524 2727 1593 aetus
2765 1514 3160 1600 materize,
3210 1519 3387 1612 ipsa
3416 1537 3614 1594 vero
3646 1522 3735 1593 ut

2199 1637 2588 1727 potentia,
2635 1638 2803 1708 sive
2838 1640 2925 1709 ut
2961 1657 3177 1729 pars,
3229 1637 3375 1726 (sic
3416 1637 3730 1729 loquor,

2197 1753 2385 1844 quia
2418 1755 2767 1826 nondum
2795 1755 3223 1846 quaesitum
3268 1759 3417 1836 est,
3456 1759 3734 1827 utrum

2202 1872 2565 1961 potentia
2596 1872 2913 1954 animae,
2943 1873 3051 1947 sit
3084 1873 3291 1946 idem
3323 1873 3529 1965 quod
3562 1872 3733 1944 sub·

2200 1987 2504 2061 stantia
2529 1993 2592 2078 ‘?)
2625 1988 2839 2070 talis,
2874 1990 3075 2070 dico,
3115 1988 3478 2081 potentia
3504 1987 3740 2061 habet

2199 2125 2376 2176 esse
2428 2105 2504 2177 in
2567 2107 2915 2178 materia
2993 2103 3181 2197 quia
3241 2104 3459 2185 illud,
3512 2103 3744 2194 cujus

2199 2223 2321 2293 est
2383 2222 2775 2313 potentia,
2849 2221 3017 2294 sive
3072 2241 3255 2293 eum
3326 2240 3480 2313 quo
3542 2219 3748 2292 idem

2199 2338 2349 2415 est,
2413 2339 2538 2409 est
2579 2333 2659 2406 in
2714 2333 3084 2415 materia,
3138 2339 3218 2407 et
3266 2335 3537 2406 forma
3589 2352 3754 2405 ma-

2203 2451 2458 2532 teriae,
2539 2457 2618 2526 et
2653 2473 2796 2544 per
2838 2471 3338 2545 consequens
3383 2451 3561 2546 ipsa
3621 2471 3759 2544 po·

2201 2569 2458 2642 tentia
2503 2566 3004 2643 intellectiva
3045 2566 3319 2661 aliquo
3355 2568 3587 2640 modo
3630 2570 3760 2642 est

2206 2683 2285 2758 in
2329 2686 2701 2759 materia.
2768 2686 2912 2760 Sed
2956 2685 3238 2759 statim
3289 2685 3549 2758 dicam
3611 2684 3758 2757 ali-

2205 2822 2361 2896 qua
2404 2804 2835 2876 secundum
2889 2803 3136 2877 istum
3188 2802 3537 2883 modum,
3592 2823 3754 2894 quo

2201 2920 2472 2993 forma
2503 2925 2627 2994 est
2662 2920 2738 2992 in
2774 2920 3144 3002 materia,
3189 2919 3317 2993 vel
3351 2918 3751 3013 perfectio

2202 3037 2592 3110 materiae.

2296 3163 2378 3237 Si
2411 3161 2624 3235 sorte
2660 3161 2936 3245 instes,
2981 3160 3185 3255 quod
3236 3163 3426 3234 tune
3477 3164 3755 3254 poten-

2203 3278 2345 3359 tia,
2417 3283 2497 3351 et
2568 3278 2941 3371 operatio
2993 3275 3155 3351 erit
3227 3276 3485 3367 magis
3570 3275 3757 3348 abs-

2207 3399 2479 3469 tracta
2534 3415 2774 3487 quam
2834 3394 3315 3476 substantia,
3377 3415 3473 3466 eo
3544 3393 3757 3486 quod

2208 3511 2789 3586 intellectivam
2834 3530 3042 3605 pono
3080 3511 3432 3584 formam
3466 3528 3760 3603 eorpo-

2210 3629 2351 3710 ris,
2401 3630 2852 3722 potentiam
2907 3648 3103 3701 vero
3166 3624 3758 3702 intellectivam

2207 3746 2455 3818 nullis
2496 3746 2872 3839 eorporis
2905 3750 3046 3819 aut
3089 3745 3403 3837 organi.

2306 3875 2808 3965 RespondeO,
2890 3878 2970 3946 et
3064 3873 3225 3947 erit
3306 3873 3762 3947 declaratio
3834 3912 4082 3963 goffia-0,

2211 3988 2822 4080 praedictorum:
2867 3990 3011 4060 Est
3057 3986 3314 4077 igitur
3343 3990 3769 4061 adverten-

2209 4101 2421 4182 dum,
2487 4101 2694 4193 quod
2745 4120 2928 4171 cum
2983 4100 3306 4181 dicitur,
3375 4101 3579 4192 quod
3622 4121 3766 4193 po·

2213 4217 2470 4292 tentia
2563 4237 2724 4289 non
2800 4223 2923 4290 est
3018 4218 3280 4308 magis
3368 4220 3766 4311 separata

2214 4356 2456 4428 quam
2552 4334 3031 4416 substantia,
3106 4354 3250 4407 nec
3341 4332 3762 4427 operatio;

2217 4451 2404 4543 quia
2436 4451 2870 4523 seeundum
2924 4451 3130 4543 quod
3163 4449 3326 4523 alia
3361 4450 3619 4543 magis
3675 4457 3772 4527 et

2218 4567 2482 4640 minus
2583 4566 2856 4639 dieunt
2943 4568 3592 4640 convenientiam
3676 4573 3773 4643 et

2214 4683 2753 4757 differentiam
2803 4687 3171 4776 respectu
3223 4684 3506 4771 totalis
3540 4707 3774 4779 sepa-

2219 4801 2570 4874 rationis
2632 4805 2712 4874 et
2771 4800 3093 4872 unionis
3138 4800 3234 4872 ad
3298 4801 3768 4887 materiam,

2215 4938 2504 4990 verum
2532 4921 2658 4992 est
2703 4917 2979 4989 :verbi
3024 4917 3322 5008 gratia,
3396 4918 3464 4991 si
3514 4936 3774 5009 agens

2219 5033 2668 5127 principale
2712 5034 3291 5125 quodcumque,
3340 5034 3544 5125 quod
3574 5033 3775 5109 diei-

2218 5154 2355 5222 tur
2386 5151 2956 5241 compositum,
3003 5149 3291 5221 habeat
3329 5152 3774 5225 materiam

2220 5287 2723 5359 quocumque
2786 5267 3044 5349 modo,
3091 5287 3419 5340 neeesse
3477 5269 3598 5340 est
3673 5273 3771 5343 ut

2221 5383 2585 5474 potentia
2620 5403 2770 5475 qua
2807 5384 3000 5475 agit,
3047 5385 3245 5474 (sive
3289 5383 3481 5457 illud
3515 5404 3772 5476 agens

2222 5496 2328 5569 sit
2384 5500 2765 5579 sentiens,
2825 5499 2993 5572 sive
3055 5499 3548 5591 intelligens)
3622 5499 3772 5573 ali·

2223 5635 2377 5706 quo
2441 5616 2675 5688 modo
2736 5614 3050 5699 habeat,
3099 5616 3268 5689 sive
3310 5616 3416 5690 sit
3460 5615 3539 5688 in
3601 5636 3771 5690 ma-

3823 3193 4091 3320 &je-2260.
