4252 6393
167 5562 234 5614 ¹2.

1748 459 2107 535 QUAESTlo
2155 460 2258 520 XV
3488 459 3606 522 553

399 641 545 713 per
620 619 934 694 radium
1010 620 1392 702 divinum,
1487 620 1620 713 qui
1692 640 1938 713 super

399 740 746 810 mentem
780 741 1154 810 nostram
1188 736 1558 810 irradiat.

478 857 597 929 De
638 855 1044 928 habitibus
1067 877 1291 937 vero,
1340 876 1540 947 quos
1577 855 1652 926 in
1689 877 1773 926 se
1809 853 1937 924 ha-

391 974 546 1054 bet,
597 974 826 1066 quasi
872 973 1119 1046 simili
1178 974 1434 1055 modo,
1490 994 1773 1045 eorum
1808 974 1936 1044 du-

395 1089 578 1182 plex
624 1093 746 1162 est
790 1089 1179 1182 cognitio.
1218 1090 1418 1169 Una,
1468 1109 1624 1182 qua
1668 1089 1940 1160 anima

388 1206 837 1298 cognoscit,
908 1226 1008 1278 an
1080 1205 1405 1280 habitus
1469 1206 1620 1280 sibi
1696 1206 1931 1287 insit;

387 1324 578 1404 alia,
618 1343 774 1415 qua
807 1323 1228 1414 cognoscit
1265 1322 1447 1414 quid
1483 1323 1613 1394 sit.
1653 1324 1795 1395 11ae
1823 1326 1938 1395 ta-

390 1460 573 1511 men
612 1441 785 1513 duae
835 1438 1347 1530 cognitiones
1390 1437 1635 1510 aliter
1685 1459 1768 1510 se
1810 1438 1940 1509 ha-

385 1556 572 1628 bent
606 1555 830 1628 circa
858 1555 1208 1637 habitus,
1247 1554 1491 1627 aliter
1521 1555 1745 1627 circa
1779 1556 1939 1627 ani-

390 1692 635 1744 mam.
675 1673 1050 1764 Cognitio
1084 1671 1323 1753 enirn,
1365 1692 1520 1764 qua
1544 1673 1723 1764 quis
1757 1691 1938 1763 cog-

385 1789 655 1863 noscit
689 1810 773 1862 sc
811 1789 1109 1862 habere
1142 1788 1528 1869 habitum,
1575 1810 1938 1883 praesup-

388 1905 618 1997 ponit
642 1905 1048 1986 notitiam,
1089 1925 1247 1997 qua
1280 1904 1457 1996 quis
1482 1904 1931 1997 cognoscit,

384 2021 576 2113 quid
609 2022 715 2093 sit
748 2021 1097 2095 habitus
1142 2023 1322 2093 Non
1355 2021 1567 2093 enim
1602 2042 1934 2114 possum

385 2139 603 2213 scire
675 2159 800 2211 me
868 2139 1167 2210 habere
1219 2138 1715 2221 castitatem,
1779 2139 1936 2211 nisi

384 2257 645 2331 sciam
671 2257 854 2350 quid
873 2259 995 2329 est
1022 2255 1390 2338 castitas,
1433 2256 1566 2328 sed
1587 2278 1685 2328 ex
1704 2260 1937 2349 parte

385 2374 680 2446 animae
713 2377 837 2446 est
871 2395 912 2445 e
950 2373 1394 2447 contrario.
1444 2373 1679 2446 Multi
1724 2374 1935 2446 enim

384 2491 658 2563 sciunt
720 2511 804 2561 se
855 2489 1153 2562 habere
1198 2490 1554 2562 animam
1607 2511 1752 2583 per
1811 2509 1936 2565 ac-

381 2613 548 2689 tus,
596 2627 797 2699 quos
865 2606 1407 2699 experiuntur
1460 2607 1536 2677 in
1599 2628 1709 2688 se,
1775 2612 1934 2680 eta

384 2746 497 2806 se,
559 2724 690 2815 qui
761 2724 1131 2796 nesciunt
1197 2723 1378 2816 quid
1451 2723 1554 2796 sit
1635 2724 1930 2795 anima.

386 2841 653 2932 Hujus
725 2842 998 2912 autem
1085 2838 1597 2913 diversitatis
1684 2859 1936 2912 causa

379 2959 534 3038 est,
569 2959 654 3028 ut
677 2954 975 3037 dicunt,
1015 2954 1203 3046 quia
1232 2974 1376 3028 nec
1413 2956 1754 3040 animas,
1791 2978 1935 3030 nec

381 3075 713 3146 habitus
758 3073 1252 3167 percipimus
1321 3073 1398 3145 in
1440 3074 1673 3146 nobis
1728 3097 1930 3158 esse,

380 3190 542 3264 nisi
628 3190 1144 3284 percipiendo
1225 3192 1494 3273 actuS,
1587 3213 1933 3283 quorum

378 3308 662 3381 anima
719 3311 798 3379 et
857 3307 1190 3380 habitus·
1253 3311 1442 3380 sunt
1507 3308 1931 3402 principia.

377 3422 734 3494 Habitus
760 3424 1032 3493 autem
1071 3441 1213 3513 per
1233 3421 1680 3493 essentiam
1705 3444 1935 3494 suam

377 3539 505 3610 est
574 3554 824 3608 causa
868 3533 1056 3607 talis
1104 3538 1360 3615 actus,
1408 3536 1485 3605 ct
1531 3538 1760 3607 actus
1813 3539 1937 3607 est

377 3673 661 3736 causa,
710 3653 917 3745 quod
975 3653 1525 3743 cognoscatur
1586 3651 1934 3734 habituS,

365 3772 519 3866 qui
560 3774 684 3844 est
724 3770 901 3861 ejus
936 3768 1371 3839 mediatum
1413 3767 1934 3861 principium.

379 3888 461 3961 Si
516 3888 794 3958 autem
855 3889 1408 3977 cognoscatur
1464 3884 1785 3957 habitus
1832 3885 1940 3956 in-

380 4010 784 4099 quantum
828 4007 951 4076 est
1013 4002 1505 4096 principium
1546 4005 1741 4075 talis
1819 4024 1942 4077 ac·

377 4127 540 4203 tus,
620 4119 1152 4211 cognoscitur
1210 4118 1535 4192 habitus
1618 4148 1631 4191 ε
1709 4125 1796 4193 ut
1874 4123 1940 4194 si

375 4239 639 4312 sciam
677 4235 882 4330 quod
916 4234 1260 4308 castitas
1321 4237 1470 4317 cst,
1515 4257 1658 4328 per
1699 4257 1939 4329 quani

373 4358 562 4451 quis
595 4353 918 4428 cohibet
973 4373 1057 4424 se
1109 4353 1208 4424 ab
1262 4352 1576 4423 illicitis
1641 4354 1944 4444 cogita-

373 4473 736 4549 tionibus
764 4471 839 4542 in
860 4469 1384 4550 venereis,sic
1411 4468 1577 4541 scio
1604 4470 1944 4542 decasti-

370 4593 578 4672 tate,
613 4591 776 4679 quid
816 4601 932 4656 est.
982 4586 1280 4659 Anima
1314 4588 1594 4657 autem
1632 4606 1788 4657 non
1821 4592 1943 4659 est

377 4702 880 4798 principium
957 4699 1532 4794 operationum
1602 4720 1749 4792 per
1827 4722 1945 4771 es-

376 4820 733 4894 sentiam
769 4838 1026 4898 suam,
1075 4817 1210 4887 sed
1248 4835 1394 4907 per
1431 4814 1656 4886 vires
1701 4837 1938 4887 suas:

377 4937 588 5008 unde
615 4932 1021 5028 perceptis
1057 4931 1382 5006 actibus
1418 4930 1733 5011 animae,
1769 4951 1947 5022 per-

378 5051 695 5144 cipitur
747 5048 1013 5119 inesse
1085 5045 1581 5138 principium
1657 5045 1945 5117 talium

382 5167 832 5247 actionum,
873 5166 1159 5256 utpote
1197 5165 1468 5233 motus
1519 5165 1598 5232 et
1662 5182 1944 5232 sensus

381 5305 550 5357 non
604 5288 876 5357 tamen
946 5300 1045 5351 ex
1107 5279 1255 5351 hoc
1317 5281 1614 5350 natura
1657 5278 1944 5351 animae

389 5400 679 5473 scitur.

475 5513 913 5606 Loquendo
977 5511 1235 5604 igitur
1295 5513 1386 5584 de
1445 5510 1939 5602 cognitione,

380 5655 542 5727 qua
607 5627 1130 5723 cognoscitur
1169 5629 1261 5700 de
1295 5626 1701 5701 habitibus
1765 5626 1945 5719 quid

2057 619 2277 692 sint?
2316 622 2642 713 oportet
2685 621 2838 692 duo
2884 617 3431 707 considerare,
3470 642 3601 716 ap-

2054 736 2675 829 prehensionem
2726 736 3248 830 etjudicium.
3315 742 3602 814 Secun-

2052 855 2239 926 dum
2308 852 3037 946 apprehensionem
3100 859 3452 948 oportet,
3515 861 3602 929 ut

2052 970 2454 1044 habeatur
2482 991 2770 1042 eorum
2803 971 3100 1044 notitia
3132 973 3229 1044 ab
3265 973 3602 1065 objectis

2053 1091 2132 1159 ct
2176 1088 2516 1169 actibus,
2583 1088 2771 1181 quia
2826 1108 2988 1160 non
3052 1096 3396 1183 possunt
3459 1112 3604 1185 per

2054 1207 2494 1279 essentiam
2564 1227 2794 1279 suam
2865 1207 3386 1299 apprehendi.
3462 1214 3605 1284 Cu-

2045 1322 2183 1415 jus
2231 1322 2445 1395 ratio
2509 1326 2657 1404 est,
2717 1323 2904 1415 quia
2969 1323 3402 1416 cujuslibet
3475 1347 3603 1419 po-

2053 1439 2330 1511 tentiae
2394 1439 2684 1511 animae
2725 1440 2993 1514 virtus
3047 1444 3170 1514 est
3232 1440 3604 1514 determi-

2053 1557 2248 1628 nata
2289 1557 2384 1628 ad
2447 1555 2853 1647 objectum
2906 1577 3139 1630 suum
3186 1578 3455 1641 unum,
3525 1564 3605 1634 et

2056 1674 2232 1766 ejus
2281 1673 2496 1746 actio
2545 1673 2835 1767 primo,
2900 1677 2978 1745 et
3034 1674 3604 1767 principaliter

2057 1790 2137 1861 in
2219 1787 2622 1881 objectum
2685 1789 2935 1863 tendit
2994 1818 3006 1860 :
3077 1790 3155 1861 in
3222 1812 3317 1863 ea
3374 1813 3599 1874 vero,

2056 1905 2341 1998 quibus
2404 1906 2482 1978 in
2526 1905 2930 1999 objectum
2969 1906 3382 2000 dirigitur,
3447 1928 3604 1979 non

2054 2026 2323 2116 potest
2357 2022 2515 2095 nisi
2552 2044 2697 2116 per
2733 2025 3160 2117 quamdam
3204 2026 3602 2099 reductio-

2054 2159 2263 2210 nem.
2349 2140 2570 2213 Sicut
2643 2139 3033 2222 videmuS,
3109 2141 3316 2233 quod
3377 2142 3599 2214 visus

2054 2256 2323 2348 primo
2395 2256 2781 2347 dirigitur
2850 2256 2928 2329 in
3007 2257 3393 2340 colorem,
3470 2260 3603 2332 sed

2057 2373 2135 2444 in
2181 2378 2456 2448 actum
2494 2373 2835 2446 visionis
2888 2396 3052 2448 suae
3092 2395 3250 2447 non
3299 2377 3600 2449 reduci-

2051 2493 2216 2573 tur,
2284 2490 2442 2562 nisi
2505 2510 2650 2583 per
2720 2492 3146 2583 quamdam
3209 2494 3603 2566 reductio-

2054 2619 2264 2682 nem,
2300 2599 2485 2670 dum
2513 2598 2823 2671 scilicet
2845 2598 3181 2673 videndo
3206 2602 3594 2684 colorem,

2053 2716 2267 2789 videt
2312 2738 2397 2788 se
2439 2715 2737 2788 videre.
2787 2722 2976 2799 Quae
3021 2718 3408 2802 reductio,
3472 2718 3599 2789 vel

2059 2831 2383 2903 inflexio
2449 2830 2940 2924 incomplete
3010 2835 3133 2906 est
3189 2832 3265 2903 in
3331 2855 3596 2914 sensu,

2053 2948 2459 3042 complete
2503 2953 2775 3022 autem
2811 2950 2889 3021 in
2932 2949 3375 3032 intellectu,
3416 2953 3605 3044 quia

2055 3065 2421 3138 reductio
2465 3065 2873 3159 completa
2899 3067 3105 3140 rodit
3140 3068 3233 3139 ad
3267 3087 3602 3158 cognos-

2053 3182 2389 3254 cendum
2433 3183 2875 3257 essentiam
2922 3205 3152 3256 suam
3190 3213 3203 3256 :
3247 3184 3600 3259 intellec·

2050 3302 2185 3372 tus
2243 3305 2513 3373 autem
2586 3302 3070 3394 conjunctus
3140 3302 3289 3375 hoc
3367 3307 3598 3377 modo

2054 3419 2590 3508 comparatur
2623 3419 2716 3489 ad
2753 3419 3350 3511 phantasmata,
3390 3421 3601 3497 sicut

2053 3531 2279 3603 visus
2314 3532 2405 3604 ad
2449 3535 2801 3619 coloreS,
2892 3536 2975 3606 ut
3020 3534 3368 3608 habetur
3401 3539 3464 3608 3.
3521 3541 3603 3606 de

2055 3653 2322 3730 Anima,
2370 3661 2530 3719 teate.
2565 3653 2675 3723 30.
2739 3664 2799 3720 et
2837 3675 3011 3740 seqq.
3068 3671 3229 3723 non
3283 3652 3596 3743 quidem

2058 3767 2142 3835 ut
2221 3770 2663 3854 cognoscat
2717 3765 3315 3858 phantasmata,
3388 3769 3596 3842 sieut

2054 3878 2279 3951 visus
2326 3880 2673 3965 colores,
2760 3881 2893 3953 sed
2937 3881 3123 3974 quia
3173 3884 3597 3974 cognoscit

2058 3996 2223 4076 illa,
2300 4018 2647 4089 quorum
2704 4002 2891 4072 sunt
2954 3998 3525 4092 phantasmata
3579 4030 3591 4072 :

2057 4113 2152 4184 ad
2196 4114 2335 4186 illa
2395 4113 2605 4185 enim
2677 4115 3234 4208 cognoscenda
3302 4117 3596 4209 prime,

2058 4234 2136 4302 et
2187 4232 2495 4303 directe
2536 4230 2844 4314 fertum
2918 4231 3192 4304 deinde
3253 4233 3459 4307 redit
3507 4236 3600 4307 ad

2059 4349 2705 4435 cognoscendum
2742 4352 3013 4423 actum
3048 4371 3326 4432 suum;
3366 4355 3445 4425 et
3493 4353 3601 4422 ul-

2059 4464 2321 4538 terius
2360 4464 2436 4535 in
2488 4466 2826 4558 species,
2868 4465 3277 4559 potentias
3310 4469 3389 4539 et
3430 4468 3601 4539 sub-

2062 4580 2451 4653 stantiam
2496 4580 2752 4673 ipsius
2805 4582 3124 4655 mentis.
3173 4585 3353 4656 Non
3388 4584 3601 4655 enim

2059 4698 2227 4769 haec
2273 4703 2865 4791 comparantur
2907 4700 2998 4771 ad
3072 4700 3598 4781 intellectum,

2063 4815 2149 4884 ut
2194 4814 2509 4905 objecta
2545 4814 2834 4905 prima,
2900 4817 3032 4887 sed
3068 4819 3154 4888 ut
3219 4817 3383 4899 illa,
3441 4818 3601 4911 qui-

2061 4930 2206 5000 bus
2241 4928 2498 5003 tendit
2550 4929 2627 5000 in
2663 4932 2962 5002 actum.

2151 5043 2557 5116 Judicium
2621 5049 2892 5119 autem
2962 5046 3052 5118 de
3123 5067 3603 5139 unoquoque

2061 5160 2408 5234 habetur
2476 5162 2912 5234 secundum
2959 5162 3173 5243 illud,
3231 5162 3439 5254 quod
3481 5170 3603 5238 est

2065 5294 2447 5346 mensura
2518 5275 2737 5347 illius
2793 5302 2806 5344 :
2882 5297 3263 5349 mensura
3332 5280 3602 5350 autem

2061 5389 2486 5464 habituum
2523 5396 2646 5466 est
2700 5392 2917 5473 illud,
2982 5393 3076 5465 ad
3130 5395 3336 5484 quod
3401 5394 3604 5466 ordi-

2061 5512 2389 5589 nantur,
2472 5510 2676 5599 quod
2719 5509 3034 5600 quidem
3077 5511 3171 5581 ad
3229 5514 3603 5584 nostram

2061 5623 2617 5711 cognitionem
2687 5648 2769 5697 se
2826 5625 3065 5702 habet
3125 5626 3594 5719 tripliciter.
