4252 6393
86 1076 187 1119 Sar!
194 1088 269 1118 eam
278 1109 289 1120 .

92 1898 277 1961 Opposit.

50 2034 112 2103 -l

157 2146 195 2194 2.

136 4626 173 4676 3

38 4685 89 4732 ρ
68 4705 205 4750 mm!
193 4695 273 4745 itio

126 4752 161 4798 1.

1717 440 2077 516 QUAEST10
2130 440 2206 500 ιν
3462 434 3534 495 19

344 596 814 680 calefacere,
883 603 963 672 et
1024 598 1479 681 desiccare;
1534 604 1614 673 et
1688 601 1892 673 acci·

341 713 603 785 dentia
644 714 822 805 ejus
857 720 1043 789 sunt
1070 716 1402 799 raritaS,
1435 716 1893 809 diaphanei·

347 833 491 907 tas,
552 851 730 921 quae
776 831 1051 903 omnia
1115 832 1390 905 insunt
1440 832 1642 905 coelo
1688 858 1703 915 3
1769 855 1889 904 er-

345 966 467 1035 go,
503 951 657 1018 etc.

433 1068 702 1145 Sexto,
768 1067 1156 1156 arguitur
1212 1088 1358 1160 per
1401 1066 1886 1161 interpreta-

344 1178 647 1251 tionem
673 1179 914 1272 hujns
976 1182 1355 1264 nominis,
1391 1186 1645 1253 coelnm.
1675 1187 1884 1257 Nam

341 1294 625 1367 coelum
676 1302 1030 1372 vocatur
1083 1301 1311 1383 comer,
1389 1302 1625 1374 modo
1680 1306 1886 1371 oeelaer

339 1413 940 1506 interpretatur
975 1418 1246 1499 ardens,
1311 1422 1399 1491 ut
1438 1418 1635 1491 dicit
1702 1420 1882 1491 Em-

338 1528 713 1622 pedocles
751 1534 824 1601 in
866 1537 928 1604 1.
963 1536 1433 1623 Plzysicornm,
1481 1535 1690 1627 quod
1719 1554 1883 1608 non

334 1653 575 1729 esset,
619 1649 780 1721 nisi
809 1650 1100 1723 coelum
1144 1652 1498 1734 arderet,
1545 1656 1625 1726 et
1664 1655 1883 1725 esset

334 1764 583 1854 ignis;
618 1786 847 1858 ergo,
875 1772 1030 1840 etc.

425 1883 909 1974 Oppositum
945 1886 1332 1977 arguitur
1372 1908 1518 1981 per
1568 1889 1880 1964 Aristo-

334 1998 583 2071 telem
615 2004 690 2068 in
707 2007 932 2091 primo
972 2007 1410 2093 physicorum
1449 2031 1598 2098 cap.
1634 2010 1699 2080 3.

425 2117 599 2188 Ista
667 2116 996 2192 suerunt
1057 2125 1279 2195 mota
1326 2128 1666 2216 propter
1718 2124 1881 2217 opi·

326 2231 663 2305 nionem
722 2235 1231 2327 Empedoclis
1303 2238 1736 2313 recitatam
1803 2242 1879 2313 in

326 2352 595 2431 textu,
644 2352 778 2444 qui
830 2353 1179 2445 ponebat
1235 2356 1444 2448 quod
1488 2357 1713 2430 solus
1770 2359 1879 2430 lo-

328 2487 474 2538 cus
512 2489 850 2542 sursum
878 2472 1247 2564 repletur
1279 2493 1495 2555 aere,
1532 2477 1613 2547 et
1655 2474 1874 2566 igne;

328 2604 523 2657 aere
577 2608 829 2679 usque
868 2590 963 2660 ad
1013 2594 1330 2663 certam
1371 2590 1873 2673 distantiam,

322 2708 403 2775 et
438 2702 632 2794 igne
655 2704 974 2777 demum
1010 2727 1368 2790 sursum,
1405 2712 1485 2782 et
1509 2709 1878 2781 moveba-

322 2824 628 2912 turper
658 2821 975 2913 aliquas
1000 2823 1367 2898 rationes
1391 2824 1678 2902 factas.
1710 2828 1880 2900 Ista

323 2936 716 3028 opinione
809 2939 1168 3022 dimissa,
1246 2941 1516 3035 primo
1615 2947 1876 3015 osten-

322 3052 623 3125 dentur
673 3056 883 3145 quod
935 3062 1243 3148 praeter
1298 3063 1655 3150 quatuor
1697 3080 1876 3133 cor—

322 3190 528 3262 pora
579 3171 1015 3266 simplicia,
1078 3175 1396 3250 scilicet
1441 3177 1869 3259 elementa,

320 3308 657 3360 neeesse
728 3295 856 3365 est
928 3313 1229 3385 ponere
1289 3315 1592 3387 corpus
1650 3294 1872 3386 quin-

320 3409 519 3478 tum.
558 3408 667 3479 Et
699 3406 851 3480 hoc
888 3429 1032 3501 per
1082 3409 1616 3484 Aristotelem
1659 3415 1732 3478 in
1784 3414 1870 3478 Ii-

312 3522 424 3588 bro
492 3523 582 3590 de
653 3526 885 3592 Coelo.-
930 3527 1321 3608 Secundo,
1392 3528 1871 3600 ostendetur

316 3639 525 3729 quod
561 3639 760 3713 illud
792 3663 1093 3736 corpus
1128 3644 1500 3737 quintum
1534 3665 1692 3717 non
1745 3650 1869 3717 est

312 3754 400 3826 de
434 3761 745 3831 natura
788 3757 1025 3850 ignis

804 4087 1228 4145 ARTlCULUS
1288 4091 1356 4147 11.

304 4265 574 4332 ‘Proeter
659 4266 979 4335 elementa
1062 4273 1349 4357 quatuor
1434 4292 1686 4337 necesse
1772 4284 1869 4338 cst

626 4408 873 4472 ponere
937 4409 1174 4475 corpus
1230 4390 1557 4476 quintum.

306 4627 311 4628 ν
394 4585 813 4664 Quantum
894 4583 991 4654 ad
1071 4583 1426 4676 primum
1508 4586 1860 4678 praemit·

310 4699 593 4772 tentur
625 4699 1255 4792 suppositiones.
1307 4700 1607 4784 Prima,
1655 4703 1861 4794 quod

304 4817 637 4890 tantum
719 4820 908 4890 sunt
976 4820 1148 4889 ties
1217 4822 1486 4891 motus
1556 4817 1858 4892 locales

310 4929 754 5022 simplices,
792 4930 1259 5024 accipiendo
1292 4947 1571 5016 camum,
1611 4938 1698 5009 ut
1729 4956 1857 5006 ex-

305 5046 581 5121 cludat
629 5046 1027 5139 majorem
1087 5069 1541 5132 numerum,
1605 5055 1685 5125 et
1737 5050 1857 5122 illi

307 5168 582 5238 motus
608 5169 822 5245 sunt,
862 5170 1130 5239 motus
1161 5166 1256 5239 ad
1291 5165 1662 5249 medium,
1710 5166 1855 5239 sci-

306 5277 491 5353 licet
529 5285 808 5354 motus
842 5280 1245 5366 deorsum,
1281 5286 1362 5356 et
1397 5286 1667 5356 motus
1701 5283 1855 5356 cir-

303 5415 393 5467 ca
445 5396 830 5479 medium,
897 5396 1207 5472 scilicet
1269 5404 1537 5474 motus
1597 5399 1855 5473 circu-

306 5512 531 5595 laris,
619 5518 699 5586 ct
770 5517 1038 5586 motus
1086 5534 1132 5586 a
1192 5516 1472 5598 medio,
1540 5515 1854 5590 scilicet

304 5632 965 5707 motussursum.

2103 600 2463 671 Secunda
2514 595 2995 690 suppositio,
3053 593 3259 687 quod
3311 593 3548 666 unius
3606 619 3872 670 semmaa.

2010 714 2266 786 solius
2316 715 2693 807 eorporis
2737 713 3132 807 simplicis
3178 715 3302 785 est
3345 730 3550 782 unus

2008 831 2229 902 solus
2296 837 2566 905 motus
2635 830 3067 903 secundum
3127 834 3539 909 natura-m,

2002 952 2083 1022 et
2115 969 2157 1020 e
2191 952 2507 1031 contra,
2543 969 2748 1021 unus
2786 947 3009 1020 solus
3046 950 3315 1029 motus
3360 944 3545 1016 sim·

2006 1065 2187 1158 plex
2221 1069 2345 1138 est
2380 1065 2616 1137 unius
2653 1064 2908 1137 solius
2941 1083 3088 1137 col
3099 1061 3318 1157 poris
3361 1059 3547 1131 sim·

2003 1180 2236 1274 plicis
2291 1182 2722 1254 secundum
2775 1184 3180 1254 naturam.

1998 1354 2005 1355 f
2086 1297 2364 1372 Tertia
2432 1297 2914 1390 suppositiO,
2991 1296 3197 1388 quod
3267 1300 3537 1371 motus
3628 1322 3832 1375 Teuta

1996 1414 2433 1487 ciicularis
2494 1435 2655 1486 non
2712 1413 2951 1488 habet
2994 1413 3532 1488 contrarium.

1992 1587 1999 1592 ,
2085 1535 2398 1614 Quarta
2456 1528 2939 1624 suppositio,
3008 1532 3212 1623 quod
3283 1550 3536 1622 grave

1994 1651 2118 1721 est
2153 1646 2249 1730 id,
2287 1649 2493 1740 quod
2533 1654 2819 1722 natum
2850 1652 2974 1722 est
3006 1648 3209 1721 ferri
3242 1649 3337 1720 ad
3381 1669 3537 1720 me-

1992 1764 2235 1848 dium,
2311 1768 2446 1839 sed
2523 1767 2719 1850 leve,
2794 1767 2997 1859 quod
3062 1769 3343 1839 natum
3413 1770 3536 1839 est

1993 1881 2196 1956 ferri
2230 1904 2276 1956 a
2309 1884 2591 1957 medio.
2629 1885 2731 1958 Et
2766 1884 3200 1957 secundum
3242 1868 3391 1955 hoe
3419 1881 3537 1957 sit
3656 1940 3664 1947 ,

1996 2000 2262 2093 prima
2294 2000 2737 2097 conclusio,
2775 2000 2981 2093 quod
3009 2006 3318 2093 praeter
3349 2020 3535 2093 qua·
3566 2024 3882 2077 οωιοιιωῑοι

1988 2123 2189 2191 tuor
2255 2137 2612 2210 corpora
2681 2117 3110 2210 simplicia,
3186 2137 3361 2210 quae
3428 2116 3532 2189 di·

1994 2237 2296 2307 cuntur
2356 2234 2758 2308 elementa
2799 2231 3413 2325 generabilium,
3452 2237 3532 2306 et

1992 2351 2687 2444 corruptibilium,
2760 2372 3092 2437 necesse
3160 2354 3286 2424 est
3350 2371 3531 2423 esse

1993 2488 2297 2562 corpus
2377 2468 2775 2560 quintum,
2853 2468 3169 2541 scilicet
3235 2487 3534 2560 corpus

1988 2584 2343 2659 coeleste.
2392 2584 2802 2657 Probatur
2848 2581 3291 2663 conclusio,
3342 2579 3526 2672 quia

1998 2723 2139 2796 per
2174 2703 2524 2795 primam
2558 2699 3229 2793 suppositionem,
3269 2701 3536 2771 motus

1991 2820 2429 2896 circularis
2472 2823 2594 2891 est
2639 2818 2959 2911 quidam
3021 2820 3289 2890 motus
3351 2816 3535 2889 sim-

1980 2940 2209 3031 'plex;
2259 2937 2514 3028 igitur
2555 2956 2701 3028 per
2752 2936 3186 3008 secundam
3237 2939 3360 3008 est
3392 2936 3530 3007 ali·

1988 3058 2222 3150 cujus
2255 3053 2632 3147 corporis
2667 3053 3063 3146 simplicis
3097 3053 3530 3126 secundum

1988 3177 2400 3254 naturam,
2446 3174 2525 3245 et
2566 3190 2729 3244 non
2771 3170 3119 3264 alicujus
3177 3175 3531 3263 quatuor

1980 3291 2602 3370 elementorum,
2668 3288 2859 3381 quia
2901 3290 3305 3381 quodlibet
3359 3291 3529 3363 illo·

1988 3430 2171 3482 rum
2241 3410 2480 3484 habet
2541 3428 2787 3481 unum
2856 3413 3164 3483 motum
3227 3406 3529 3501 simpli·

1983 3546 2158 3598 cem
2210 3526 2361 3598 sibi
2402 3524 2891 3600 naturalem.
2957 3524 3228 3616 Major
3271 3529 3520 3617 patet,

1984 3643 2221 3717 unius
2254 3644 2633 3736 corporis
2670 3641 3070 3735 simplicis
3114 3642 3368 3715 solius
3401 3649 3524 3716 cst

1985 3784 2189 3836 unus
2234 3764 2456 3835 solus
2518 3766 2788 3837 motus
2851 3761 3195 3853 simplex
3252 3782 3525 3834 secun-

1979 3881 2167 3953 dum
2217 3886 2636 3962 naturam;
2687 3878 2945 3972 igitur
2997 3882 3304 3972 praeter
3337 3899 3522 3971 qua·

1982 4002 2173 4071 tuor
2213 3998 2615 4070 clementa
2664 4017 2992 4069 neccsse
3033 3999 3158 4069 est
3219 4016 3522 4089 ponere

1978 4134 2281 4207 corpus
2319 4113 2716 4207 quintum,
2754 4111 2885 4184 cui
2920 4113 3356 4186 secundum
3388 4133 3521 4185 na—

1977 4236 2255 4306 turam
2298 4228 2493 4304 insit
2535 4233 2803 4303 motus
2845 4228 3278 4304 naturalis.
3672 4301 3712 4309 ,,

2066 4351 2188 4420 Ex
2265 4345 2712 4439 quaestione
2792 4346 3163 4438 sequitur
3250 4344 3517 4439 primo
3691 4359 3720 4406 ⁴

1978 4466 2186 4557 quod
2216 4466 2504 4539 coelum
2538 4485 2698 4538 non
2737 4468 2862 4538 est
2903 4469 3185 4539 natum
3227 4461 3432 4535 ferri
3477 4481 3522 4530 a

1976 4582 2261 4665 medio,
2325 4584 2452 4655 vel
2492 4583 2589 4655 ad
2647 4582 3016 4664 medium,
3084 4581 3271 4673 quia
3329 4581 3516 4654 dato

1970 4701 2182 4793 quod
2226 4699 2367 4781 sic,
2414 4705 2604 4775 tunc
2638 4699 2896 4792 ipsius
2939 4703 3210 4773 essent
3245 4698 3520 4791 plurcs

1966 4821 2245 4891 motus
2307 4815 2718 4911 simplices
2785 4817 3219 4890 secundum
3289 4819 3517 4888 na-tu

1974 4952 2178 5015 ram,
2255 4935 2461 5026 quod
2528 4940 2654 5010 est
2724 4939 3017 5008 contra
3086 4933 3515 5006 secundam

1968 5049 2643 5143 suppositionem.

2055 5168 2440 5252 SecundO,
2519 5173 2714 5243 nota
2759 5169 2964 5261 quod
3005 5171 3294 5244 coelum
3357 5189 3516 5245 non

1963 5287 2088 5356 est
2153 5302 2428 5375 grave,
2507 5305 2649 5358 nec
2721 5286 2918 5369 leve,
2987 5289 3193 5380 quod
3262 5295 3513 5382 patet,

1967 5397 2159 5493 quia
2217 5405 2409 5475 tunc
2469 5407 2755 5476 natum
2828 5408 2953 5478 est
3022 5404 3222 5478 ferri
3285 5411 3408 5481 vel
3466 5432 3512 5483 a

1966 5517 2250 5602 medio,
2297 5519 2424 5591 vel
2456 5518 2552 5592 ad
2594 5515 2967 5593 medium.

2056 5636 2199 5708 Sed
2250 5635 2689 5721 dubitatur,
2761 5661 3010 5731 quare
3068 5647 3189 5717 est
3252 5644 3506 5736 igitur
3570 5643 3798 5701 8⁰²21‘1'00

3598 1507 3827 1561 Quarta.
