4252 6393
244 4952 278 5006 ¹.

145 5016 250 5076 Ary.
295 5028 390 5084 pri.

211 5092 327 5137 ”¹8²2-

1684 438 2043 516 QUAEs‘rlo
2092 439 2166 502 111

351 596 626 675 balnea
684 602 971 695 juvent
1031 606 1125 678 ad
1166 602 1728 696 digestionem,
1801 606 1884 677 et

352 737 578 810 quam
612 729 648 793 ⁶?
739 725 835 797 Et
885 727 1162 798 utrum
1202 721 1546 815 digestio
1611 722 1884 795 termi-

350 842 581 911 netur
623 860 948 934 semper
986 843 1081 913 ad
1113 840 1468 913 formam
1514 842 1881 913 substan·
1921 828 1932 835 ’

351 953 647 1037 tialem,
716 957 842 1029 vel
904 956 1177 1050 aliqua
1238 964 1463 1030 non?
1554 962 1634 1031 et
1704 956 1881 1049 quis

357 1070 526 1144 finis
596 1074 707 1148 sit
783 1074 1287 1165 digestionis,
1341 1079 1422 1150 et
1482 1074 1881 1167 quomodo

353 1209 426 1260 se
490 1190 732 1266 habet
801 1194 893 1265 ad
983 1192 1668 1286 putrefactionem
1709 1198 1742 1263 ‘?
1803 1194 1882 1264 et

355 1310 621 1395 patent
717 1308 1169 1382 solutiones
1253 1308 1879 1401 problematum,

352 1421 714 1500 videlicet
749 1446 999 1517 quare
1058 1426 1137 1497 in
1183 1425 1413 1507 locis,
1457 1429 1537 1499 et
1580 1428 1882 1516 tempo-

359 1536 571 1612 ribus
630 1542 953 1633 frigidis
1022 1542 1404 1614 meliores
1471 1541 1672 1614 fiant
1730 1540 1882 1612 fre-

358 1663 686 1745 quenter
715 1659 1209 1751 digestiones
1234 1664 1269 1730 ⁴?
1305 1662 1405 1733 Et
1439 1658 1623 1750 quid
1655 1658 1886 1730 calor

359 1769 860 1859 innaturalis,
897 1780 1022 1851 vel
1085 1779 1542 1872 superfluus
1584 1777 1886 1850 efficiat

360 1886 431 1960 in
487 1894 1088 1985 digestionem?
1151 1900 1252 1971 Et
1310 1898 1515 1988 quod
1587 1894 1886 1987 aliquid

360 2008 562 2085 valet
593 2014 689 2086 ad
732 2014 1441 2095 accelerationem,
1493 2017 1572 2087 et
1641 2032 1884 2104 quan-

365 2117 597 2216 doque
674 2131 1340 2213 exsiccationem,
1404 2135 1483 2205 et
1545 2130 1886 2223 quando-

377 2253 507 2323 (er
544 2247 1274 2341 consumptionem,
1322 2249 1611 2321 saltem
1649 2266 1887 2340 appa-

386 2365 685 2447 rentem,
723 2371 803 2439 et
848 2370 1185 2460 propter
1221 2369 1427 2459 quod
1478 2364 1718 2439 stillae
1769 2383 1889 2435 as-

393 2475 564 2548 satae
608 2481 775 2573 jam
820 2487 1096 2565 coctae,
1134 2483 1258 2555 vel
1317 2503 1564 2575 prope
1617 2482 1887 2553 decoc-

405 2577 682 2680 tionem,
720 2605 911 2675 sunt
943 2599 1436 2692 frigidiores,
1463 2599 1587 2669 vel
1626 2599 1888 2669 minus

400 2699 629 2784 calidae
663 2717 909 2790 stillis
943 2738 1193 2811 prope
1236 2717 1728 2810 principium
1769 2719 1889 2789 de·

389 2820 789 2914 ⁰00ti0n1s3
859 2837 939 2907 et
1003 2837 1346 2927 propter
1408 2833 1589 2926 quid
1645 2834 1888 2926 patel-

386 2930 455 2985 (Ἦ
529 2937 869 3024 inferius
944 2956 1395 3045 tepescunt,
1486 2956 1575 3025 ut
1652 2952 1888 3043 coqui

362 3060 600 3140 manu
653 3072 993 3160 tangere
1055 3070 1372 3162 possint
1428 3069 1504 3141 in
1557 3069 1713 3140 fine
1769 3070 1889 3140 de-

373 3183 780 3273 coctionis,
836 3191 918 3260 et
980 3190 1323 3280 propter
1391 3185 1572 3278 quid
1616 3186 1891 3279 aliqua

382 3306 662 3390 digesta
745 3304 1347 3395 ingrossentur,
1453 3303 1616 3374 alia
1693 3324 1888 3374 vero

395 3420 888 3496 subtiliantur
957 3441 1115 3492 non
1167 3424 1576 3501 assatura,
1640 3424 1720 3493 ct
1769 3421 1889 3490 ‹le-

402 3542 598 3610 cocta
643 3541 761 3610 est
803 3537 1222 3629 gracilior,
1296 3537 1420 3608 vel
1483 3535 1886 3617 subtilior,

407 3652 471 3719 et
511 3649 757 3722 minor
814 3669 1057 3741 quam
1117 3648 1272 3721 fuit
1331 3652 1543 3729 ante,
1618 3653 1698 3722 et
1765 3670 1894 3741 po-

414 3779 517 3832 ma
551 3770 716 3838 sunt
784 3764 1103 3857 majora
1134 3764 1471 3856 digesta,
1516 3768 1596 3836 et
1639 3765 1892 3835 matu-

415 3895 508 3957 ra,
545 3901 762 3971 quam
814 3887 1002 3957 ante
1042 3882 1226 3954 dum
1272 3885 1459 3954 sunt
1510 3881 1782 3959 cruda,
1815 3882 1894 3951 et

414 3991 788 4088 indigesta;
824 4003 903 4072 et
936 3999 1230 4072 horum
1262 4020 1528 4071 causae
1571 4020 1895 4089 genora-

417 4108 506 4183 les
570 4137 656 4189 ex
718 4118 955 4192 dictis
1026 4117 1107 4189 in
1186 4116 1631 4209 quaestione
1709 4116 1895 4189 elici

415 4245 608 4318 posse
631 4234 1023 4308 videntur.

823 4539 1282 4622 QUAESTIO
1359 4540 1504 4610 III.

409 4734 606 4803 Uerum
680 4739 813 4805 sint
891 4748 1022 4803 tres
1092 4738 1337 4824 species
1402 4737 1906 4823 dt'qcsliomcm?

483 4937 570 5008 Et
630 4935 1010 5028 arguitur
1097 4933 1362 5027 primo
1443 4933 1647 5024 quod
1716 4952 1899 5010 non,

413 5051 572 5140 quia
628 5052 889 5126 omnis
958 5049 1304 5141 digestio
1369 5049 1587 5120 omni
1653 5048 1905 5139 diges-

413 5165 581 5241 tioni
642 5176 759 5245 est
822 5169 1179 5262 ejusdem
1241 5166 1537 5260 speciei
1598 5166 1907 5258 specia-

414 5280 744 5368 lissimae;
794 5287 1053 5378 igitur
1110 5305 1269 5356 non
1333 5287 1651 5357 tantum
1720 5286 1907 5355 sunt

421 5399 555 5471 tres
631 5405 934 5498 species
1019 5400 1524 5493 digestionis.
1620 5403 1907 5473 Conse-

428 5521 700 5601 quentia
743 5526 990 5616 patet,
1038 5519 1224 5611 quia
1281 5522 1471 5592 tunc
1523 5521 1739 5590 esset
1788 5537 1907 5588 so·

430 5624 562 5702 lum
589 5656 750 5709 una.
789 5637 938 5711 Sed
971 5635 1448 5708 antecedens
1482 5632 1904 5728 probatur,

3437 437 3559 501 249

1998 602 2189 694 quia
2228 601 2723 694 digestiones
2765 623 2926 675 non
2966 600 3373 683 differunt,
3420 602 3531 674 ni-

1997 720 2064 791 si
2101 720 2535 793 secundum
2581 721 2842 813 magis
2875 724 2955 794 et
3002 720 3293 803 minus,
3358 740 3533 813 quae

1994 857 2158 909 non
2198 837 2750 911 diversificant
2808 838 3184 930 speciem.
3241 839 3534 911 Proba-

1995 956 2156 1033 tur,
2212 973 2401 1024 nam
2446 953 2513 1026 si
2575 956 2835 1044 pasta,
2898 953 3024 1025 vel
3081 953 3532 1038 consimile,

1995 1068 2564 1145 humiditatem
2632 1070 2960 1152 habens,
3014 1071 3355 1145 nimium
3415 1074 3535 1145 de-

1994 1189 2403 1280 coquitur,
2485 1193 2566 1264 et
2645 1190 3026 1263 continue
3097 1190 3536 1265 humiditas

1996 1312 2534 1382 consumatur
2604 1330 2854 1401 usque
2911 1310 3006 1382 ad
3056 1310 3535 1384 exsiccatio-

1975 1449 2206 1511 nem,
2255 1434 2334 1503 ct
2384 1432 2911 1513 assationem,
2957 1435 3037 1504 et
3107 1431 3376 1524 primo
3429 1432 3537 1505 sit

1996 1544 2350 1627 bullitio,
2411 1548 2537 1619 vel
2603 1548 2967 1629 elixatio,
3020 1552 3101 1622 et
3156 1549 3539 1622 continue

2003 1666 2273 1735 manet
2344 1664 2716 1745 mutatio,
2770 1668 2851 1737 et
2917 1665 3063 1739 fiat
3106 1668 3290 1758 post
3322 1685 3538 1737 assa-

1999 1777 2144 1858 tio,
2220 1782 2345 1852 est
2414 1800 2569 1851 una
2635 1781 2946 1874 species
2999 1782 3414 1864 continua,
3459 1787 3540 1855 et

1999 1913 2160 1966 non
2192 1895 2575 1971 differunt
2606 1898 2764 1971 nisi
2808 1899 3239 1971 secundum
3279 1901 3540 1990 magis

2001 2015 2082 2084 et
2126 2012 2422 2095 minus,
2502 2014 2691 2106 quia
2770 2014 2996 2108 prius
3054 2014 3210 2090 fuit
3278 2018 3540 2107 magis

2000 2125 2329 2201 humida
2376 2133 2753 2213 mutatio,
2808 2136 2889 2205 et
2950 2135 3233 2225 postea
3276 2132 3540 2205 minus

2003 2244 2249 2326 sicca,
2323 2250 2403 2320 et
2482 2252 2768 2340 postea
2837 2250 3143 2339 magis;
3217 2253 3296 2323 et
3366 2250 3540 2322 ideo

2008 2362 2275 2434 minus
2335 2363 2617 2447 calide,
2655 2366 2736 2437 in
2780 2366 2936 2438 fine
2979 2366 3265 2457 magis,
3302 2370 3382 2440 et
3426 2368 3541 2439 sic

2004 2498 2166 2549 non
2224 2478 2546 2553 videtur
2630 2480 2761 2552 hic
2829 2481 3312 2564 differentia,
3383 2482 3543 2555 nisi

2005 2595 2442 2666 secundum
2489 2598 2752 2687 magis
2801 2602 2884 2671 et
2955 2598 3247 2679 minus,
3294 2602 3376 2673 et
3444 2597 3543 2670 si-

2007 2710 2319 2783 militer
2393 2716 2517 2785 est
2597 2713 2675 2785 in
2737 2715 3135 2796 omnibus,
3193 2719 3280 2790 ut
3322 2719 3546 2808 patet

2004 2828 2596 2910 consideranti;
2673 2831 2956 2921 igitur,
3020 2836 3175 2905 etc.
3239 2832 3542 2906 Confir-

2007 2946 2309 3026 matur,
2382 2946 2574 3037 quia
2669 2948 2750 3018 in
2828 2949 3270 3030 assatione,
3369 2969 3545 3040 quae

2003 3064 2224 3133 esset
2314 3062 2546 3152 quasi
2619 3063 2929 3154 species
2995 3064 3384 3137 distincta
3448 3066 3546 3136 ab

2003 3174 2475 3260 elixatione,
2542 3178 2609 3250 si
2667 3178 3034 3254 differret
3110 3182 3401 3273 specie,
3465 3185 3546 3255 et

2001 3299 2219 3368 esset
2285 3296 2559 3390 plu-res
2593 3299 2903 3388 species
2952 3298 3222 3380 simul,
3259 3300 3375 3371 sic
3415 3301 3547 3372 cli-

2004 3412 2260 3483 xatio.
2304 3413 2718 3495 Probatio,
2760 3416 2951 3505 quia
3010 3420 3293 3507 partes
3352 3417 3546 3489 inte-

2007 3525 2273 3598 riores
2316 3527 2396 3599 in
2454 3527 2779 3601 humido
2846 3530 3114 3601 alieno
3184 3532 3544 3624 partium

2007 3647 2423 3716 extraneae
2465 3646 3072 3737 decoquuntur;
3114 3646 3373 3739 igitur
3410 3648 3546 3721 eli·

2005 3767 2334 3836 xantur.
2434 3766 3031 3854 Consequentia
3125 3769 3349 3858 patet
3470 3770 3550 3841 et

2007 3880 2515 3959 antecedens,
2613 3880 2802 3969 quia
2905 3878 3321 3955 humidum
3420 3906 3548 3956 ex-

2009 4000 2488 4070 tranearum
2560 3997 2920 4087 partium
2990 3997 3309 4088 fugiens
3368 4021 3550 4072 con-

2012 4114 2368 4185 trarium
2439 4115 2788 4186 calidum
2861 4116 3288 4188 exsiccans
3368 4139 3551 4190 con-

2013 4231 2387 4319 greditur
2451 4251 2741 4302 versus
2802 4232 3232 4316 interiora,
3286 4237 3368 4308 et
3435 4236 3552 4308 ita

2012 4345 2581 4437 decoquuntur
2614 4369 2797 4420 cum
2840 4349 3141 4423 calore.
3182 4351 3354 4424 Hoc
3398 4356 3552 4446 sig-

2018 4480 2211 4533 num
2246 4467 2396 4545 est,
2439 4466 2643 4555 quod
2678 4466 2907 4557 ponit
2948 4469 3439 4543 Aristoteles
3474 4473 3555 4546 in

2018 4580 2326 4663 littera,
2383 4581 2587 4672 quod
2631 4587 2911 4656 assata
2944 4589 3131 4659 sunt
3164 4584 3556 4663 humidio-

2021 4717 2113 4768 ra
2175 4697 2256 4768 in
2292 4698 2670 4771 terminis
2706 4700 3060 4784 elixatiS,
3098 4707 3179 4776 et
3218 4704 3334 4777 sic
3375 4726 3556 4798 pro-

2019 4814 2264 4887 batur
2308 4833 2454 4906 per
2516 4816 3007 4907 oppositum,
3055 4819 3289 4909 quasi
3351 4822 3558 4911 quod

2019 4931 2363 5003 elixatio
2402 4936 2618 5004 esset
2653 4933 2965 5006 assatio
3034 4937 3393 5027 partium
3448 4939 3557 5011 in-

2020 5047 2452 5121 teriorum.

2112 5166 2479 5238 Secundo
2515 5168 2606 5238 ad
2653 5168 2869 5250 illud,
2909 5171 3097 5262 quia
3130 5172 3255 5242 vel
3289 5177 3560 5246 essent

2021 5287 2338 5356 tantum
2385 5287 2553 5356 tres
2597 5285 2676 5355 in
2730 5305 3049 5374 genere,
3097 5290 3388 5380 specie,
3436 5291 3561 5362 vel

2016 5421 2417 5472 numero:
2486 5402 2618 5472 sed
2686 5403 2909 5474 nullo
2962 5405 3237 5485 modo;
3278 5406 3557 5496 igitur,

2021 5519 2179 5589 etc.
2228 5516 2500 5609 Major
2536 5521 2760 5610 patet
2792 5540 2890 5590 ex
2926 5517 3360 5593 sufficienti
3413 5523 3563 5595 dis-

2025 5631 2467 5716 tinctione3
2505 5636 2586 5709 et
2624 5635 2893 5707 minor
2935 5635 3360 5727 probatur,
3405 5658 3566 5714 non

3597 5211 3905 5289 Securidum
