4252 6393
1672 379 2038 458 QUAESTIO
2087 383 2190 446 XV

359 539 559 616 nitio
596 540 948 615 interior
977 543 1068 615 de
1112 563 1222 624 se,
1273 541 1399 614 vel
1444 543 1535 615 de
1570 542 1738 616 suis
1774 541 1907 614 ha-

355 657 679 741 bitibus,
717 657 814 730 ab
844 657 1006 731 isto
1051 678 1291 732 sensu
1330 658 1709 733 interiori
1746 680 1906 732 mo-

352 773 447 846 do
490 774 963 868 supradicto
1011 799 1026 844 ε
1072 779 1421 868 utraque
1465 778 1682 850 enim
1728 796 1908 869 cog-

353 890 557 965 nitio
589 891 1073 973 discursiva,
1110 897 1234 967 est
1291 893 1765 986 inquis‘tiva
1816 894 1908 964 de

354 1029 459 1091 se,
499 1008 689 1101 quia
728 1012 878 1083 est.
915 1010 1161 1083 Tenet
1205 1009 1683 1093 similitudo,
1723 1010 1912 1102 quia

353 1129 432 1198 et
473 1129 829 1217 utraque
875 1125 1243 1219 procedit
1283 1127 1374 1200 de
1429 1125 1909 1221 imperfecto

352 1240 445 1314 ad
489 1241 974 1333 perfectum.

441 1358 692 1434 Ratio
735 1358 981 1451 hujus
1032 1364 1158 1435 est
1207 1359 1494 1442 etiam;
1572 1361 1762 1453 quia
1830 1360 1912 1432 in

353 1480 716 1571 quolibet
758 1502 1146 1575 processu
1201 1482 1565 1557 naturali
1617 1481 1912 1575 princi-

355 1596 486 1689 pia
559 1601 749 1673 sunt
804 1602 1059 1682 certa,
1121 1598 1309 1681 fixa,
1382 1604 1463 1674 et
1548 1598 1903 1685 notoria,

353 1710 566 1788 sicut
615 1713 868 1787 etiam
914 1714 992 1787 in
1039 1714 1431 1789 scientiis.
1480 1716 1713 1788 Patet
1757 1713 1910 1787 hoc

353 1830 432 1901 in
506 1829 1063 1914 naturalibus,
1141 1830 1330 1925 quia
1399 1835 1720 1905 certum
1785 1833 1912 1904 est

352 1945 879 2040 principium,
945 1951 1026 2022 et
1085 1951 1314 2021 certo
1378 1946 1574 2020 sciri
1640 1949 1913 2041 potest

351 2064 891 2138 seminarium
920 2086 1019 2138 ex
1063 2085 1220 2157 quo
1262 2064 1354 2138 fit
1384 2064 1557 2147 bos,
1600 2063 1907 2144 asinus,

351 2180 564 2264 faba,
635 2181 1047 2264 triticum,
1127 2181 1255 2254 vel
1313 2180 1556 2253 homo
1627 2205 1640 2247 :
1705 2180 1911 2254 etin

353 2319 436 2369 se
487 2297 732 2372 habet
790 2297 1279 2372 evidentiam
1344 2296 1771 2388 majorem,
1831 2298 1911 2368 et

354 2414 748 2507 priorem,
817 2434 1058 2507 quam
1119 2413 1288 2496 illa,
1354 2434 1528 2506 quae
1596 2434 1694 2485 ex
1761 2412 1912 2485 tali

357 2530 668 2603 semine
717 2529 945 2605 fiunt.
997 2530 1264 2624 Igitur
1316 2528 1533 2610 illud,
1597 2549 1695 2600 ex
1755 2548 1910 2620 quo

357 2647 730 2739 procedit
763 2647 1128 2730 scientia,
1178 2650 1506 2741 oportet
1550 2646 1753 2738 quod
1804 2644 1910 2719 sit

356 2761 617 2852 prius,
652 2766 733 2836 et
767 2762 1027 2856 magis
1077 2766 1366 2835 notum
1413 2761 1492 2832 in
1534 2781 1650 2842 se;
1699 2759 1913 2834 sicut

355 2898 646 2951 sensus
679 2879 903 2952 circa
935 2879 1314 2952 sensibile
1357 2877 1910 2953 extrinsecum

354 2999 477 3070 est
536 2996 1081 3078 certissimus,
1141 3001 1222 3071 et
1264 2995 1505 3069 habet
1546 2993 1910 3068 rationes

352 3114 727 3188 notiores
809 3117 1182 3208 respectu
1274 3111 1634 3186 omnium
1718 3110 1911 3182 alio-

356 3251 573 3315 rum,
662 3231 876 3306 sicut
967 3252 1052 3303 se
1120 3230 1361 3303 habet
1420 3227 1772 3301 materia
1834 3228 1912 3298 in

353 3347 704 3430 artibus,
765 3351 848 3423 et
907 3347 1121 3421 sicut
1180 3368 1264 3419 se
1334 3346 1572 3419 habet
1643 3344 1913 3417 funda-

354 3467 728 3539 mentum
772 3464 850 3537 in
883 3464 1243 3558 quolibet
1276 3483 1665 3557 processu
1710 3461 1912 3533 ordi-

354 3586 620 3663 nato;
703 3600 901 3674 ergo
983 3580 1370 3654 similiter
1443 3580 1522 3652 in
1589 3578 1909 3659 notitia,

359 3718 610 3789 quarn
652 3698 1011 3790 acquirit
1062 3698 1155 3771 de
1209 3719 1293 3770 se
1351 3696 1649 3778 anima,
1705 3699 1785 3769 et
1825 3695 1916 3767 de

358 3814 531 3887 suis
596 3812 1031 3897 habitibus,
1098 3817 1427 3908 oportet
1479 3813 1685 3906 quod
1727 3811 1916 3885 inci·

361 3928 535 4021 piat
575 3949 622 4001 a
656 3929 944 4022 priori,
981 3929 1490 4011 evidentiori,
1537 3932 1617 4002 et
1657 3926 1918 4000 notio-

359 4044 459 4117 ri.
517 4046 773 4121 Actus
826 4052 1098 4122 autem
1147 4046 1413 4122 nostri
1479 4045 1917 4120 interiores

360 4166 554 4236 sunt
620 4161 1082 4256 hujusmodi
1153 4166 1526 4257 respectu
1596 4161 1913 4241 animae,

358 4280 440 4351 et
508 4276 866 4363 habitus,
942 4280 1134 4372 quia
1203 4280 1513 4353 certius
1595 4278 1922 4351 intueor

359 4420 486 4472 me
520 4399 732 4473 velle
791 4401 872 4471 et
916 4398 1404 4491 intelligere,
1453 4417 1693 4489 quam
1739 4415 1920 4486 cog-

357 4535 703 4592 noscam
743 4516 1253 4589 voluntatem
1319 4533 1606 4595 meam,
1666 4517 1745 4585 et
1813 4512 1918 4583 in-

363 4632 814 4713 tellectum,
915 4635 994 4704 et
1055 4632 1226 4704 ideo
1287 4629 1650 4723 cognitio
1712 4629 1921 4720 ipso-

367 4769 555 4821 rum
637 4749 1019 4841 praeeedit
1110 4768 1430 4821 ornnem
1519 4745 1920 4838 cognitio-

366 4884 583 4937 nem.
650 4868 751 4940 Et
804 4886 968 4938 non
1027 4864 1395 4958 intelligo
1464 4867 1578 4954 (ut
1646 4863 1923 4936 dicunt

369 4981 658 5074 aliqui)
713 4983 919 5074 quod
979 4985 1239 5065 actus,
1304 4980 1591 5073 quibus
1654 4978 1921 5072 quaeli-

367 5098 502 5175 bet
542 5099 819 5172 anima
865 5098 1289 5173 deducitur
1347 5098 1426 5169 in
1479 5097 1603 5169 sui
1664 5097 1922 5189 ipsius

368 5215 783 5299 notitiam,
829 5215 1096 5288 solum
1148 5216 1311 5289 sint
1370 5219 1603 5288 actus
1666 5213 1923 5288 eliciti

370 5330 469 5402 ab
538 5328 1151 5424 imaginatione,
1223 5329 1351 5402 vel
1417 5350 1462 5402 a
1525 5328 1918 5410 sensibus,

372 5445 565 5538 quia
648 5450 817 5522 tam
893 5467 1042 5541 per
1116 5452 1351 5521 actus
1428 5445 1918 5526 exteriores,

373 5582 620 5656 quam
678 5583 824 5655 per
887 5562 1328 5636 interiores
1390 5564 1513 5650 (ut
1571 5562 1734 5633 dixi
1798 5583 1923 5632 su-

3431 387 3551 449 550

2021 564 2172 638 pra
2201 549 2249 635 ⁶)
2290 545 2564 618 anima
2599 550 2865 640 potest
2895 547 3270 622 devenire
3310 549 3390 622 in
3434 570 3566 623 no·
3596 577 3615 599 ·
3641 592 3782 629 num.
3816 576 3899 631 ιο.

2023 660 2295 734 titiam
2338 662 2487 734 sui.
3625 648 3846 708 ‘²⁸⁰³sp

2111 780 2333 860 Quod
2375 784 2647 853 autem
2690 781 2881 855 dicit
2928 784 3314 875 praedicta
3358 784 3569 878 posi·
3700 816 3796 866 22.

2024 894 2168 977 tio,
2217 897 2423 988 quod
2462 918 2644 970 cum
2676 898 2767 970 de
2808 899 3082 973 anima
3122 901 3411 994 duplex
3444 923 3570 974 co-

2024 1012 2284 1104 gnitio
2337 1012 2759 1096 habeatur,
2814 1016 3213 1101 videlicet,
3258 1023 3419 1108 quia
3450 1033 3565 1103 esc,

2025 1133 2104 1202 et
2149 1134 2313 1219 quid
2358 1147 2487 1214 οδω
2531 1133 2917 1206 similiter
2961 1135 3252 1228 duplex
3304 1138 3571 1229 cogni-

2027 1244 2143 1318 tio
2175 1249 2299 1320 cst
2330 1248 2420 1320 de
2453 1247 2860 1324 habitibus
2899 1277 2913 1320 :
2962 1252 3151 1344 quia
3192 1273 3375 1337 una,
3415 1274 3573 1346 qua

2025 1365 2450 1453 cognoscit
2486 1366 2690 1457 quiS,
2730 1387 2831 1438 an
2863 1366 3191 1442 habitus
3229 1369 3419 1444 insit
3454 1368 3569 1443 ei:

2024 1477 2213 1560 alia,
2288 1499 2444 1570 qua
2511 1484 2938 1573 cognoscit
3000 1485 3183 1576 quid
3244 1486 3432 1570 sint,
3496 1490 3574 1559 et

2026 1595 2233 1686 quod
2314 1596 2434 1668 hae
2502 1599 2675 1670 duae
2753 1601 3260 1692 cognitiones
3329 1603 3575 1678 aliter

2027 1712 2513 1787 ordinantur
2579 1716 2803 1789 circa
2868 1717 3254 1802 animam,
3330 1720 3574 1795 aliter

2023 1827 2249 1901 circa
2301 1828 2622 1904 habitus
2667 1859 2682 1904 ε
2729 1854 2918 1905 nam
2971 1834 3361 1926 cognitiO,
3419 1857 3574 1929 qua

2025 1945 2204 2037 quis
2245 1949 2667 2040 cognoscit
2702 1971 2788 2022 se
2826 1948 3124 2024 habere
3176 1950 3568 2036 habitum,

2026 2065 2583 2156 praesupponit
2626 2065 3198 2159 cognitionem,
3251 2089 3407 2160 qua
3447 2090 3571 2143 co-

2023 2181 2452 2268 gnoscitur
2493 2182 2677 2274 quid
2712 2183 2818 2257 sit
2850 2183 3198 2270 habituS,
3263 2208 3424 2261 non
3457 2188 3572 2261 sic

2023 2298 2148 2368 est
2179 2296 2271 2368 de
2305 2297 2600 2370 anima.
2642 2299 2845 2383 Quia
2889 2302 3122 2377 multi
3177 2303 3446 2379 sciunt
3488 2326 3572 2378 se

2023 2410 2318 2486 habere
2352 2416 2735 2499 animam,
2782 2422 2860 2492 et
2894 2421 3170 2493 tamen
3200 2421 3573 2498 nesciunt

2025 2528 2206 2618 quid
2242 2531 2349 2605 sit
2382 2533 2678 2606 anima.
2718 2537 2961 2609 Ratio
2996 2537 3091 2610 ad
3123 2537 3274 2613 hoc
3306 2540 3573 2633 patuit

2026 2664 2276 2737 supra
2316 2650 2338 2673 ·
2380 2649 2458 2720 in
2501 2650 2975 2743 quaestione.

2115 2763 2285 2837 Hoc
2321 2769 2581 2838 totum
2625 2767 2948 2842 videtur
2987 2790 3167 2844 esse
3207 2769 3504 2845 falsum
3550 2797 3565 2842 ε
3602 2791 3692 2839 An
3722 2791 3883 2854 prius

3601 2651 3619 2674 ⁸
3649 2669 3796 2709 nunu
3845 2656 3891 2708 1.

2024 2878 2317 2971 primo,
2394 2881 2543 2957 hoc
2600 2889 2725 2958 est
2792 2891 3086 2960 contra
3150 2888 3564 2981 experien-
3614 2866 3895 2965 55372‘22'3233

2023 2994 2223 3068 tiam
2270 3022 2283 3066 :
2331 3017 2519 3070 nam
2562 3003 2791 3076 actus
2833 3003 3245 3078 castitatis
3296 3008 3565 3098 potest
3611 2979 3887 3039 'mquam

3618 3047 3773 3089 aolus
3797 3047 3876 3089 αθ

2022 3111 2326 3185 duobus
2371 3114 2626 3190 modis
2676 3137 2724 3189 a
2784 3139 2910 3192 me
2960 3122 3377 3215 cognosci;
3441 3124 3569 3196 vel
3595 3099 3692 3151 ‘⁸¹⁰
3729 3117 3921 3164 ’‘m“

3681 3164 3828 3215 dens.

2026 3229 2105 3301 in
2144 3233 2464 3307 ratione
2514 3239 2772 3318 actus,
2819 3258 2994 3329 quae
3036 3242 3161 3313 est
3212 3242 3572 3332 quaedam

2025 3347 2321 3421 notitia
2353 3350 2713 3435 confusa,
2761 3354 2839 3424 et
2874 3354 2989 3427 sie
3020 3358 3575 3447 cognoscendo

2026 3467 2335 3547 actum,
2417 3486 2823 3559 cognosco
2902 3469 3154 3544 ctiam
3222 3472 3574 3564 aliquem

2027 3578 2397 3654 habitum
2430 3583 2512 3655 in
2548 3604 2671 3656 me
2705 3606 2881 3658 esse
2916 3587 3147 3661 modo
3180 3587 3516 3662 confuso
3555 3614 3569 3657 ε

2028 3697 2156 3768 vel
2200 3697 2679 3789 inquantum
2722 3701 2912 3775 talis
2955 3705 3215 3788 actus,
3264 3708 3571 3799 utpote,

2030 3811 2439 3884 abstinere
2473 3814 2570 3886 ab
2613 3815 2830 3888 omni
2862 3815 3398 3892 delectatione
3429 3821 3577 3893 cir-

2030 3948 2126 4002 ca
2172 3950 2520 4004 venerea
2564 3958 2578 4014 ;
2625 3935 2701 4005 et
2743 3934 2900 4009 isto
2972 3937 3203 4010 modo
3245 3957 3578 4030 cognos-

2031 4056 2279 4128 cendo
2350 4062 2624 4132 actum
2704 4061 3092 4153 perfecte,
3168 4082 3575 4156 cognosco

2033 4181 2423 4256 similiter
2501 4185 2686 4277 quid
2766 4186 2872 4261 sit
2947 4188 3138 4263 talis
3225 4187 3574 4263 habitus.

2032 4308 2333 4381 Tamen
2382 4310 2679 4385 notitia
2733 4312 2824 4385 de
2882 4316 3094 4398 actu,
3170 4316 3374 4407 quod
3444 4316 3576 4398 sit,

2037 4435 2422 4525 praeeedit
2452 4436 2837 4511 notitiam
2868 4439 3117 4514 etiam
3149 4441 3240 4514 de
3271 4441 3574 4525 habitu,

2036 4560 2243 4649 quod
2284 4561 2391 4634 sit
2426 4562 2704 4635 ordine
2736 4569 3054 4639 naturae
3089 4593 3105 4635 ε
3140 4589 3324 4640 cum
3366 4568 3580 4642 enim

2034 4686 2207 4772 qnod
2236 4687 2399 4773 qaid
2434 4700 2547 4769 est,
2594 4689 3123 4777 cognoscitur
3161 4692 3253 4764 de
3298 4691 3581 4768 habitu

2037 4830 2182 4902 per
2215 4815 2445 4883 actus
2488 4816 2567 4885 et
2613 4812 2932 4903 objecta
2973 4816 3090 4903 (ut
3134 4817 3331 4893 dicit
3366 4820 3581 4911 posi-

2033 4936 2154 5008 tio
2200 4936 2368 5027 illa)
2417 4938 2762 5021 videtur,
2824 4942 3031 5031 quod
3089 4944 3319 5035 prius
3383 4946 3582 5018 scia-

2037 5066 2175 5136 tur
2233 5062 2323 5134 de
2382 5068 2567 5137 actu
2633 5064 2909 5138 ordine
2977 5070 3322 5151 naturae,
3397 5071 3583 5162 quia

2035 5191 2160 5261 est
2206 5212 2221 5257 :
2280 5189 2625 5262 secundo
2671 5210 2770 5261 ex
2809 5190 2962 5265 hoc
3015 5193 3276 5267 scitur
3321 5195 3414 5268 de
3449 5193 3583 5267 ha-

2041 5310 2203 5387 bitu
2249 5313 2437 5405 quia
2469 5318 2619 5397 est,
2664 5318 2741 5387 et
2777 5317 2983 5408 quod
3019 5317 3099 5389 in
3129 5318 3359 5391 nobis
3400 5323 3524 5393 est
3561 5347 3574 5389 :

2033 5440 2285 5512 tertio
2340 5439 2601 5513 scitur
2646 5441 2830 5534 quid
2872 5441 2977 5515 sit
3019 5447 3297 5517 aetus:
3348 5467 3580 5538 quar-

2035 5568 2119 5636 to
2157 5565 2338 5657 quid
2386 5564 2489 5637 sit
2531 5565 2881 5640 habitus.
2929 5568 3107 5640 Non
3154 5590 3353 5662 ergo
3397 5571 3576 5665 plus
