4252 6393
142 3447 235 3486 'um-

1546 449 1910 528 QUAESTIO
1956 456 2092 518 xlv

283 598 592 674 infinitae
635 605 944 697 species
1009 627 1541 684 numerorum
1599 618 1680 688 et
1720 614 1801 685 fi-

279 734 679 806 gurarum,
727 719 1046 798 habebit
1082 725 1441 802 infinitas
1493 731 1803 823 species

278 836 471 913 actu,
507 855 669 907 non
703 837 966 910 solum
1021 847 1392 936 respectu
1450 846 1802 939 singula-

281 947 498 1031 rium,
537 953 670 1024 sed
711 953 961 1030 etiam
1024 965 1399 1053 respectu
1456 963 1805 1055 objecto-

278 1083 442 1136 rum
500 1069 766 1159 specie
805 1071 1378 1161 differentium,
1442 1100 1625 1153 cum
1697 1081 1804 1154 sit

279 1179 349 1250 in
381 1184 739 1272 potentia
780 1187 875 1260 ad
910 1191 1181 1264 omnia
1223 1192 1799 1287 intelligibilia.

363 1298 586 1382 Item,
640 1322 738 1373 ex
782 1308 1128 1380 secunda
1169 1310 1627 1387 conditione
1676 1333 1803 1386 ar-

143 1394 512 1501 ”m’guunt
596 1416 734 1500 ita,
824 1421 1178 1497 ducendo
1267 1428 1362 1501 ad
1433 1423 1803 1503 inconve-

276 1526 509 1613 niens,
598 1534 909 1611 scilicet
1034 1543 1241 1632 quod
1337 1545 1799 1621 intellectus

271 1661 662 1736 nunquam
731 1651 1031 1745 aliquid
1124 1657 1534 1754 intelligit.
1608 1668 1800 1738 Cer-

273 1764 429 1833 tum
484 1768 636 1847 est,
684 1771 889 1858 quod
934 1771 1394 1850 intellectus
1438 1780 1797 1874 aliquan-

269 1877 354 1950 do
404 1899 564 1952 non
597 1881 982 1979 intelligit
1025 1891 1551 1983 quidditatcm
1602 1900 1798 1995 lapi-

268 1992 432 2077 dis;
483 2018 684 2090 ergo
737 2008 1062 2095 oportet
1113 2012 1319 2100 quod
1365 2016 1802 2092 reducatur

270 2110 355 2182 ad
386 2118 658 2188 actum
697 2117 1192 2214 intelligendi
1226 2127 1610 2238 lapidem;
1640 2156 1801 2208 non

274 2246 406 2318 per
436 2232 812 2323 speciem,
861 2240 1048 2330 quia
1088 2265 1270 2317 eum
1305 2246 1446 2320 illa
1478 2271 1802 2345 semper

272 2341 671 2433 insermet,
710 2373 1033 2447 semper
1073 2360 1167 2432 ad
1200 2367 1474 2437 actum
1508 2366 1800 2442 intelli-

268 2462 485 2549 gendi
551 2466 1015 2555 reduceret;
1082 2494 1226 2549 nec
1316 2500 1461 2572 per
1536 2482 1799 2578 ipsam

270 2594 454 2660 rem,
500 2579 884 2671 quianon
928 2595 1255 2681 oportet
1326 2598 1532 2687 quod
1595 2599 1801 2694 lapis

270 2691 366 2764 sit
404 2696 591 2768 actu
655 2699 752 2771 ad
810 2699 988 2785 hoc,
1053 2710 1258 2798 quod
1337 2712 1800 2792 intellectus

268 2827 438 2880 eum
482 2810 947 2906 intelligat;
985 2840 1186 2914 ergo
1221 2826 1287 2898 si
1333 2832 1643 2923 species
1677 2840 1804 2912 est

272 2925 474 3000 ratio
547 2927 1076 3025 intelligendi,
1168 2963 1314 3016 nec
1397 2951 1523 3022 est
1607 2950 1802 3025 dare

271 3045 659 3130 quomodo
736 3049 1081 3126 ducatur
1172 3056 1636 3139 intellectus
1711 3069 1803 3143 de

370 3392 671 3479 Tertio,
727 3402 1108 3493 arguitur
1173 3429 1272 3480 ex
1343 3417 1578 3504 parte
1638 3439 1806 3511 spe-

272 3507 412 3583 ciei
473 3511 552 3583 in
605 3535 689 3586 se
719 3519 1279 3609 consideratae,
1324 3529 1677 3606 ducendo
1711 3540 1807 3612 ad

267 3622 458 3699 hoc
439 3636 1039 3722 inconvenienS,
1095 3647 1299 3734 quod
1344 3648 1806 3729 intellectus

266 3741 469 3820 forte
514 3758 791 3842 posset
850 3754 1056 3832 hanc
1101 3763 1451 3854 speciem
1513 3769 1805 3847 intelli-

269 3877 473 3950 gere,
567 3868 702 3941 sed
779 3891 923 3964 per
985 3874 1214 3951 illam
1310 3882 1511 3957 nihil
1590 3889 1806 3964 aliud

271 3986 537 4067 posset
598 3985 1083 4080 intelligere,
1150 3996 1324 4070 sic:
1373 4001 1617 4075 Ratio
1694 4006 1804 4079 in·-

272 4095 673 4189 telligendi
729 4107 999 4196 potest
1055 4114 1264 4186 sumi
1325 4118 1612 4202 active,
1677 4125 1804 4197 vel

272 4217 606 4302 passive.
653 4220 939 4296 Active
982 4233 1396 4317 sumendo,
1442 4241 1563 4309 est
1609 4240 1803 4316 illud

273 4347 405 4418 per
471 4338 686 4426 quod
745 4339 1206 4419 intellectus
1276 4351 1498 4428 elicit
1565 4361 1807 4432 extra

273 4454 846 4541 operationem,
896 4465 1102 4553 quod
1134 4472 1259 4541 est
1295 4473 1803 4570 potentia1p-

271 4581 353 4634 sa
393 4567 894 4649 intellectiva
961 4579 1043 4651 in
1096 4584 1390 4658 anima.
1471 4592 1806 4667 Passive

270 4686 665 4770 sumendo,
744 4692 1059 4770 scilicet
1155 4721 1254 4771 ex
1326 4711 1560 4795 parte
1628 4710 1806 4801 ejus

269 4800 467 4885 quod
507 4802 1025 4899 intelligitur,
1073 4820 1198 4890 est
1243 4817 1338 4901 id,
1379 4843 1534 4913 quo
1575 4824 1804 4899 intel-

272 4909 562 5003 ligibile
595 4922 1116 5017 intelligitur.
1168 4934 1542 5012 Potentia
1586 4943 1804 5015 enim

273 5026 759 5112 intellectiva
810 5046 936 5116 est
986 5066 1232 5120 causa
1288 5053 1579 5139 activa,
1620 5060 1811 5151 quia

272 5144 529 5223 anima
563 5154 996 5231 rationalis
1055 5184 1139 5235 se
1185 5164 1470 5258 ipsam,
1517 5176 1597 5246 et
1643 5175 1811 5248 alia

273 5256 696 5360 intelligit;
773 5275 931 5358 sed,
993 5281 1313 5369 passive
1377 5285 1802 5379 loquendO,

272 5373 440 5466 ipsa
496 5387 946 5464 substantia
1007 5397 1298 5472 animae
1330 5421 1489 5476 non
1541 5410 1812 5498 potest

269 5510 441 5568 esse
514 5504 724 5578 ratio
770 5506 1297 5604 intelligendi
1359 5520 1564 5605 alia;
1632 5524 1812 5598 sola

274 5609 482 5685 enim
508 5616 772 5693 divina
804 5627 1189 5714 essentia,
1218 5634 1406 5725 quia
1427 5643 1551 5712 est
1584 5662 1811 5715 crea-

3333 470 3445 542 531

1917 613 2086 688 tiva
2120 620 2481 694 omnium
2534 645 2837 711 rerum,
2880 631 3005 702 est
3080 649 3328 706 causa
3383 635 3463 710 et

1917 733 2134 805 ratio
2168 734 2436 810 divino
2471 738 2920 819 intellectui
2963 746 3464 843 intelligendi

1918 851 2217 937 omnia,
2266 853 2338 927 id
2387 861 2535 939 est,
2593 861 2824 935 modo
2892 865 3248 958 passivo.
3314 870 3461 944 Sed

1917 968 2375 1045 substantia
2450 975 2766 1061 animae,
2841 980 3029 1072 quia
3098 1003 3260 1056 non
3335 988 3462 1060 est

1913 1082 2269 1157 aliorum
2339 1109 2611 1174 causa,
2654 1114 2842 1167 -non
2922 1100 3193 1191 potest
3279 1121 3459 1173 esse

1917 1203 2245 1292 passivo
2284 1209 2514 1282 modo
2544 1230 2815 1296 causa,
2846 1213 3016 1287 sive
3051 1215 3265 1290 ratio
3317 1239 3455 1292 seu

1918 1320 2268 1394 medium
2339 1325 2862 1421 intelligendi,
2928 1331 3052 1403 vel
3122 1352 3460 1424 cognos-

1914 1437 2140 1508 cendi
2182 1438 2346 1513 alia
2387 1463 2433 1513 a
2476 1465 2560 1515 se
2604 1468 2620 1514 :
2665 1466 2864 1537 ergo
2896 1448 3173 1521 eadem
3210 1451 3459 1525 ratio-

1913 1570 2035 1635 ne,
2089 1556 2368 1629 eadem
2411 1561 2718 1651 species
2764 1583 2937 1654 quae
2990 1564 3327 1656 ponitur
3377 1566 3458 1640 in

1916 1669 2332 1747 intellectu
2402 1696 2564 1750 non
2626 1683 2893 1770 potest
2943 1704 3123 1755 esse
3181 1703 3452 1768 causa,

1913 1807 2051 1859 seu
2088 1788 2303 1862 ratio
2340 1793 2660 1884 passive
2695 1801 3257 1888 cognoscendi,
3297 1802 3455 1878 nisi

1910 1924 2021 1977 se.

2001 2024 2119 2094 Ex
2174 2029 2408 2116 parte
2476 2032 2709 2102 actus
2779 2038 3136 2125 arguunt
3202 2036 3450 2111 etiam

1912 2138 2383 2232 tripliciter,
2449 2148 2880 2219 secundum
2949 2152 3121 2224 tres
3191 2153 3454 2228 condi-

1913 2255 2179 2329 tiones
2221 2262 2450 2331 actus
2486 2260 2984 2354 intelligendi
3031 2295 3045 2339 :
3080 2271 3202 2342 est
3244 2271 3459 2343 enim

1915 2371 2107 2445 talis
2150 2378 2383 2448 actus
2420 2376 2603 2468 quid
2635 2379 3221 2468 voluntarium,
3270 2388 3457 2479 quid

1913 2491 2006 2562 de
2099 2510 2397 2582 genere
2494 2494 3195 2585 intellectualium,
3279 2505 3462 2596 quid

1914 2605 2164 2680 etiam
2211 2609 2585 2684 relatum.
2652 2617 2773 2687 Ex
2826 2616 3094 2708 primo
3138 2619 3253 2693 sic
3303 2645 3318 2689 ε
3378 2623 3461 2698 si

1918 2726 2229 2818 species
2289 2727 2693 2821 impressa
2764 2736 3220 2826 requiritur
3285 2743 3464 2814 tan-

1918 2860 2160 2932 quam
2221 2843 2665 2919 similitudo
2707 2852 3081 2925 essentiae
3125 2873 3463 2945 cognos-

1917 2959 2208 3041 cendae,
2254 2981 2299 3032 a
2334 2982 2490 3053 qua
2526 2962 2971 3040 inhaerente
3007 2970 3461 3048 intellectui

1919 3079 2152 3148 actus
2194 3076 2577 3152 eliciatur
2624 3082 3147 3176 intelligendi,
3205 3090 3461 3182 sequi·

1779 3229 1805 3242 ·
1921 3195 2059 3266 tur
2123 3194 2241 3280 (ut
2299 3193 2601 3288 dicunt)
2656 3204 2863 3293 quod
2897 3206 3127 3277 actus
3172 3205 3463 3283 intelli·

1917 3309 2151 3399 gendi
2203 3332 2363 3383 non
2402 3318 2528 3388 est
2567 3316 3113 3404 voluntarius,
3171 3324 3305 3396 sed
3371 3324 3464 3397 de

1919 3425 2409 3501 necessitate
2452 3450 2774 3524 semper
2824 3433 3320 3527 intelligeret
3380 3439 3468 3511 il-

1922 3540 2083 3613 lam
2183 3544 2558 3636 speciem,
2652 3549 3027 3640 quamdiu
3097 3559 3315 3629 esset
3385 3555 3467 3629 in

1922 3656 2339 3733 intellectu
2441 3662 2879 3757 impressa.
2993 3668 3464 3761 Intelligere

1919 3776 2135 3848 enim
2196 3781 2320 3851 est
2361 3783 2590 3854 actus
2636 3802 2968 3857 manens
3013 3784 3254 3870 intra,
3302 3808 3462 3863 non

1920 3892 2334 3966 transiens
2401 3899 2663 3979 extra,
2745 3901 2825 3972 et
2894 3904 3016 3974 est
3062 3903 3459 3994 perfectio

1920 4010 2264 4099 agentis.
2306 4013 2484 4084 Ideo
2508 4033 2669 4084 non
2693 4018 3310 4109 comparabitur
3335 4020 3463 4096 hic

1922 4139 2154 4209 actus
2241 4136 2738 4227 intelligendi
2817 4142 2912 4213 ad
2999 4142 3205 4218 hanc
3297 4168 3465 4239 spe-

1921 4259 2154 4343 ciem,
2202 4261 2413 4336 sicut
2449 4263 2912 4339 illuminare
2955 4287 3257 4354 aerem,
3293 4292 3467 4362 quae

1920 4390 2045 4459 est
2084 4388 2300 4461 actio
2362 4390 2827 4464 extrinseca
2870 4394 2979 4483 ad·
3009 4394 3267 4469 lucem
3342 4402 3473 4471 So·

1926 4507 2050 4591 lis,
2112 4510 2237 4582 vel
2301 4511 2643 4585 alterius
2686 4516 3061 4607 corporis
3129 4518 3469 4593 lumino-

1923 4636 2017 4715 si,
2080 4637 2213 4707 sed
2257 4637 2466 4708 sicut
2539 4636 2833 4721 lucere,
2882 4640 3015 4733 qui
3062 4648 3187 4717 est
3237 4650 3468 4720 actus

1923 4761 2422 4835 intrinsecus
2474 4764 2854 4855 corporis
2927 4764 3309 4842 luminosi
3373 4773 3467 4844 ad

1924 4887 2211 4967 lucem,
2252 4906 2426 4978 quae
2470 4885 2736 4979 ipsum
2788 4889 3254 4967 formaliter
3295 4916 3469 4990 per-

1921 5014 2117 5088 ficit.
2158 5012 2359 5096 Quia
2402 5012 2614 5087 sicut
2645 5034 2941 5108 corpus
2974 5016 3472 5096 luminosum

1926 5138 2227 5210 habens
2271 5137 2350 5208 in
2384 5159 2467 5209 se
2501 5137 2857 5210 formam
2892 5140 3121 5226 lucis,
3151 5149 3480 5221 natura-

1925 5263 2119 5338 liter
2148 5268 2225 5336 et
2275 5265 2366 5335 de
2403 5264 2754 5338 necessit
2772 5270 2903 5339 ate
2937 5267 3177 5353 lucet,
3213 5276 3294 5347 et
3327 5294 3487 5348 non

1921 5392 2386 5484 potestnon
2429 5389 2724 5471 lucere,
2787 5392 2901 5466 sic
2961 5414 3104 5468 nec
3140 5396 3492 5475 intellec-

1927 5521 2085 5596 tus,
2135 5515 2514 5607 quamdiu
2561 5514 2798 5588 habet
2838 5516 3063 5589 illam
3098 5523 3488 5614 speciem,

1924 5663 2088 5714 non
2130 5644 2435 5734 poterit
2471 5662 2631 5714 non
2671 5641 3151 5734 intelligere,
3197 5653 3278 5724 et
3322 5671 3485 5729 om·

3592 2053 3675 2105 1⁴.

3507 2117 3733 2169 Nonum.
