4252 6393
1671 438 2031 521 QuAEs'rlo
2074 407 2150 507 111

296 617 592 697 tempora,
638 620 700 674 el
739 607 1180 695 implerentur
1227 608 1392 685 loca,
1432 606 1809 692 temporali-

287 727 501 813 busque
538 737 600 792 et
648 725 967 791 localibus
994 746 1217 791 rerum
1264 723 1538 789 molibus
1566 723 1810 789 soecnla

286 846 726 921 volverentum
758 843 837 913 et
863 841 1147 931 postea
1177 863 1322 927 cap.
1356 841 1468 912 21.
1499 838 1758 910 subdit
1787 863 1801 907 z

292 958 582 1044 Quisquis
632 957 1007 1041 intelligere
1062 965 1344 1020 conatur
1382 952 1807 1039 quemadmo-

285 1076 426 1141 dum
457 1095 604 1140 vere
640 1083 942 1154 ceter-nus,
977 1082 1037 1138 el
1066 1092 1218 1137 vere
1248 1069 1672 1148 immortalis,
1708 1080 1808 1135 αι-

283 1212 392 1279 que
452 1188 1009 1255 incommutabilis
1066 1188 1262 1264 Deus,
1330 1187 1469 1272 ipse
1520 1207 1637 1252 nec
1684 1205 1807 1273 per

284 1307 499 1385 locum,
532 1326 653 1371 nec
686 1325 811 1391 per
857 1314 1223 1390 temporum
1260 1312 1497 1382 molus,
1549 1310 1806 1366 moveat

283 1424 720 1510 temporaliter
747 1433 808 1489 et
839 1423 1142 1488 localiter
1162 1431 1541 1487 creaturam
1569 1441 1759 1485 snam
1782 1446 1802 1486 .·

279 1562 400 1607 ηοη
443 1561 589 1606 eum
623 1551 786 1627 puto
839 1540 1125 1625 assequi,
1180 1539 1318 1603 nisi
1361 1537 1558 1624 prius
1606 1537 1802 1602 inlel-

283 1659 502 1724 leoeeril
566 1654 1120 1744 quemadmodum
1178 1656 1434 1734 anima,
1505 1654 1624 1719 hoc
1681 1663 1797 1734 ese,

3343 438 3458 510 ⁶293

1922 603 2472 686 continentur,
2529 608 2669 677 aut
2729 602 2808 675 in
2849 603 3193 677 nihilum
3252 606 3467 676 cede·

1926 726 2131 795 rent.
2187 721 2474 797 Omnia
2547 721 2789 804 enim,
2853 726 2941 795 ut
3016 721 3234 802 dicit,
3327 722 3466 795 im-

1924 840 2353 913 mutabilia
2422 843 2505 912 ut
2565 860 2724 911 non
2797 839 3459 931 intercipiantur,

1922 958 2055 1029 sed
2110 957 2497 1031 distincta
2564 959 2992 1037 varietate,
3064 961 3143 1030 et
3208 956 3466 1029 diver-

1922 1073 2034 1146 sis
2125 1073 2504 1156 motibuS,
2593 1095 2782 1146 suos
2869 1094 3161 1147 cursus
3241 1092 3466 1165 pera·

1922 1196 2145 1281 gant,
2236 1213 2568 1264 necesse
2635 1197 2759 1266 est
2849 1191 3208 1283 aliquam
3286 1212 3466 1263 esse

1919 1308 2272 1381 formam
2342 1308 3112 1389 incommutabilem,
3177 1311 3257 1380 et
3324 1307 3466 1379 im-

1921 1426 2416 1506 mutabilem,
2462 1430 2542 1499 et
2574 1429 2991 1497 (eternam.
3033 1422 3181 1496 Hic
3212 1424 3462 1498 etiam

1918 1545 2138 1634 patet
2183 1544 2388 1634 quod
2450 1545 2750 1633 quanto
2793 1540 3096 1633 aliquid
3165 1540 3460 1613 forma-

1918 1657 2071 1729 lius
2170 1663 2250 1732 et
2300 1657 2731 1739 actualiuS‚
2788 1660 3018 1729 tanto
3078 1657 3459 1730 immuta-

274 1775 537 1861 spiritus
573 1784 855 1853 creatus,
891 1793 1026 1839 non
1050 1793 1175 1858 per
1214 1773 1450 1849 locum,
1494 1771 1610 1836 sed
1650 1782 1801 1836 tcm-
1911 1774 2189 1855 bilius;
2269 1795 2470 1865 ergo
2532 1773 2860 1846 omnino
2921 1773 3267 1845 formale
3331 1776 3456 1845 est

278 1904 399 1958 tum
446 1912 572 1977 per
636 1901 887 1977 tempus
944 1899 1180 1970 motus,
1244 1898 1498 1955 moveat
1563 1908 1800 1973 corpus
1915 1893 2241 1965 omnino
2287 1891 2817 1964 immutabile.

271 2010 617 2096 per-locum
645 2018 1001 2094 ettempus.
2004 2012 2232 2090 Item,
2307 2028 2691 2081 mensura
2756 2011 2837 2080 et
2891 2008 3449 2079 mensuratum
3604 2032 3681 2085 ιο.

123 2133 145 2183 >-
353 2123 566 2207 Quod
606 2126 906 2204 autem,
944 2127 1031 2196 ut
1064 2121 1133 2193 si
1165 2119 1404 2195 habet
1437 2120 1516 2192 in
1550 2120 1797 2194 ratio·
1911 2131 2096 2200 sunt
2159 2127 2572 2216 unigeneoe
2613 2129 2955 2206 naturae,
3003 2128 3090 2197 ut
3149 2125 3444 2203 motus,
3476 2103 3791 2214 effi'gfssgss,

274 2262 359 2313 ne
395 2262 659 2315 causae
705 2239 1103 2320 formalis,
1152 2238 1230 2309 in
1274 2258 1368 2310 eo
1419 2237 1618 2309 nihil
1671 2258 1796 2308 ca-
1907 2249 1987 2318 et
2056 2248 2416 2336 tempus3
2488 2243 2910 2315 {eternitas
2971 2246 3244 2315 autem
3322 2241 3444 2310 ost
3477 2236 3803 2356 ’Jssssssggffg‘g‘

269 2360 390 2432 dat
428 2364 724 2438 motus,
786 2356 1001 2431 ratio
1059 2356 1444 2436 declarat,
1492 2358 1574 2429 et
1614 2377 1793 2428 auc-
1910 2381 2292 2432 mensura
2325 2361 2497 2442 Dei,
2537 2360 2856 2433 ratione
2890 2381 3054 2430 suae
3089 2355 3445 2429 formali·
3532 2364 3772 2412 nawa·-

270 2476 553 2550 toritas
614 2472 1113 2545 manifestat.
1174 2471 1397 2544 Nihil
1444 2471 1611 2563 pati
1656 2492 1794 2563 po·
1908 2477 2104 2549 tatis
2173 2479 2253 2548 et
2314 2475 2823 2548 actualitatis
2872 2500 2886 2543 τ
2930 2495 3114 2547 cum
3187 2475 3447 2565 igitur

269 2598 435 2674 test,
462 2591 624 2663 nisi
648 2611 795 2685 per
820 2588 1307 2683 principium
1337 2587 1787 2670 materiale,
1908 2595 1988 2667 in
2029 2593 2494 2667 aeternitate
2526 2593 2748 2664 nulla
2781 2593 2887 2664 sit
2918 2593 3245 2673 decisio,
3282 2592 3451 2663 nul-

268 2704 1791 2799 sicutnecagere,nisiperprincipium
1903 2713 1982 2784 la
2023 2710 2455 2791 suecessiO,
2521 2709 2747 2780 nulla
2816 2708 3200 2791 varietas
3263 2707 3451 2797 (ubi

269 2825 595 2897 formale
629 2850 644 2906 ;
691 2844 893 2913 ergo
931 2820 1432 2914 impossibile
1473 2826 1598 2895 est
1636 2823 1791 2915 pri-
1906 2832 2179 2901 autem
2213 2827 2484 2918 aliqua
2521 2826 2894 2908 mutatio,
2936 2826 3043 2898 ibi
3085 2845 3450 2897 necessa-

268 2963 461 3015 mam
500 2942 851 3014 sormam
885 2939 1081 3033 pati,
1116 2939 1276 3012 nisi
1318 2938 1607 3013 habeat
1649 2941 1790 3012 ali·
1906 2945 2031 3017 rio
2072 2944 2347 3035 aliqua
2403 2943 2814 3015 successio
2903 2945 2982 3014 et
3035 2941 3447 3030 variatio)

265 3061 428 3152 quid
462 3058 894 3133 materiale
931 3080 945 3124 :
982 3059 1196 3130 Deus
1229 3061 1503 3130 autem
1540 3058 1789 3129 omni·
1905 3061 2079 3138 ideo
2124 3064 2336 3133 Deus
2394 3059 2740 3142 ratione,
2789 3080 2946 3152 qua
2998 3059 3267 3132 forma
3323 3063 3446 3133 est

261 3199 350 3250 no
396 3175 972 3252 immaterialis
1032 3177 1181 3256 est,
1240 3174 1412 3248 ideo
1458 3175 1786 3248 omnino
1904 3200 2110 3275 pura
2195 3177 2689 3270 exemplaris
2774 3175 3161 3259 omnium,
3245 3174 3445 3249 nulli

261 3293 777 3388 impassibilis
845 3297 995 3366 est.
1041 3292 1261 3374 Quod
1321 3295 1595 3364 autem
1646 3293 1785 3388 ali-
1901 3300 2171 3390 potest
2208 3296 2536 3368 subesse
2573 3293 3033 3366 mutationi.

259 3433 395 3504 quo
497 3411 729 3483 modo
827 3413 1226 3490 movetur,
1317 3409 1783 3481 necessario
1962 3409 3440 3507 Satisprzeostendialias‘,quodDeus
3571 3420 3645 3468 ιι.

254 3529 514 3622 aliquo
573 3527 809 3599 modo
870 3526 1182 3619 patitur
1227 3549 1241 3594 ε
1304 3530 1383 3599 et
1436 3525 1584 3599 hoc
1630 3533 1778 3609 est,
1897 3533 2134 3604 habet
2182 3530 2583 3603 rationem
2638 3529 2818 3600 finis
2866 3530 3235 3619 respectu
3282 3547 3440 3597 om-
3497 3481 3785 3619 &iffa-J·

255 3647 441 3738 quod
503 3645 698 3720 dicit
750 3642 1250 3734 Augustinus
1299 3645 1366 3715 5.
1423 3644 1505 3710 de
1562 3646 1784 3713 Trae‘ni-
1897 3649 2121 3721 nium
2179 3674 2192 3717 :
2241 3670 2396 3739 quo
2453 3644 2904 3739 suppositO,
2950 3663 3210 3734 arguo
3254 3643 3370 3715 sic
3416 3667 3430 3712 ε
3484 3607 3767 3780 ,ἓξῖἒῗῦἷ

3484 3746 3548 3778 ra
3578 3748 3623 3779 18
3672 3745 3774 3780 en-

254 3777 390 3846 taee,
426 3792 479 3837 c.
515 3765 591 3835 2.
663 3775 724 3829 ec
771 3762 836 3833 4.
872 3762 1033 3828 Item
1073 3762 1187 3828 lib.
1249 3761 1316 3831 7.
1378 3784 1434 3827 c.
1476 3762 1543 3832 5.
1589 3781 1784 3831 nun·

252 3902 474 3973 quam
506 3883 725 3954 Deus
769 3877 1219 3970 subjectum
1250 3876 1429 3949 fieri
1482 3883 1777 3971 potest,

254 3997 501 4070 forma
532 3996 751 4069 enim
784 3998 941 4075 est;
980 3993 1266 4066 formae
1299 3999 1569 4068 autem
1605 3996 1780 4066 sub-

245 4115 463 4206 jectae
512 4134 696 4186 esse
735 4131 898 4184 non
950 4115 1316 4203 possunt,
1413 4131 1601 4182 nam
1650 4133 1779 4183 ne-

1863 3765 2291 3851 ‘Quaelibet
2362 3786 2491 3837 res
2560 3762 2969 3836 naturalis
3042 3759 3298 3834 tendit
3359 3761 3436 3833 in
3465 3794 3784 3856 dmum-„22

1895 3885 2136 3956 finem
2180 3902 2439 3960 suum,
2511 3878 2710 3950 unde
2750 3880 2828 3950 et
2888 3881 3274 3950 creatura
3313 3896 3440 3948 ra·
3536 3870 3718 3907 suum.

1895 4002 2230 4078 tionalis
2290 4002 2368 4071 et
2421 3998 2704 4078 libera,
2751 3995 3251 4069 naturaliter
3301 4014 3439 4087 ap-

1896 4117 2097 4212 petit
2148 4113 2732 4187 beatitudinem
2782 4136 2796 4180 :
2873 4111 3073 4182 unde
3141 4111 3440 4184 Beatus

251 4251 383 4323 que
420 4236 744 4305 caeterae
804 4226 1090 4300 forma>
1142 4228 1524 4320 subjectae
1575 4229 1778 4302 acei-

249 4347 600 4420 dentibus
644 4349 859 4425 sunt,
904 4349 992 4418 ut
1032 4344 1500 4418 humanitas
1546 4372 1561 4414 ε
1616 4367 1775 4418 non

248 4461 442 4535 enim
522 4460 869 4554 suscipit
953 4459 1422 4542 accidentia,
1518 4459 1595 4531 in
1679 4481 1774 4532 eo

250 4581 435 4670 quod
507 4581 689 4673 ipsa
767 4581 917 4658 est,
1018 4577 1149 4648 sed
1221 4577 1300 4649 in
1385 4598 1481 4649 eo
1570 4580 1774 4669 quod

250 4695 585 4768 materia
642 4693 796 4766 sibi
846 4691 1230 4782 subjecta.
1288 4694 1578 4764 Eadem
1650 4698 1774 4767 est

248 4813 637 4886 sententia
716 4809 1436 4890 Commentatoris,
1527 4832 1774 4903 super

122 4968 165 5007 n,
190 4929 344 5008 212.
408 4930 923 5018 Metaphysicor.
991 4929 1231 5006 Causa,
1307 4928 1592 5018 inquit,
1655 4954 1771 5019 po-

252 5048 478 5125 tentioe,
514 5048 668 5117 ete.
718 5044 805 5113 ut
852 5040 1225 5133 superius
1276 5045 1400 5114 est
1439 5042 1766 5117 dictum.

251 5157 421 5231 Haec
461 5165 587 5232 est
639 5157 1047 5230 sententia
1096 5157 1529 5246 Augustini
1571 5163 1637 5231 9..
1693 5165 1773 5230 de

249 5276 434 5342 libero
462 5278 770 5353 arbitrie,
832 5297 976 5361 cap.
1007 5276 1114 5344 18.
1144 5274 1276 5346 ubi
1309 5274 1526 5356 dicit,
1566 5280 1772 5368 quod

252 5395 555 5481 oportet
594 5410 777 5463 esse
810 5388 1169 5480 aliquam
1214 5390 1563 5462 sormam
1610 5413 1771 5464 om-

250 5504 421 5578 nino
480 5503 1071 5579 immutabilem
1123 5531 1137 5574 ε
1198 5506 1469 5578 omnia
1525 5507 1765 5590 enim,

253 5627 330 5699 ut
370 5622 582 5709 dicit,
635 5621 1066 5697 mutabilia
1145 5622 1418 5720 aliqua
1502 5624 1771 5699 forma

1895 4232 2399 4324 Augustinus
2450 4233 2557 4301 13.
2612 4231 2695 4296 de
2759 4231 3110 4309 Trim'lacc,
3160 4252 3306 4316 cap.
3365 4231 3432 4301 5.

1896 4357 2316 4440 Quapropter
2336 4361 2449 4428 est,
2485 4347 2837 4439 (inquit,)
2862 4348 3036 4437 quod
3063 4369 3286 4416 omnes
3321 4349 3436 4414 ho-

1889 4471 2099 4535 mines
2141 4467 2314 4533 beati
2372 4487 2505 4531 esse
2561 4467 2790 4544 velint,
2846 4464 3046 4550 idque
3096 4484 3301 4529 unum
3323 4483 3436 4528 ar-

1889 4585 2277 4650 dentissimo
2325 4603 2550 4647 amore
2606 4592 2958 4667 appelant,
3025 4591 3095 4647 ⁴et
3159 4591 3433 4667 propter

1886 4705 2007 4769 hoc
2055 4711 2290 4765 elecem
2332 4719 2748 4785 quceeumque
2803 4707 3144 4784 appetunt.
3184 4695 3431 4787 Appe-

1889 4818 2091 4892 titus
2126 4818 2424 4895 autem,
2463 4813 2597 4905 qui
2635 4813 2838 4884 idem
2871 4817 2994 4886 est
3027 4812 3231 4905 apud
3266 4833 3431 4885 om-

1888 4952 2054 5011 neS,
2090 4930 2212 5000 est
2248 4926 2659 5019 appetitus
2692 4925 3098 4998 naturalis
3126 4950 3141 5006 ;
3173 4925 3432 5016 igitur

1889 5046 1954 5118 si
2015 5042 2391 5136 quaelibet
2448 5063 2576 5112 res
2632 5042 3128 5114 naturaliter
3179 5041 3435 5117 tendit

1887 5161 1966 5234 in
2000 5161 2239 5231 finem
2272 5178 2532 5238 suum,
2571 5178 2753 5229 cum
2788 5162 3087 5231 natura
3113 5177 3437 5249 semper

1887 5277 2416 5349 uniformiter
2469 5280 2686 5366 agat,
2759 5296 3086 5347 necesse
3143 5278 3266 5347 est
3347 5277 3434 5346 ut

1887 5392 2289 5466 terminus
2334 5396 2603 5464 motus
2645 5390 3052 5463 naturalis
3098 5390 3426 5461 omnino

1887 5509 1994 5583 sit
2047 5508 2492 5582 immobilis
2539 5534 2553 5590 ;
2629 5506 2696 5580 si
2767 5506 2981 5578 enim
3059 5511 3429 5579 centrum

1890 5631 2385 5711 moveretur,
2431 5631 2572 5700 aut
2614 5624 2902 5720 gravia
2947 5627 3430 5721 permotum
