4252 6393
155 4349 268 4401 ιω.
291 4337 375 4409 de
432 4340 729 4411 unione
772 4340 1063 4411 animae

1655 464 2019 542 QUAES‘rlo
2065 469 2144 529 xl

3385 475 3503 538 467

320 624 405 701 te,
462 618 587 690 vel
629 619 922 694 saltem
965 620 1117 698 hoc
1172 626 1654 714 potestesse
1698 646 1841 717 per
1955 639 2021 694 tu
2078 641 2138 695 ec
2192 632 2461 710 Anima,
2525 655 2671 720 cap.
2728 636 2834 704 15.
2904 632 3033 705 ubi
3097 633 3211 706 sic
3273 636 3502 717 dicit;

318 734 827 808 intellectum.

392 853 484 923 Et
524 849 675 923 hoc
709 873 1096 944 expresse
1145 853 1370 926 docet
1423 856 1838 927 Commen-

316 969 519 1037 tator
562 988 809 1059 super
840 970 944 1039 12.
985 971 1268 1058 Melapli.
1311 981 1470 1039 text.
1514 994 1679 1039 com.
1726 975 1833 1042 11.

311 1081 425 1152 ubi
472 1082 693 1164 dicit,
743 1085 951 1176 quod
1004 1085 1355 1158 materia
1408 1087 1674 1178 primo
1729 1088 1836 1158 in-

310 1196 566 1271 duitur
625 1199 917 1272 formis
972 1200 1501 1293 imperfectis.
1550 1206 1649 1276 Et
1694 1224 1838 1296 per

310 1315 1044 1389 Commentatorem
1136 1339 1383 1410 super
1483 1319 1835 1411 primam

312 1431 937 1523 propositionem
1023 1434 1115 1504 de
1202 1436 1523 1515 Causis,
1605 1438 1837 1527 quasi

311 1564 438 1635 per
482 1550 787 1628 totum;
855 1568 1055 1640 crgo
1117 1571 1163 1620 a
1226 1552 1613 1642 praedicta
1673 1573 1833 1624 ma-

306 1661 497 1732 teria
578 1664 995 1756 spirituali
1076 1668 1381 1759 poterit
1466 1670 1831 1741 amoveri

308 1775 814 1862 intellectiva,
898 1787 1369 1855 remanente
1434 1785 1832 1873 vegetati·-

302 1912 392 1962 va
463 1898 544 1967 et
627 1897 1044 1978 sensitiva,
1118 1901 1199 1970 et
1256 1897 1419 1971 erit
1478 1898 1829 1972 formam

299 2011 474 2082 dare
526 2019 1001 2105 separatam
1067 2020 1146 2088 et
1198 2036 1344 2108 per
1396 2039 1480 2088 se
1534 2018 1831 2091 subsis-

302 2131 611 2208 tentem,
662 2150 836 2220 quae
879 2151 1037 2201 non
1079 2131 1239 2204 erit
1275 2132 1774 2205 intellectiva
1809 2159 1823 2213 ;

296 2244 365 2313 ct
404 2249 593 2316 tunc
639 2247 1084 2321 constituet
1124 2248 1448 2340 aliquod
1495 2247 1824 2329 animal,

299 2360 486 2450 quod
556 2381 717 2433 non
786 2364 948 2436 erit
1014 2363 1283 2446 homo,
1347 2365 1577 2456 cujus
1645 2366 1827 2437 finis

294 2478 747 2550 necessario
789 2480 950 2552 erit
995 2483 1235 2563 Deus,
1282 2503 1376 2554 eo
1421 2484 1627 2573 quod
1667 2482 1827 2556 for·

296 2611 413 2662 ma
455 2615 603 2665 sua
642 2599 767 2666 est
810 2594 1334 2679 immortalis,
1371 2619 1463 2670 ac
1502 2619 1645 2691 per
1674 2598 1826 2673 hoc

294 2703 582 2779 habens
632 2729 811 2780 esse
866 2714 1373 2802 perpetuum.
1423 2718 1612 2794 Quae
1668 2734 1828 2785 om-

293 2821 416 2894 nia
469 2823 685 2898 forte
742 2830 927 2900 sunt
972 2827 1646 2911 inconvenientia,
1701 2831 1828 2902 vel

297 2938 576 3013 saltem
657 2947 844 3015 sunt
922 2942 1572 3017 inconvenientia
1640 2945 1825 3019 huic

299 3057 701 3146 positioni,
752 3063 840 3133 ut
888 3059 1151 3152 patuit
1178 3067 1435 3150 supra*
1474 3062 1551 3134 in
1577 3083 1827 3153 quaes-

298 3171 503 3246 tione
541 3175 637 3246 de
680 3174 970 3247 unione
1002 3176 1321 3250 animae.

370 3293 530 3365 Nec
581 3295 848 3385 potest
877 3293 1058 3375 dici,
1106 3295 1311 3388 quod
1346 3296 1828 3370 sensitivum

292 3407 664 3483 fundetur
704 3409 786 3480 in
820 3412 1167 3485 materia
1212 3411 1626 3504 spirituali
1673 3433 1826 3488 me·

290 3524 547 3599 (liante
593 3525 1118 3610 intellectivo,
1186 3529 1372 3620 quia
1434 3531 1629 3602 ordo
1690 3550 1824 3602 na-

292 3643 579 3715 turalis
648 3647 772 3716 est
841 3643 1128 3717 formae
1194 3647 1287 3717 ad
1360 3647 1821 3727 materiam,

293 3761 486 3848 quod
538 3760 1104 3852 impersectior
1156 3762 1383 3854 prius
1425 3763 1828 3837 naturali-

292 3877 411 3945 ter
458 3875 657 3950 insit
698 3877 796 3948 ei.

372 3993 603 4072 Item,
656 3993 918 4065 omnis
959 3993 1230 4066 forma
1278 3996 1828 4071 communicat

291 4110 554 4179 actum
627 4127 793 4179 suae
864 4107 1265 4190 materiae,
1338 4110 1464 4180 vel
1535 4110 1827 4183 saltem

290 4224 769 4317 composito,
813 4229 902 4299 ut
943 4228 1208 4318 patuit
1252 4227 1331 4298 in
1383 4227 1830 4317 quaestione

1114 4342 1181 4421 *;
1235 4360 1435 4431 ergo
1508 4340 1576 4411 si
1631 4361 1829 4432 prae-

290 4452 513 4529 dictae
587 4462 756 4530 tres
827 4460 1016 4528 sunt
1089 4456 1168 4527 in
1239 4474 1398 4527 una
1479 4454 1829 4527 materia

289 4572 721 4663 spirituali,
770 4573 888 4645 illi
939 4573 1306 4645 materiae
1349 4573 1475 4644 vel
1537 4570 1829 4644 saltem

288 4690 763 4783 composito,
830 4690 1655 4762 communicabantur
1706 4709 1830 4760 ac-

288 4810 411 4878 tus
443 4806 927 4899 vegetativee
982 4811 1063 4880 et
1122 4805 1557 4885 sensitivae‚
1623 4806 1830 4896 quod

287 4923 403 4991 est
447 4918 979 5013 impossibile.

370 5039 484 5109 De
522 5036 990 5127 vegetativa
1035 5035 1351 5126 quidem
1395 5041 1642 5129 patet,
1701 5057 1828 5109 cu-

282 5150 409 5240 jus
451 5157 642 5226 sunt
683 5151 848 5226 tria
899 5171 1173 5244 opera,
1220 5151 1534 5225 scilicet
1573 5152 1827 5226 nutri-

292 5287 397 5349 re,
478 5287 782 5359 augere
852 5271 933 5340 et
992 5286 1423 5358 generare,
1481 5288 1828 5360 quorum

290 5387 600 5457 nullum
640 5385 787 5460 tali
833 5384 1200 5458 materiae
1242 5387 1644 5459 convenit.

368 5505 484 5575 De
517 5502 908 5575 sensitiva
948 5505 1197 5594 patet,
1253 5502 1609 5595 primum
1657 5503 1830 5594 qui-

290 5619 458 5691 dem
492 5618 992 5694 auctoritate
1023 5619 1457 5710 Augustini
1490 5623 1572 5688 de
1604 5624 1831 5709 Spiri-

1955 744 2215 830 Corpus
2270 758 2523 812 constat
2573 769 2658 812 ex·
2696 750 3104 834 officialibus
3165 754 3499 831 membriS,

1950 861 2288 943 officialia
2328 884 2412 927 coe
2461 865 2941 945 consimilibuS,
2987 870 3371 935 consimilia
3423 892 3506 935 ecc

1951 975 2358 1058 hamarim-5,
2403 981 2713 1046 humores
2741 1003 2825 1046 eoe
2864 982 3051 1061 cibis,
3090 984 3225 1049 cibi
3248 1007 3334 1049 eat
3372 987 3499 1051 elc-

1950 1090 2210 1169 mcnliS,
2255 1103 2316 1157 et
2346 1093 2524 1157 nihil
2551 1094 2788 1160 horum
2818 1106 2911 1160 esc
2940 1098 3168 1162 anima
3218 1125 3239 1163 .·
3279 1099 3394 1163 secl
3427 1100 3496 1164 in

1949 1205 2097 1270 istis
2148 1217 2464 1293 tanquam
2509 1211 2585 1275 in
2632 1213 2907 1297 orqam's
2955 1213 3097 1298 aqit
3136 1215 3389 1294 anima,
3439 1227 3500 1280 ec

1944 1341 2068 1405 per
2096 1324 2218 1389 hoc
2262 1328 2533 1412 corpori
2579 1330 2866 1394 consulit
2905 1340 2966 1394 el
3009 1331 3164 1396 lmic
3214 1333 3387 1409 vilse,
3426 1333 3500 1396 in

1947 1459 2076 1524 qua
2103 1442 2323 1524 facms
2345 1453 2437 1506 cst
2465 1443 2658 1508 homo
2688 1445 2762 1508 in
2799 1445 3096 1511 animam
3131 1448 3492 1513 viventem.

1948 1553 2334 1643 Sequitur
2411 1555 2698 1627 ibidem
2786 1558 2995 1648 quod
3079 1560 3497 1634 destructo

1945 1688 2320 1761 corpore,
2377 1673 2596 1740 Invita
2653 1678 2883 1741 anima
2949 1677 3215 1757 recedit,
3283 1700 3496 1744 secum

1945 1788 2216 1853 trahens
2283 1791 2535 1870 onznia,
2607 1812 2868 1856 semum
2941 1803 2999 1856 el
3056 1794 3498 1880 imayinatio-

1944 1924 2114 1983 nem,
2173 1907 2504 1972 racionem
2553 1918 2615 1971 ct
2654 1908 3082 1988 intellectum,
3135 1912 3286 1981 etc.
3330 1913 3497 1979 Cor-

1937 2031 2327 2104 pascalem,
2373 2022 2548 2107 quod
2573 2025 2768 2109 prius
2801 2026 3135 2110 inteqrum
3182 2038 3498 2114 tanquam

1942 2155 2269 2221 oryanum
2327 2146 2911 2223 contemperatum,
2979 2151 3039 2204 cl
3100 2141 3498 2227 dispositum

1941 2261 2106 2330 erae,
2153 2262 2224 2316 uc
2265 2253 2464 2318 melos
2501 2255 2824 2321 musicum
2875 2256 2949 2322 in
2989 2278 3056 2321 sc
3096 2259 3489 2340 contineret,

1940 2378 2000 2430 ct
2040 2377 2285 2433 caccum
2331 2382 2696 2452 resonaret,
2751 2391 2927 2437 nunc
2974 2374 3392 2456 con-fractum
3432 2387 3494 2441 ee

1941 2481 2184 2547 inutile
2215 2504 2249 2548 e
2276 2486 2546 2570 reqione
2568 2488 2769 2571 jacet,
2833 2489 3065 2553 anima
3095 2500 3314 2555 autem
3351 2512 3489 2557 non
3520 2512 3724 2561 Anima
3749 2527 3837 2560 se-

1940 2597 2184 2664 habens
2221 2599 2336 2665 ubi
2365 2600 2540 2665 vires
2567 2623 2721 2667 snas
2749 2616 3070 2684 marceat,
3108 2607 3480 2693 requiescit.

1944 2714 2045 2784 Et
2075 2713 2413 2804 exponit
2453 2734 2499 2784 a
2533 2714 2819 2805 quibus
2872 2719 3333 2808 requiescit,
3391 2742 3487 2792 ne

1941 2826 2327 2900 credatur
2359 2830 2564 2919 quod
2597 2828 2695 2900 ab
2725 2835 2912 2904 actu
2958 2831 3484 2925 intelligendi,

1944 2943 2156 3016 sicut
2189 2944 2287 3016 ab
2319 2944 2503 3016 aliis
2548 2946 3013 3037 requiescit.
3058 2952 3153 3017 Ab
3195 2952 3299 3018 liis
3338 2965 3491 3020 tan-

1942 3074 2078 3128 tum
2117 3061 2437 3153 (inquit)
2477 3065 2779 3146 molibus,
2826 3067 3058 3151 quibus
3096 3089 3333 3155 corpus
3372 3092 3496 3157 per

1943 3189 2195 3265 tempus
2223 3190 2283 3245 cl
2315 3180 2527 3246 locum
2562 3181 2877 3263 movebat,
2914 3184 3062 3270 ipsa
3089 3206 3211 3271 per
3243 3198 3495 3273 tempus

1941 3295 2303 3361 illocaliter
2357 3307 2557 3375 mota,
2623 3300 2939 3383 (liconiam
2977 3311 3037 3365 ec
3065 3302 3130 3366 si
3165 3322 3493 3388 orqamcm

1937 3412 2165 3496 periit,
2211 3411 2325 3477 sed
2355 3433 2491 3477 non
2521 3413 2744 3492 melca,
2791 3436 2911 3479 nec
2950 3415 3125 3500 quod
3168 3438 3494 3503 oryanum

1939 3528 2260 3595 movebat.
2314 3526 2616 3619 Aperte
2673 3528 2893 3618 patet
2955 3529 3160 3618 quod
3220 3528 3492 3601 anima

1944 3642 2329 3730 separata
2372 3641 2714 3732 quiescit
2755 3642 2852 3713 ab
2895 3644 3112 3714 omni
3155 3648 3338 3717 actu
3385 3645 3494 3716 vi-

1946 3755 2185 3836 rium,
2254 3776 2428 3846 quae
2488 3757 2671 3828 dum
2731 3762 2911 3831 era-t
2973 3758 3052 3829 in
3110 3780 3486 3851 corpore,

1947 3892 2261 3963 organo
2299 3874 2788 3964 indigebant.

2034 3991 2205 4061 Hoc
2239 3990 2487 4063 etiam
2525 3995 2748 4083 patet
2781 3992 3282 4085 quadruplici
3320 4014 3490 4084 per-

1944 4107 2347 4178 suasione.
2413 4094 2690 4179 Primo
2755 4108 3095 4199 quidem,
3155 4109 3341 4200 quia
3379 4111 3492 4182 vi-

1941 4222 2246 4303 demus,
2302 4223 2508 4314 quod
2560 4223 3056 4297 intellectiva
3103 4227 3489 4316 quantum

1945 4338 2037 4407 ad
2072 4343 2344 4412 actum
2391 4339 2910 4429 intelligendi,
2950 4341 3136 4430 quia
3170 4360 3494 4432 separa-

1944 4457 2027 4525 ta
2070 4475 2232 4525 non
2274 4460 2456 4544 eget
2511 4474 2848 4544 organo,
2905 4454 3075 4527 ideo
3131 4477 3274 4529 nec
3313 4478 3493 4529 con·

1937 4570 2255 4660 juncta;
2314 4591 2510 4662 ergo
2566 4572 2631 4641 si
2677 4556 3068 4644 sensitiva
3111 4578 3494 4664 separata

1947 4687 2025 4757 in
2062 4708 2206 4758 suo
2251 4691 2434 4759 actu
2484 4706 2642 4757 non
2695 4685 3094 4775 indigeret
3148 4706 3485 4777 organo,

1944 4823 2088 4876 nec
2122 4803 2559 4894 conjuncta
2595 4802 3020 4892 indigeret.

2036 4919 2420 5000 Secundo,
2458 4918 2646 5010 quia
2679 4921 2980 5009 quanto
3014 4918 3309 5002 forma,
3349 4940 3488 4992 seu

1946 5037 2243 5131 gradus
2289 5057 2452 5107 suae
2505 5034 2879 5107 essentiae
2932 5040 3060 5109 est
3110 5036 3487 5119 nobilior,

1945 5159 2175 5230 tanto
2223 5151 2744 5245 paucioribus
2780 5153 3081 5243 indiget
3115 5154 3208 5224 ad
3251 5174 3492 5245 agen-

1941 5272 2154 5353 dum,
2202 5273 2282 5342 et
2349 5291 2390 5341 e
2440 5268 2888 5349 contrario,
2978 5273 3065 5342 ut
3119 5273 3342 5361 patet
3413 5270 3493 5341 in

1945 5385 2339 5459 sensitiva
2378 5388 2455 5455 et
2501 5383 3021 5464 intellectiva,
3059 5388 3147 5456 ut
3190 5388 3376 5456 sunt
3412 5384 3490 5455 in

1944 5524 2319 5596 corpore,
2358 5499 2543 5592 quia
2585 5498 2972 5571 sensitiva
3018 5499 3320 5590 indiget
3371 5523 3491 5572 or-

1947 5639 2185 5710 gano,
2249 5636 2408 5689 non
2487 5614 2987 5687 intellectiva
3053 5640 3066 5682 z
3133 5616 3264 5688 sed
3335 5617 3488 5691 iste

3541 2583 3752 2636 parata
3784 2590 3818 2624 a

3510 2638 3706 2698 quibus
3726 2651 3840 2688 mo-

3607 2700 3749 2748 tibus

3566 2761 3808 2824 quiescit.

3646 4015 3721 4065 ¹3.
