4252 6393
424 1124 487 1175 20

310 1187 999 1328 sffnlfv‘z‘clsffssi-aestimo,
1048 1246 1251 1338 quod
1289 1245 1549 1317 omnis
1583 1246 1882 1318 natura
1916 1247 2203 1317 creata

335 1312 558 1363 rituali:
569 1349 583 1362 .

671 383 795 446 558
1805 377 1906 445 DE
1952 382 2220 445 RERUM
2265 381 2655 448 pamfimo

663 542 950 615 Trinit.
1005 562 1178 634 cap.
1248 542 1314 614 6.
1394 542 1571 621 Quid
1636 547 1836 625 enim,
1914 541 2198 634 inquit,

661 677 795 731 tam
841 666 1076 732 intime
1112 667 1344 744 scitur,
1389 686 1582 751 seque
1625 666 1840 753 ipsum
1879 684 2011 730 esse
2051 685 2205 731 sen-

658 782 760 860 cic,
795 803 992 869 quam
1031 782 1104 848 id
1133 803 1258 868 quo
1298 783 1499 847 etiam
1530 792 1766 847 ecetera
1795 782 2200 860 sentiuntur,

658 901 732 966 id
778 910 890 978 ese,
955 900 1095 986 ipse
1159 901 1446 966 animus.
1504 898 1718 969 Nota
1794 896 1885 968 de
1964 915 2202 967 sensu

659 1017 923 1087 totum
968 1012 1158 1085 illud
1192 1012 1669 1105 capitulum.

747 1130 827 1204 Si
872 1133 1291 1222 quaera-tur
1332 1128 1514 1221 quid
1548 1127 1653 1200 sit
1689 1127 1840 1201 iste
1867 1131 2202 1200 sensus?

653 1363 890 1437 habet
942 1363 1304 1435 infimum
1374 1366 1454 1435 et
1515 1380 2011 1453 supremum,
2115 1365 2203 1434 ut

655 1481 1091 1554 secundum
1143 1480 1291 1553 hoc
1345 1479 1421 1552 in
1484 1500 1778 1570 genere
1831 1469 2198 1564 1711111115,

648 1603 728 1672 01
815 1597 1060 1671 activi
1147 1595 1420 1688 aliquo
1515 1595 1744 1668 modo
1824 1595 1931 1669 sit
2015 1595 2201 1687 quid

644 1713 1192 1807 compositum
1257 1732 1488 1784 omne
1566 1711 1924 1784 activum
1986 1712 2201 1785 citra

645 1830 1042 1924 primum;
1145 1828 1356 1902 sicut
1435 1827 1705 1901 virtus
1804 1827 2199 1901 sensitiva

644 1949 885 2023 habet
929 1968 1162 2019 suum
1215 1946 1579 2019 infimum
1634 1966 1960 2017 sensum
2019 1965 2197 2039 par-

648 2065 1102 2144 ticularem,
1156 2069 1235 2138 et
1288 2083 1522 2135 suum
1577 2082 2077 2155 supremum,
2125 2062 2199 2134 id

649 2186 798 2262 est,
855 2179 1549 2270 imaginationem,
1621 2177 1746 2248 vel
1800 2198 2198 2269 quaecum-

651 2320 800 2392 que
835 2297 941 2371 511
985 2296 1123 2370 illa
1165 2295 1555 2367 sensitiva
1600 2292 2003 2386 superior,
2053 2314 2199 2386 per

651 2433 888 2505 quam
925 2411 1457 2505 conjungitur
1491 2411 1968 2485 intellectui.

739 2528 884 2603 Sed
928 2526 1142 2599 sorte
1177 2531 1299 2600 051
1346 2525 1850 2600 intellectiva
1904 2523 2196 2597 animae

649 2650 1186 2737 nostrae,quae
1251 2643 1622 2735 quamvis
1703 2665 1786 2715 50
1845 2647 2023 2718 tota
2090 2644 2198 2717 sit

651 2782 813 2835 non
893 2760 1309 2853 organica,
1365 2759 1607 2838 habet
1649 2764 1919 2833 tamen
1963 2781 2196 2833 suum

655 2879 1043 2959 infimum,
1117 2878 1320 2970 quod
1392 2882 1609 2951 tenet
1679 2899 1763 2950 se
1821 2899 1919 2950 ex
1966 2883 2198 2970 parte

653 2996 1058 3090 portionis
1149 2995 1591 3068 inferioris.
1659 2997 1758 3068 Et
1835 2994 1974 3066 illa
2043 3000 2194 3076 est,

654 3134 828 3205 quae
906 3111 1267 3204 exigitur
1334 3112 1428 3184 ad
1470 3111 2045 3201 cognitionem,
2117 3116 2199 3186 et

652 3230 1528 3324 experimentationem
1608 3234 1939 3302 actuum
2019 3250 2199 3303 nos-

651 3354 975 3422 trorum
1040 3347 1555 3428 interiorum,
1633 3347 1846 3420 sicut
1910 3368 2198 3418 sensus

654 3465 1188 3557 particularis
1266 3464 1726 3557 corporalis
1835 3463 1928 3535 ad
2015 3483 2200 3555 cog-

656 3582 1073 3665 nitionem,
1161 3584 1240 3656 01
1320 3580 2197 3674 experimentationem

655 3698 1162 3771 actualitatis
1204 3698 1660 3771 existentiae
1703 3717 1975 3769 rerum
2021 3716 2201 3769 sen-

658 3816 1039 3890 sibilium.
1115 3817 1215 3887 Et
1278 3815 1487 3887 510111
1549 3814 1773 3886 nulla
1835 3811 2201 3907 potentia

654 3932 1184 4026 apprehendit
1262 3952 1433 4003 rem
1522 3935 1759 4004 extra
1847 3930 2201 4003 existen-

657 4056 844 4131 tem,
911 4048 1065 4121 nisi
1127 4070 1411 4122 sensus
1473 4046 2201 4140 11111“110111ε11·15,νο1

657 4167 834 4259 ipso
877 4166 1299 4247 mediante,
1343 4169 1422 4237 et
1459 4165 1534 4237 in
1581 4186 1725 4236 suo
1769 4167 1952 4237 actu
1996 4163 2201 4235 exis-

657 4286 902 4364 tente,
969 4282 1083 4355 510
1113 4283 1237 4355 vis
1278 4281 1774 4355 intellectiva
1832 4302 1990 4353 non
2023 4300 2204 4371 cog-

660 4400 976 4493 gnoscit
1012 4404 1242 4473 actus
1287 4403 1616 4472 nostros
1662 4397 2021 4480 intimos,
2077 4401 2204 4471 ut-

661 4522 872 4612 pote,
917 4516 1147 4598 10110,
1186 4537 1490 4600 amare,
1536 4521 1613 4588 01
1650 4516 1992 4596 similia;
2043 4514 2203 4588 nisi

658 4635 792 4707 ille
834 4655 1116 4706 sensus
1180 4633 1526 4707 interior
1598 4632 2198 4713 intellectualis,

653 4755 732 4825 et
787 4749 1269 4843 spiritualis,
1334 4751 1458 4821 vel
1530 4749 1707 4843 ipso
1773 4749 2199 4830 mediante,

654 4871 733 4941 et
772 4867 851 4939 in
887 4886 1031 4938 suo
1075 4868 1256 4938 actu
1302 4865 1729 4948 existente,
1769 4869 1858 4939 ut
1900 4864 2198 4946 anima,

654 4992 768 5066 sic
813 4991 1119 5063 serviat
1155 4987 1607 5063 intellectui
1642 4987 1896 5080 quoad
1933 4983 2203 5077 cogni-

650 5112 959 5185 tionem
993 5113 1116 5185 sui
1158 5117 1239 5186 et
1279 5107 1728 5187 habituum,
1779 5104 1987 5177 sicut
2032 5124 2202 5175 sen-

656 5252 792 5302 sus
856 5226 1384 5323 particularis
1456 5221 1917 5315 corporalis
1987 5224 2202 5292 exte-

656 5346 869 5426 rior,
950 5340 1209 5434 quoad
1294 5337 1842 5430 cognitionem
1922 5354 2201 5406 rerum

655 5457 1183 5533 sensibilium.

745 5578 862 5651 Ex
932 5594 1086 5668 quo
1156 5574 1406 5666 patet,
1480 5570 1685 5662 quod
1755 5567 1965 5640 sicut
2023 5566 2199 5638 defi-

2320 545 2583 618 ciente
2653 545 2812 618 isto
2873 567 3138 630 sensu,
3186 567 3340 638 quo
3390 547 3863 641 experimur

2318 667 2552 736 actus
2623 664 3090 746 interiores,
3152 664 3527 739 deficeret
3600 666 3860 739 omnis

2320 780 2663 855 scientia
2734 780 3027 853 animae
3094 786 3176 855 et
3251 780 3700 864 habituum,
3786 788 3864 857 et

2318 893 2468 969 1100
2504 901 2671 969 tam
2705 918 2803 969 ex
2849 901 3082 990 parte
3123 898 3441 981 animae,
3489 918 3729 990 quam
3769 920 3867 972 ex

2318 1015 2555 1106 parte
2623 1013 3077 1089 habituum.
3162 1017 3263 1090 Et
3329 1015 3484 1090 1100
3549 1016 3869 1091 videtur

2319 1133 2656 1222 tangere
2688 1132 3192 1223 Augustinus
3222 1157 3427 1223 supra
3461 1132 3870 1207 rationem

2318 1246 2558 1342 hujus
2627 1248 2819 1323 (11011
2880 1252 2985 1322 14.
3052 1250 3143 1323 (10
3204 1250 3495 1325 Trinit.
3561 1271 3739 1344 cap.
3797 1256 3864 1325 5.

2316 1366 2467 1452 Ipsa
2508 1364 2826 1456 (inquit)
2865 1388 2934 1432 se
2974 1389 3163 1434 nosse
3200 1367 3533 1436 credenda
3573 1380 3716 1448 εει,-
3756 1368 3872 1435 sed

2315 1484 2575 1551 intenta
2606 1486 2807 1551 nimis
2837 1487 2913 1552 in
2953 1508 3063 1551 eas
3092 1507 3221 1566 ree,
3278 1507 3440 1574 quas
3473 1507 3599 1574 per
3634 1507 3868 1574 eorpo-

2314 1601 2412 1666 ris
2467 1621 2695 1667 sensus
2754 1613 2938 1669 lanto
2986 1605 3263 1688 majore,
3314 1612 3561 1689 quanto
3590 1602 3867 1667 vwviore

2313 1719 2505 1803 coepic
2544 1717 2979 1785 delectatione
3031 1720 3301 1799 sentire,
3360 1739 3499 1785 non
3547 1720 3868 1806 iynorare

2309 1854 2377 1898 se
2412 1843 2642 1921 polest,
2688 1833 2804 1901 sed
2833 1836 3128 1923 coyicare
3157 1856 3226 1901 se
3255 1856 3391 1901 non
3416 1845 3653 1922 potest.
3698 1831 3865 1902 AES-
3951 1865 4123 1915 Anima

2313 1945 2513 2020 timo
2574 1951 2871 2030 autem,
2935 1947 3141 2039 quod
3200 1946 3368 2019 haec
3432 1944 3649 2020 ratio
3711 1947 3864 2018 Au-

2313 2065 2621 2154 gustini
2669 2065 2932 2158 tangit
2974 2085 3335 2147 causam,
3395 2085 3648 2157 qua-re
3695 2064 3864 2137 ani-

2313 2200 2443 2252 ma
2512 2202 2673 2253 non
2740 2185 3009 2274 potest
3081 2203 3163 2255 se
3244 2182 3658 2273 ignorare,
3768 2202 3864 2253 eo

2313 2297 2519 2389 quod
2585 2296 2821 2372 habet
2884 2298 2962 2370 in
3033 2320 3116 2369 se
3186 2298 3387 2371 unde
3447 2320 3531 2371 se
3592 2299 3871 2391 potest

2311 2433 2841 2505 cognoscere;
2890 2415 3077 2507 quia
3120 2414 3356 2489 habet
3425 2416 3626 2488 unde
3690 2435 3870 2508 pos·

2313 2532 2419 2605 sit
2461 2532 2692 2615 velle,
2737 2536 2815 2605 et
2859 2535 3094 2607 actus
3148 2533 3590 2607 interiores
3628 2532 3869 2605 elice-

2314 2671 2428 2734 re,
2473 2670 2566 2722 ac
2609 2670 2753 2743 per
2802 2648 2953 2721 hoc
2995 2668 3155 2721 non
3204 2651 3472 2741 potest
3517 2671 3600 2722 se
3642 2649 3871 2742 igno-

2315 2787 2529 2838 rare.
2575 2766 2871 2858 Tangit
2921 2765 3170 2839 etiam
3215 2785 3576 2847 causam,
3614 2787 3872 2858 quare

2314 2886 2583 2976 potest
2626 2904 2710 2955 se
2743 2903 2903 2955 non
2945 2882 3340 2974 cogitare,
3400 2882 3590 2974 quia
3632 2881 3703 2955 si
3746 2882 3871 2955 ni-

2315 2999 2478 3072 mia
2526 3000 3063 3073 delectatione
3114 2999 3381 3073 fertur
3431 3020 3678 3092 super
3732 3020 3868 3072 res

2312 3117 2799 3199 exteriores,
2852 3119 2932 3189 01
2976 3136 3223 3209 super
3264 3116 3521 3189 lucem
3574 3137 3868 3211 corpo-

2317 3233 2603 3319 ralem,
2686 3234 2895 3308 sicut
2984 3237 3209 3326 patet
3308 3234 3389 3307 in
3457 3234 3867 3328 exemplo,

2315 3351 2520 3444 quod
2572 3352 2796 3443 ponit
2838 3351 2930 3423 de
2982 3349 3283 3442 pueris,
3330 3351 3643 3443 quando
3702 3351 3873 3424 effi-

2315 3468 2647 3542 ciuntur
2723 3467 3149 3540 strabones
3220 3472 3564 3561 propter
3629 3467 3870 3542 vehe-

2319 3588 2668 3657 mentem
2772 3584 3309 3658 attentionem
3410 3584 3503 3656 ad
3600 3583 3871 3657 lucem

2315 3699 2863 3794 corporalem.

2406 3819 2552 3892 Sed
2583 3817 2786 3891 nihil
2823 3817 3404 3911 praedictorum
3436 3820 3563 3889 051
3584 3835 3869 3896 causa,

2317 3955 2568 4027 quare
2636 3955 2795 4007 non
2865 3934 3124 4027 possit
3188 3933 3491 4007 intueri
3562 3954 3673 4015 se,
3740 3933 3872 4006 vel

2317 4050 2525 4142 quod
2567 4049 2697 4130 sit,
2743 4048 3140 4139 cogitare,
3195 4046 3354 4118 nisi
3406 4046 3634 4139 prius
3682 4067 3870 4139 cog-

2315 4167 2510 4240 nitis
2555 4167 2871 4240 actibus
2917 4165 3111 4238 suis.
3152 4162 3411 4258 Hujus
3445 4164 3870 4259 ratiojam

2314 4286 2437 4355 est
2485 4283 2563 4354 in
2598 4287 2829 4375 parte
2866 4285 3110 4355 tacta.
3150 4280 3349 4362 Quia
3388 4281 3651 4352 omnis
3683 4300 3872 4372 cog-

2315 4398 2547 4479 nitio,
2588 4420 2760 4492 quae
2804 4398 3094 4471 animae
3137 4396 3539 4477 convenit,
3589 4417 3872 4488 proce·

2315 4516 2429 4589 dit
2468 4516 2559 4588 (10
2599 4514 3078 4608 imperfecto
3122 4514 3217 4587 ad
3260 4512 3746 4607 perfectum,
3794 4518 3876 4587 01

2317 4631 2492 4713 1100,
2532 4653 2669 4703 5011
2704 4630 3066 4722 cognitio
3101 4630 3242 4702 illa
3274 4629 3565 4704 habeat
3591 4634 3872 4705 ortum

2318 4768 2363 4818 a
2399 4747 2637 4819 rebus
2674 4745 3231 4828 interioribus,
3266 4746 3393 4819 vel
3435 4745 3871 4820 exteriori-

2315 4862 2488 4935 bus.
2527 4865 2626 4937 Et
2659 4861 2810 4936 hoc
2851 4862 3229 4935 convenit
3270 4860 3563 4934 animae
3607 4862 3873 4934 maxi-

2320 5000 2443 5053 me
2504 4978 2983 5071 conjunctae,
3046 4976 3235 5069 quia
3277 4976 3640 5049 infimum
3685 4997 3873 5071 gra-

2314 5098 2499 5169 dum
2543 5100 2761 5171 tenet
2822 5095 3037 5169 inter
3097 5093 3435 5174 formas,
3497 5114 3632 5165 seu
3691 5093 3870 5165 sub·

2318 5212 2665 5287 stantias
2711 5211 3211 5305 spirituales
3269 5212 3367 5283 Et
3421 5209 3594 5283 ideo
3656 5208 3871 5282 sicut

2316 5328 2676 5422 cognitio
2709 5329 2801 5401 (le
2844 5327 3397 5401 exterioribus
3439 5324 3731 5420 incipit
3773 5324 3872 5397 ab

2316 5447 2591 5519 infimo
2647 5445 2901 5537 gradu
2963 5442 3481 5537 cognitioniS,
3547 5441 3683 5535 qui
3744 5444 3872 5514 est

2316 5584 2599 5636 sensus
2634 5560 3194 5654 particulariS,
3255 5559 3369 5632 510
3401 5559 3653 5634 etiam
3686 5575 3869 5649 cog-

3892 1940 3995 1975 non
4013 1933 4148 1990 potest
4190 1963 4191 1966 ,

3891 2006 3943 2038 se
3968 1991 4152 2054 ignora·-

3998 2069 4067 2104 Te·

3999 3830 4067 3878 21.
