4252 6393
1756 423 2114 500 QUAESTIO
2165 422 2242 485 lX

394 585 655 658 sitivae
685 586 937 659 etiam
973 585 1523 660 materialiter
1557 589 1933 677 acceptae.

482 703 647 776 Nec
723 702 967 784 valet,
1050 701 1256 793 quod
1332 700 1637 774 dicitur
1734 701 1942 792 quod

394 816 694 891 sufficit
727 819 821 892 ad
857 819 1255 893 unitatem
1299 818 1688 899 universi,
1736 816 1941 909 quod

395 935 987 1009 intellectivum
1020 935 1355 1008 uniatur
1387 934 1807 1015 sensitivo,
1855 935 1942 1007 ut

394 1074 588 1148 pars
619 1053 1375 1132 consubstantialis,
1436 1052 1624 1143 quia
1675 1054 1942 1124 osten-

392 1163 468 1234 di
553 1161 762 1254 quod
823 1161 1408 1235 intellectivum
1461 1160 1942 1253 inquantum

396 1279 1014 1362 intellectivam,
1092 1279 1317 1353 debet
1415 1277 1661 1351 alicui
1750 1277 1943 1351 infe·

398 1396 603 1470 riori
673 1395 891 1468 uniri
932 1401 1021 1470 ut
1076 1393 1368 1477 forma,
1416 1394 1604 1487 quia
1664 1393 1946 1468 unitur

396 1533 543 1605 per
603 1512 1090 1585 sensitivum
1160 1511 1365 1604 quod
1441 1512 1565 1582 est
1646 1509 1938 1590 forma,

398 1627 586 1722 quia
654 1629 929 1702 anima
1008 1627 1441 1703 rationalis
1522 1624 1945 1719 conjungit

396 1749 786 1837 tanquam
839 1744 1186 1818 medium
1247 1760 1499 1833 genus
1542 1743 1944 1814 creaturae

397 1862 866 1956 corporalis
936 1867 1015 1936 et
1072 1858 1560 1953 spiritualiS,
1636 1877 1797 1929 non
1858 1860 1944 1929 ut

397 1981 821 2061 sensitiva,
868 1979 1057 2071 quia
1109 1977 1224 2050 sic
1286 1977 1494 2050 cadit
1566 1993 1748 2049 cum
1820 1993 1944 2063 ge·

395 2116 592 2169 nere
642 2095 1349 2189 corruptibiliu1n3
1422 2113 1565 2165 nec
1627 2089 1947 2163 sensiti-

394 2235 589 2288 vum
663 2215 1144 2306 inquantum
1239 2209 1748 2291 sensitivum‚
1819 2210 1946 2281 est

399 2334 772 2407 infimum
909 2350 1527 2426 supremorum,
1627 2327 1946 2400 scilicet

397 2450 1053 2524 substantiarum
1122 2445 1722 2540 spiritualium;
1785 2444 1943 2516 imo

396 2567 551 2638 hoc
599 2566 960 2639 infimum
1002 2569 1127 2639 est
1186 2560 1771 2637 intellectivum
1814 2559 1945 2633 lio·

394 2683 670 2763 minis,
720 2683 1081 2755 infimum
1112 2680 1328 2752 enim
1362 2684 1487 2752 est
1518 2679 1608 2750 de
1651 2696 1947 2768 genere

394 2803 765 2882 illorum,
812 2818 1159 2891 quorum
1200 2801 1326 2870 est
1371 2796 1764 2868 infimum.

483 2917 1047 2994 Confirmatur
1130 2915 1404 2984 autem
1493 2911 1654 2984 ista
1731 2909 1946 2982 ratio

396 3053 548 3129 pel*
610 3032 1189 3125 Philosophum
1245 3032 1312 3101 2.
1370 3032 1717 3116 Playsicor.
1782 3039 1942 3094 texe.

386 3156 501 3227 21.
543 3166 606 3222 et
647 3154 976 3240 deinceps,
1051 3148 1185 3241 qui
1246 3146 1440 3221 dicit
1501 3144 1708 3238 quod
1762 3162 1946 3217 cum

393 3270 797 3363 Physicus
831 3266 1284 3341 consideret
1325 3264 1704 3344 formam,
1744 3282 1948 3352 quae-

394 3389 510 3461 rit
558 3402 974 3477 usquequo
1037 3404 1119 3455 se
1160 3381 1542 3454 extendat
1594 3377 1947 3452 conside-

393 3504 621 3578 ratio
684 3499 1010 3593 Physici
1077 3498 1297 3573 circa
1356 3494 1666 3568 formas
1729 3514 1950 3586 sepa-

394 3626 658 3700 ratas,
706 3623 795 3693 ut
835 3621 1109 3692 tamen
1167 3618 1355 3687 sunt
1414 3614 1493 3684 in
1557 3610 1944 3692 materia;

393 3735 992 3811 intellectivum
1050 3732 1264 3804 enim
1332 3729 1487 3803 etsi
1556 3728 1661 3801 sit
1730 3748 1951 3820 sepa-

391 3854 687 3935 rabile,
724 3856 801 3925 et
839 3870 983 3944 per
1014 3849 1164 3922 hoc
1193 3848 1370 3940 ejus
1401 3844 1949 3918 consideratio

392 3974 715 4066 spectet
757 3970 852 4041 ad
889 3963 1581 4058 Metapliysicam;
1622 3961 1950 4052 inquan-

392 4097 576 4166 tum
618 4093 893 4161 tamen
953 4089 1077 4158 est
1122 4083 1388 4154 forma
1429 4078 1824 4159 materiae,
1864 4081 1953 4150 ut

384 4207 616 4287 dicit,
655 4207 969 4298 spectat
1045 4201 1139 4272 ad
1216 4195 1952 4271 considerationem

390 4320 760 4414 Physiei.

477 4440 655 4513 Nec
726 4437 994 4528 potest
1052 4432 1232 4513 dici,
1282 4429 1489 4522 quod
1545 4426 1956 4517 intelligat

390 4552 991 4629 intellectivum
1023 4569 1201 4621 esse
1236 4547 1589 4619 formam
1631 4542 1954 4614 ratione

390 4669 815 4750 sensitivi;
894 4673 1087 4747 tum,
1127 4665 1317 4757 quia
1378 4681 1700 4753 semper
1756 4659 1954 4749 Phy-

389 4787 793 4881 losoplius
848 4786 1006 4857 ista
1051 4800 1351 4873 genera
1407 4776 1699 4850 animae
1744 4776 1959 4847 inter

380 4929 467 4979 se
484 4902 924 4994 distinguit
948 4927 963 4983 ;
986 4903 1157 4972 tuin
1178 4897 1365 4989 quia
1393 4896 1560 4987 ipse
1577 4914 1733 4966 non
1755 4891 1957 4991 vult,

384 5024 603 5116 quod
656 5018 980 5111 aliquod
1025 5014 1507 5088 sensitivum
1553 5012 1660 5085 sit
1720 5029 1954 5102 sepa·

382 5138 652 5213 rabile
697 5163 713 5206 ε
760 5134 955 5207 dicit
1007 5137 1278 5205 autem
1342 5127 1831 5201 Aristoteles
1870 5127 1950 5195 2.

379 5259 664 5345 physic.
700 5266 859 5322 text.
896 5275 1126 5320 comm.
1160 5252 1271 5320 21.
1320 5248 1677 5318 formam
1725 5261 1958 5334 sepa-

384 5377 693 5452 ratam,
747 5370 893 5441 lioc
936 5372 1084 5450 est,
1153 5362 1721 5457 separabilem,
1779 5380 1955 5432 esse

380 5491 475 5564 de
537 5484 1200 5561 consideratione
1264 5479 1614 5571 l‘hysici,
1676 5482 1764 5550 ut
1825 5479 1954 5549 est

383 5606 469 5683 in
516 5603 894 5679 materia.
938 5603 1119 5674 Non
1160 5598 1483 5672 videtur
1543 5616 1742 5688 ergo
1794 5593 1950 5667 suf-

3475 420 3593 484 415

2058 583 2303 655 ficere
2347 581 2676 665 dictum,
2750 582 2954 674 quod
3017 581 3603 656 intellectivum
3658 595 3923 724 323·th

2060 698 2396 776 uniatur
2483 699 2796 773 unitate
2890 698 3598 780 consubstantiali,
3659 722 3912 798 guafra„-

2055 821 2137 890 et
2206 837 2364 888 non
2432 815 2762 888 formali
2831 814 3191 908 corpori.
3274 818 3377 889 Et
3452 784 3926 909 lioe‘}2‘,‚²«¹r‚⁸2‹{'1‘}2⁸,

2059 936 2307 1025 patet,
2357 932 2546 1024 quia
2604 931 2958 1003 Verbum
3020 931 3378 1005 divinum
3421 952 3604 1005 eon-

2058 1049 2719 1124 substantialiter
2753 1054 3022 1144 potest
3079 1050 3235 1124 dici
3285 1049 3603 1123 unitum

2057 1169 2376 1241 naturae
2439 1165 2836 1248 humanae,
2911 1166 3345 1239 secundum
3402 1166 3607 1257 quod

2055 1282 2249 1355 dicit
2286 1282 2613 1375 positio,
2650 1285 2745 1356 ad
2776 1282 2928 1357 hoc
2960 1284 3200 1363 enim,
3240 1286 3325 1354 ut
3384 1282 3603 1365 dicit,

2060 1401 2271 1490 quod
2339 1400 2614 1492 aliqua
2705 1401 2868 1474 sint
2948 1399 3608 1473 substantialiter

2063 1514 2313 1596 unita,
2409 1514 2709 1589 suffieit
2797 1516 3004 1606 quod
3080 1516 3608 1589 consubstan-

2059 1631 2379 1705 tialiter
2419 1631 2885 1705 coexistant
2938 1631 3015 1703 in
3065 1632 3338 1724 aliquo
3381 1636 3589 1713 ente,

2059 1752 2148 1822 ut
2223 1749 2645 1841 supposito
2711 1747 2920 1821 inest
2979 1752 3278 1823 natura
3337 1749 3608 1822 divina

2058 1866 2137 1936 et
2197 1862 2553 1936 humana
2612 1864 2693 1937 in
2763 1864 3134 1945 Christ0;
3200 1867 3370 1937 Nam
3433 1868 3604 1932 sicut

2055 1985 2286 2049 anima
2322 1985 2686 2050 rationalis
2738 1996 2797 2049 et
2844 2006 3001 2050 caro
3039 2004 3209 2051 unus
3248 1995 3342 2049 est
3386 1985 3602 2063 home,

2058 2101 2155 2166 ila
2229 2101 2403 2166 Deus
2460 2111 2521 2166 ee
2588 2101 2779 2167 homo
2855 2122 3025 2167 unus
3108 2112 3200 2167 est
3276 2101 3603 2168 Christus.

2058 2215 2287 2286 Nunc
2351 2218 2626 2287 autem
2693 2214 2882 2288 talis
2944 2214 3133 2287 unio
3174 2234 3338 2287 non
3381 2214 3609 2307 ponit

2056 2331 2667 2423 dependentiam
2742 2331 2978 2404 unius
3074 2332 3168 2404 ad
3254 2332 3607 2406 alterum

2056 2453 2542 2529 extremum,
2597 2469 2741 2520 nec
2787 2449 3269 2522 relationem
3307 2447 3607 2520 realem

2055 2564 2601 2647 essentialem,
2659 2566 2850 2657 quia
2892 2586 3054 2637 non
3094 2570 3221 2639 est
3275 2564 3383 2638 ibi
3417 2566 3608 2637 unio

2060 2698 2206 2772 per
2272 2680 2596 2754 modum
2640 2682 2983 2755 formae:
3026 2686 3107 2758 et
3168 2682 3358 2756 talis
3419 2683 3609 2755 unio

2060 2800 2803 2889 quantumcumque
2873 2798 3189 2881 intima,
3250 2803 3330 2873 et
3401 2799 3612 2872 ordi-

2058 2916 2254 2986 nata
2312 2918 2392 2987 et
2471 2914 2742 2997 sortis,
2788 2916 3256 2991 necessario
3306 2921 3431 2990 est
3489 2935 3612 2989 ac·

2060 3029 2508 3113 cidentalis,
2546 3052 2707 3103 non
2737 3032 2954 3105 enim
2987 3036 3111 3106 est
3142 3034 3232 3105 de
3256 3033 3612 3106 essentia

2060 3165 2432 3238 personae
2486 3146 2776 3222 divinae
2837 3153 2924 3224 ut
2983 3148 3320 3223 uniatur
3374 3152 3607 3224 natu-

2063 3284 2175 3335 rae
2219 3263 2623 3347 humanae3
2669 3286 2869 3357 ergo
2914 3266 2984 3339 si
3027 3266 3611 3340 intellectivum

2059 3399 2218 3451 non
2256 3381 2537 3456 unitur
2575 3383 2906 3476 corpori
2953 3384 3040 3456 ut
3089 3383 3400 3465 forma,
3464 3403 3609 3456 nec

2061 3515 2363 3589 corpus
2417 3497 2863 3574 inclinatur
2920 3499 3476 3574 essentialiter
3515 3498 3611 3571 ad

2065 3611 2680 3696 intellectivum,
2717 3635 2861 3687 nec
2896 3636 2938 3687 e
2973 3615 3424 3689 contrario,

2155 3729 2386 3803 Patet
2425 3729 2672 3803 etiam
2719 3731 2926 3823 quod
2976 3730 3146 3803 haec
3198 3731 3388 3804 unio
3447 3750 3609 3804 non
3754 3753 3835 3807 ⁴³.

2063 3849 2189 3919 est
2258 3850 2503 3915 intima
2567 3861 2628 3914 et
2716 3852 2918 3936 sortis
2973 3849 3019 3930 ⁶,
3084 3847 3271 3939 quia
3339 3869 3808 3940 quam-wido
3838 3889 3932 3923 su-

2062 3962 2187 4034 vis
2227 3962 2815 4037 intellectivum
2877 3966 3311 4038 secundum
3364 3965 3611 4039 istum
3643 3950 3762 4049 ρξ’
3783 3951 3931 3990 ''⁸¹¹¹“

2068 4078 2391 4151 modum
2461 4080 2798 4171 corpori
2841 4080 3176 4155 uniatur
3247 4082 3614 4154 substan·

2068 4195 2383 4269 tialiter
2466 4200 2547 4269 et
2619 4196 2926 4278 intime,
2993 4197 3471 4289 inquantum
3530 4199 3613 4290 ly

2066 4315 2304 4381 intime
2356 4311 2691 4387 includit
2752 4313 3099 4386 medium
3175 4314 3609 4399 distantiae,

2067 4447 2228 4500 non
2287 4430 2563 4501 tamen
2604 4432 2728 4503 est
2791 4428 3102 4512 intima,
3173 4431 3379 4503 sicut
3423 4433 3612 4506 unio

2072 4543 2443 4619 sensitivi
2486 4545 2580 4615 ad
2652 4565 2980 4637 corpuS,
3055 4545 3123 4617 si
3183 4547 3266 4638 ly
3305 4552 3616 4617 intimum

2069 4659 2284 4733 dicat
2320 4659 2902 4753 perfectionem
2947 4661 3293 4735 unionis.
3332 4667 3616 4739 Osten-

2070 4776 2189 4849 di·
2249 4776 2487 4858 enim,
2553 4777 2761 4868 quod
2805 4776 3245 4870 perfectius
3308 4780 3611 4864 unitur,
3675 4813 3874 4877 nupt-a
3907 4823 3960 4859 n.

2075 4893 2283 4984 quod
2372 4893 2652 4966 unitur
2735 4893 2846 4964 in-
2903 4894 3222 4969 ratione
3298 4896 3610 4980 formae,
3645 4873 3731 4927 ῃ·

2072 5010 2152 5080 et
2213 5009 2473 5101 partis
2538 5010 3264 5086 consubstantialis
3342 5014 3610 5097 simul,

2075 5145 2315 5216 quam
2362 5126 2569 5218 quod
2616 5127 2695 5197 in
2739 5126 3059 5200 ratione
3119 5128 3381 5220 partis
3431 5152 3614 5203 con-

2074 5241 2640 5316 substantialis
2713 5243 3003 5315 solum.
3076 5246 3187 5317 Ac
3269 5267 3412 5339 per
3463 5248 3612 5321 hoc

2072 5362 2322 5449 patet,
2361 5359 2567 5451 quod
2609 5381 2767 5431 non
2826 5364 2950 5435 est
2995 5361 3108 5435 ita
3140 5360 3384 5437 fortis
3422 5367 3611 5439 unio

2070 5474 2590 5551 intellectivae
2632 5477 2727 5549 ad
2760 5498 3085 5584 corpus,
3125 5481 3334 5555 sicut
3367 5483 3612 5556 sensi-

2068 5594 2282 5666 tivae.
2321 5596 2487 5667 Nec
2535 5594 2677 5668 fiat
2713 5593 3104 5671 instantia
3135 5598 3226 5671 de
3249 5599 3604 5687 Christo,
