4252 6393
455 2694 486 2744 7

371 2732 601 2820 objioeio

360 2823 566 2884 prima.

342 3736 610 3788 Secunda.

379 4226 583 4278 Tereia.

652 396 723 457 16

664 561 1036 645 respectu
1100 554 1451 625 istorum
1528 547 2015 620 inferiorum
2083 563 2200 614 re-

661 671 1023 763 quiritur
1072 669 1277 759 quod
1340 667 1753 755 attingant
1807 662 2031 740 fines,
2089 663 2200 731 in-

659 794 1051 880 quantum
1088 789 1453 878 possunt,
1502 783 1596 853 ad
1638 802 1838 872 quos
1873 785 2199 853 natura-

659 906 1377 978 literordinantur.
1402 899 1895 971 Antecedens
1916 895 2198 987 proba·

657 1026 819 1102 tur,
860 1020 1047 1110 quia
1078 1018 1277 1090 fines
1323 1017 1671 1089 istorum
1710 1012 2198 1085 inferiorum

659 1143 845 1212 sunt
888 1136 1319 1216 contrarii,
1368 1135 1579 1208 sicut
1613 1152 1839 1224 aquae
1876 1127 2201 1219 frigefa-

658 1278 868 1337 cere,
952 1257 1166 1347 ignis
1245 1253 1721 1331 calefacere,
1808 1247 2040 1320 modo
2103 1244 2201 1317 ab

659 1375 937 1446 eodem
968 1393 1129 1446 non
1165 1376 1507 1464 possunt
1534 1368 1941 1463 profluere
1973 1363 2197 1435 effec-

660 1494 789 1561 tus
833 1488 1234 1563 contrarii
1271 1487 1513 1561 simul
1545 1491 1624 1558 et
1657 1482 1929 1555 semel.

750 1608 1137 1687 Secundo,
1197 1606 1385 1697 quia
1436 1603 1702 1696 prima
1769 1618 2018 1671 causa
2076 1598 2201 1666 est

663 1729 991 1807 omnino
1065 1724 1436 1817 simplex,
1501 1722 1580 1792 et
1644 1714 2195 1793 invariabilis;

659 1868 859 1939 ergo
904 1844 1171 1939 prima
1216 1859 1467 1912 causa
1517 1856 1676 1907 non
1738 1835 2008 1926 potest
2061 1830 2202 1902 im-

659 1964 1001 2039 mediate
1069 1977 1315 2049 agere
1366 1956 1445 2027 in
1486 1953 1843 2043 aliquam
1906 1966 2200 2021 novam

662 2079 1251 2174 operationem.
1299 2066 1901 2160 Consequentia
1950 2066 2197 2143 tenet,

662 2197 850 2290 quia
886 2216 933 2269 a
963 2194 1388 2269 voluntate
1439 2187 1777 2277 antiqua
1810 2201 1971 2255 non
2020 2201 2201 2272 pro-

660 2313 884 2386 venit
935 2312 1153 2384 actio
1206 2327 1442 2388 nova,
1503 2324 1651 2397 per
1690 2300 2201 2375 Commenta-

660 2441 928 2509 torem
967 2433 1032 2502 8.
1069 2432 1532 2517 physicorum.
1591 2425 1691 2495 Et
1726 2415 2202 2493 antecedens

666 2552 888 2641 patet
930 2548 1037 2618 12.
1077 2546 1364 2632 Metaph.

754 2663 899 2737 Sed
932 2665 1225 2735 contra
1267 2655 1875 2729 conclusionem
1931 2648 2202 2742 objici-

665 2786 826 2859 tur,
868 2777 1074 2870 quod
1116 2778 1332 2849 Deus
1375 2771 1740 2845 continet
1802 2768 1881 2839 in
1918 2788 2000 2838 se
2042 2766 2202 2838 vir-

665 2902 909 2978 tutes,
967 2900 1047 2968 et
1095 2890 1641 2986 perfectiones
1696 2884 2057 2958 omnium
2108 2882 2202 2954 is-

662 3020 942 3088 torum
1006 3009 1530 3085 inferiorum;
1602 3003 1860 3093 igitur
1930 2999 2202 3071 imme·

662 3131 877 3204 dia-te
920 3131 1193 3221 potest
1239 3144 1525 3215 regere
1569 3121 1730 3192 ista
1771 3116 2196 3208 inferiora.

664 3244 1260 3338 Consequentia
1283 3245 1531 3321 tenet,
1558 3239 1747 3331 quia
1778 3236 2024 3309 aliter
2044 3254 2205 3306 non

662 3365 1124 3440 contineret
1156 3361 1556 3433 virtutem
1605 3354 2041 3447 cujuslibet
2093 3355 2203 3424 in-

662 3482 1023 3558 ferioris.
1117 3478 1612 3560 Antecedens
1711 3475 2055 3566 apparet
2133 3474 2199 3543 5.

664 3605 1097 3692 Melaphysic.
1145 3603 1361 3688 capite
1390 3597 1471 3665 de
1496 3596 1817 3684 perfecto.

755 3718 1140 3798 Secundo,
1203 3718 1419 3788 Deus
1481 3714 1606 3784 est
1660 3707 2201 3798 omnipotens,

665 3843 754 3911 ut
827 3839 1049 3928 patet
1116 3836 1222 3905 12.
1296 3831 1584 3918 Metaph.
1657 3845 1857 3915 ergo
1938 3825 2209 3915 potest

666 3953 1128 4026 immediate
1162 3948 1409 4020 istum
1446 3943 1827 4016 mundum
1882 3937 2209 4011 inferio-

668 4090 839 4147 rem
875 4087 1185 4161 regere.

755 4185 1060 4267 Tertio,
1086 4181 1274 4275 quia
1299 4178 1564 4273 prima
1587 4195 1834 4248 causa
1868 4170 2210 4244 median-

669 4315 750 4383 te
791 4321 1147 4397 corpore
1178 4294 1491 4372 coelesti
1538 4292 1751 4384 regit
1803 4291 1962 4364 ista
2021 4285 2212 4359 infe·

672 4426 940 4506 riora3
977 4438 1180 4511 ergo
1224 4438 1308 4489 se
1342 4414 1520 4486 sola
1566 4414 1838 4504 potest
1885 4407 1960 4480 id
2009 4400 2214 4479 face-

676 4567 784 4617 re.
833 4533 1431 4628 Consequentia
1462 4533 1709 4610 tenet,
1747 4526 1936 4618 quia
1967 4541 2216 4598 causa

673 4661 939 4755 prima
974 4656 1244 4748 potest
1282 4671 1365 4722 se
1419 4647 1596 4722 sola
1655 4645 1952 4723 facere,
2001 4639 2213 4732 quid·

675 4776 860 4870 quid
896 4775 1167 4867 potest
1199 4786 1449 4842 causa
1501 4763 1872 4837 secunda.

766 4893 1102 4975 QuartO,
1142 4905 1287 4979 per
1310 4885 1756 4957 Auctorem
1774 4878 1864 4949 de
1897 4872 2210 4953 Causis,

680 5005 815 5098 qui
881 5003 1075 5076 dicit
1133 4998 1339 5092 quod
1408 5014 1659 5069 causa
1715 4991 1984 5084 prima
2034 4988 2214 5080 plus

679 5121 942 5198 influit
975 5118 1057 5191 in
1090 5115 1494 5194 effectum,
1543 5130 1784 5203 quam
1808 5126 2059 5179 causa
2101 5127 2214 5176 se-

676 5239 957 5312 cunda.
993 5236 1210 5306 Tunc
1246 5231 1621 5321 signetur
1668 5224 1886 5306 illud,
1934 5223 2013 5297 in
2058 5242 2214 5314 quo

678 5356 946 5450 prima
986 5369 1236 5425 causa
1281 5348 1459 5440 plus
1516 5343 1802 5424 influit,
1867 5347 1947 5415 et
1988 5360 2215 5412 voce-

674 5480 815 5548 tur
845 5477 923 5541 A.
967 5470 1187 5540 Tunc
1219 5469 1271 5533 A
1308 5462 1632 5554 regitur
1663 5481 1710 5534 a
1736 5458 2006 5552 prima
2038 5474 2217 5528 cau-

675 5611 765 5662 sa
841 5583 1301 5660 immediate
1357 5581 1749 5670 quantum
1851 5574 1945 5644 ad
2030 5568 2222 5643 illud

1834 386 1972 445 LlB.
2029 386 2071 444 Ι.
2124 382 2666 444 METEORORUM

2320 542 2496 632 plus
2544 569 2555 610 :
2596 560 2799 630 ergo
2833 547 2913 613 et
2957 541 3362 632 quodlibet
3406 540 3621 612 aliud
3674 560 3856 611 con-

2318 659 2704 731 similiter
2727 663 2995 751 potest
3032 659 3233 747 regi.
3261 658 3858 749 Consequentia

2317 780 2560 856 tenet,
2602 776 2786 867 quia
2847 796 3006 848 non
3054 780 3178 847 est
3208 776 3400 847 dare
3425 775 3852 853 rationem,

2317 913 2570 984 quare
2620 894 2887 986 prima
2944 915 3193 966 causa
3265 899 3532 986 potest
3598 896 3856 984 magis

2315 1012 2773 1085 immediate
2819 1013 3159 1084 inunum
3202 1011 3578 1092 istorum,
3618 1031 3858 1101 quam

2313 1128 2393 1199 in
2435 1129 2814 1202 alterum.

2405 1247 2517 1317 Ad
2588 1246 2770 1327 ista,
2835 1251 2913 1318 et
2974 1247 3240 1339 primo
3312 1247 3407 1318 ad
3466 1245 3849 1338 primum,
3947 1229 4148 1340 ¹44⁸]-

2311 1362 2487 1432 dico
2552 1363 2762 1453 quod
2807 1384 2967 1434 non
3002 1362 3499 1449 intelligitur
3532 1362 3739 1453 quod
3774 1362 3853 1432 in
3949 1352 4146 1414 ‘’⁶³'‘0‘·

2315 1480 2479 1548 Deo
2535 1484 2721 1551 sunt
2763 1478 3056 1569 aliquae
3107 1478 3673 1571 perfectiones,
3728 1479 3855 1549 vel

2314 1593 2665 1667 virtutes
2723 1595 3126 1669 distinctae
3188 1617 3233 1666 a
3275 1597 3482 1675 Deo;
3550 1596 3682 1667 sed
3741 1595 3855 1667 sic
3884 1594 4213 1717 afflig

2318 1711 2809 1803 intelligitur
2853 1714 3058 1804 quod
3101 1714 3315 1784 Deus
3367 1718 3490 1785 est
3551 1712 3854 1805 simpli-
3878 1718 4184 1781 perfectu-³-

2314 1829 2526 1902 citcr
2586 1829 2996 1921 perfectus
3059 1830 3497 1901 secundum
3541 1830 3854 1921 quanti-

2315 1952 2569 2020 tatem
2600 1946 2962 2027 virtutis,
3004 1946 3117 2019 ita
3153 1946 3358 2036 quod
3394 1949 3519 2018 est
3553 1945 3855 2037 perfec-

2316 2065 2631 2138 tissime
2689 2084 2934 2156 super
2980 2063 3252 2135 omnia
3319 2062 3530 2135 bona
3569 2063 3849 2144 bonus,

2313 2186 2396 2255 et
2433 2182 2900 2261 virtuosus;
2951 2181 3082 2252 sed
3121 2184 3461 2271 propter
3500 2179 3652 2252 hoc
3697 2201 3856 2252 non

2319 2303 2647 2390 oportet
2690 2298 2899 2390 quod
2933 2298 3174 2369 istam
3207 2296 3682 2378 bonitatem,
3728 2297 3855 2369 vel

2315 2414 2710 2488 virtutem
2753 2418 3024 2506 potest
3068 2434 3456 2485 exercere
3489 2413 3585 2484 ad
3617 2413 3854 2504 quod-

2317 2529 2509 2604 libet
2545 2529 3031 2603 immediate.

2407 2648 2519 2720 Ad
2589 2648 3050 2727 secundum,
3087 2646 3264 2719 dico
3328 2646 3536 2737 quod
3597 2648 3853 2718 Deum

2319 2765 2698 2837 mundum
2736 2762 3194 2836 immediate
3223 2782 3509 2852 regere
3548 2766 3673 2834 est
3717 2762 3854 2833 im-

2321 2882 2730 2974 possibile,
2805 2881 2939 2952 sed
2988 2900 3148 2952 non
3205 2879 3579 2971 sequitur
3648 2879 3856 2971 quod

2316 3000 2530 3072 Deus
2572 3018 2733 3070 non
2769 2997 2876 3071 sit
2921 2996 3463 3089 omnipotens,
3519 3016 3614 3068 eo
3650 2995 3856 3086 quod

2316 3135 2475 3187 non
2517 3119 2788 3208 potest
2833 3111 3335 3207 impossibile
3378 3110 3671 3183 facere.

2403 3232 2516 3305 Ad
2542 3233 3270 3322 tertium‚negatur
3293 3229 3498 3321 quod
3530 3231 3857 3318 quidquid

2309 3363 2520 3442 potest
2553 3353 2780 3440 prima
2818 3371 3042 3432 causa,
3077 3352 3231 3421 etc,

2406 3466 2519 3540 Ad
2561 3469 2971 3557 quartum,
3020 3468 3248 3554 prima
3306 3486 3502 3532 causa
3536 3464 3691 3550 plus
3753 3465 3852 3528 in-

2316 3586 2490 3670 fluit,
2514 3582 2690 3655 dico
2713 3582 2918 3673 quod
2940 3600 3101 3653 non
3137 3579 3626 3670 intelligitur
3651 3577 3856 3668 quod

2325 3703 2590 3794 prima
2612 3721 2860 3774 causa
2884 3699 3184 3791 aliquid
3243 3698 3525 3771 influat
3561 3697 3639 3769 in
3670 3695 3860 3768 infe-

2324 3819 2554 3891 riora
2621 3818 3021 3891 mediante
3067 3835 3316 3889 causa
3372 3814 3743 3893 secunda,
3780 3817 3861 3887 et

2323 3930 2625 4024 aliquid
2660 3931 3058 4004 mediante
3091 3928 3400 4021 seipsa;
3460 3927 3595 3999 sed
3637 3925 3862 3999 intel-

2323 4047 2612 4140 ligitur
2663 4047 2872 4139 quod
2912 4046 3180 4139 prima
3221 4062 3470 4117 causa
3522 4043 3700 4135 plus
3753 4041 3862 4114 in-

2325 4163 2527 4247 fluit,
2612 4163 2687 4237 id
2752 4167 2901 4245 est,
2977 4161 3367 4256 proprius
3434 4162 3559 4232 est
3617 4176 3865 4230 causa

2327 4282 2547 4355 illius
2569 4280 2905 4354 effectus
2937 4299 3176 4372 quam
3210 4298 3459 4351 causa
3490 4275 3860 4348 secunda.

2417 4398 2562 4472 Sed
2589 4395 2937 4469 secunda
2970 4393 3397 4468 conclusio
3423 4395 3546 4466 est
3590 4410 3862 4463 secun·
3924 4408 4213 4520 ‘ffifflssss‘’

2327 4516 2512 4588 dum
2544 4514 2802 4595 fidem,
2833 4510 3041 4604 quod
3069 4514 3282 4584 Deus
3307 4509 3565 4602 possit
3591 4508 3862 4580 imme·
3893 4535 4217 4596 υεωροιωε

2328 4630 2540 4702 diate
2593 4647 2905 4717 regere,
2959 4629 3039 4700 et
3096 4623 3556 4714 gubernare
3615 4620 3864 4692 istum
3894 4597 4214 4721 ξῗρξξέξῖζῗ,

2332 4746 2712 4820 mundum
2747 4741 3248 4820 inferiorem,
3295 4735 3865 4825 circumscrip·
3899 4721 4178 4780 ''W’‘'bm

2332 4867 2413 4937 ta
2465 4880 2968 4954 quacumque
3018 4859 3560 4930 concurrente
3620 4869 3868 4925 causa

2331 4977 2718 5058 secunda;
2775 4980 2854 5048 et
2893 4973 3047 5046 hoc
3101 4972 3490 5045 habemus
3540 4969 3869 5043 credere

2327 5116 2423 5168 ex
2455 5095 2626 5166 fide.

3949 2649 4040 2699 Ad
4067 2648 4117 2698 2.

3949 3223 4063 3274 Ad.
4099 3222 4149 3271 3.

3963 3473 4072 3523 Ad.
4102 3473 4150 3523 ⁴.
