4252 6393
1649 460 2009 536 QUAESTlo
2055 462 2224 524 xvu

427 618 553 692 Ita
591 619 892 700 dicunt,
951 619 1157 711 quod
1199 641 1379 691 cum
1433 620 1524 691 de
1567 641 1754 692 aere
1794 621 1884 694 fit

350 736 575 827 ignis,
623 738 1041 830 paulatim,
1087 740 1168 812 et
1212 758 1356 831 per
1389 737 1689 828 gradus
1724 738 1882 810 for-

349 875 464 926 ma
510 855 1078 930 substantialis
1137 856 1346 948 ignis
1406 861 1876 947 generatur,

269 979 276 988 ‘
345 976 414 1044 et
455 972 662 1063 quod
702 973 950 1047 etiam
1004 973 1590 1065 quodammodo
1634 994 1881 1045 unum

344 1109 514 1160 cum
584 1109 772 1161 aere
841 1090 1223 1172 efficitur,
1284 1090 1473 1182 quia
1528 1111 1685 1162 non
1748 1113 1878 1183 op-

345 1209 753 1298 ponuntur
824 1207 975 1279 sibi
1053 1207 1435 1288 invicem,
1505 1215 1875 1301 respectu

341 1322 689 1412 ejusdem
743 1324 1136 1405 materiae,
1185 1324 1455 1396 forma
1508 1325 1744 1414 ignis,
1799 1330 1880 1398 et

341 1439 602 1512 forma
633 1441 877 1523 aeriS,
917 1441 1076 1514 nisi
1114 1445 1200 1515 ut
1234 1442 1610 1533 quaelibet
1642 1447 1766 1516 est
1801 1443 1879 1514 in

342 1574 479 1625 suo
524 1555 777 1646 gradu
815 1556 1228 1648 specifico;
1267 1561 1348 1631 et
1383 1558 1497 1631 ita
1537 1577 1716 1630 cum
1754 1578 1876 1630 ca-

342 1671 605 1745 liditas
712 1672 1181 1746 intendatur
1236 1679 1316 1748 et
1372 1679 1879 1748 sustentetur

338 1808 491 1858 non
554 1787 816 1859 solum
876 1789 951 1860 in
1008 1790 1381 1872 materia,
1440 1796 1524 1863 ut
1565 1796 1690 1864 est
1733 1791 1878 1862 sub

337 1901 601 1974 serina
644 1906 887 1987 aeriS,
946 1907 1077 1976 sed
1119 1905 1368 1979 etiam
1416 1910 1500 1978 ut
1553 1911 1677 1980 est
1731 1905 1876 1978 sub

336 2016 601 2092 forma
644 2019 879 2110 ignis;
927 2020 1101 2091 ideo
1157 2021 1371 2094 inter
1415 2021 1872 2114 corruptio-

334 2157 508 2208 nem
566 2137 809 2220 aeriS,
873 2143 953 2212 et
1004 2139 1617 2229 generationem
1665 2140 1871 2231 ignis

333 2273 486 2324 non
538 2258 664 2326 est
718 2253 1047 2326 omnino
1089 2257 1499 2328 successio
1543 2278 1726 2328 cum
1764 2258 1874 2328 in-

335 2370 874 2462 terruptione,
913 2369 1028 2443 sic
1071 2370 1443 2445 videlieet
1481 2376 1564 2445 ut
1607 2371 1874 2444 forma

328 2486 544 2558 aeris
635 2486 1011 2560 totaliter
1095 2494 1713 2581 corrumpatur,
1794 2493 1874 2561 et

329 2602 845 2694 postmodum
916 2608 1091 2677 tota
1146 2603 1413 2677 forma
1485 2605 1693 2695 ignis
1764 2605 1874 2677 in-

326 2718 835 2790 troducatur.
911 2720 1358 2790 Secundum
1429 2724 1703 2793 autem
1765 2726 1876 2795 to-

323 2835 576 2907 talem
618 2836 1235 2927 corruptionem
1290 2835 1576 2909 formae
1629 2838 1870 2920 aeris,

322 2950 410 3024 tit
469 2971 615 3043 per
666 2952 965 3043 gradus
1026 2951 1523 3042 introductio
1587 2953 1874 3027 formae

323 3066 567 3156 ignis,
619 3072 706 3140 ut
750 3068 865 3140 sic
913 3069 1144 3159 quasi
1191 3089 1438 3140 unum
1476 3071 1581 3142 sit
1613 3092 1756 3143 aer
1796 3076 1875 3146 et

319 3185 598 3257 forma
624 3184 861 3277 igniS‚
893 3185 1038 3258 sub
1063 3187 1311 3277 gradu
1352 3187 1870 3281 incompletO,

319 3324 413 3375 ae
465 3324 611 3397 per
652 3302 802 3377 hoc
857 3326 1038 3377 cum
1091 3306 1464 3379 caliditas
1524 3313 1718 3381 nata
1768 3309 1874 3382 sit

314 3419 715 3511 consequi
748 3425 918 3493 tam
955 3419 1246 3508 ignem,
1295 3441 1536 3512 quam
1569 3443 1868 3507 aerem,

311 3558 512 3609 cum
557 3538 633 3609 in
681 3537 843 3608 illis
884 3557 1046 3609 non
1100 3538 1205 3610 sit
1252 3539 1584 3630 proprie
1629 3540 1872 3613 inter-

316 3653 628 3746 ruptio,
697 3674 840 3727 nec
893 3655 971 3726 in
1024 3654 1438 3729 caliditate
1497 3659 1632 3730 fiet
1693 3680 1872 3751 pro-

313 3772 504 3864 prie
546 3770 1072 3863 interruptio.

411 3890 524 3960 Et
567 3887 634 3958 si
678 3886 924 3967 dicas,
981 3888 1428 3978 quodaliud
1487 3888 1640 3962 fuit
1706 3892 1875 3961 sub-

297 4003 655 4093 jectum,
706 4005 786 4075 in
839 4024 996 4094 quo
1046 4003 1308 4096 primo
1343 4005 1520 4086 fuit,
1561 4006 1872 4079 scilicet

303 4139 498 4198 aer;
543 4119 757 4190 aliud
803 4120 880 4190 in
926 4140 1081 4210 quo
1125 4125 1249 4193 est
1292 4122 1697 4213 completa
1741 4144 1872 4211 ge-

303 4234 673 4316 neratio,
724 4234 1038 4309 scilicet
1091 4235 1326 4326 ignis,
1400 4237 1600 4317 (lico,
1668 4240 1871 4328 quod

297 4351 697 4425 caliditas
733 4352 1182 4443 symbolica
1227 4373 1388 4425 non
1428 4358 1551 4426 est
1595 4354 1673 4424 in
1713 4355 1872 4426 illis

296 4468 655 4548 duobus,
705 4474 795 4542 ut
838 4468 1172 4560 proprie
1202 4470 1355 4540 duo
1393 4477 1602 4551 sunt,
1642 4472 1875 4562 quasi

294 4588 755 4657 numerata
801 4604 945 4676 per
992 4583 1700 4677 interruptionem,
1741 4589 1872 4658 sed

298 4704 392 4773 ut
428 4705 632 4773 sunt
664 4720 911 4771 unum
959 4720 1100 4792 per
1149 4703 1576 4791 quamdam
1619 4704 1873 4777 conti-

297 4815 827 4889 nuationem.

393 4931 777 5003 Ulterius
820 4932 1022 5011 dico,
1071 4934 1274 5023 quod
1319 4934 1701 5026 praedicta
1745 4957 1871 5027 po-

293 5046 516 5120 sitio
559 5046 1144 5121 insufficienter
1178 5049 1470 5140 quferit
1513 5051 1873 5123 acciden-

289 5165 409 5236 tis
447 5164 1110 5258 corruptionem,
1145 5167 1270 5238 vel
1308 5167 1869 5250 mutationem,

288 5299 453 5371 per
495 5281 1068 5358 mutationem,
1099 5282 1224 5351 vel
1258 5282 1870 5373 corruptionem

284 5393 667 5484 subjecti
702 5421 715 5464 ε
756 5396 969 5487 quia,
1021 5401 1105 5469 ut
1139 5398 1403 5469 visum
1437 5399 1671 5472 estin
1710 5401 1873 5492 pri-

288 5530 440 5581 mo
504 5510 892 5593 articulo,
940 5533 1100 5583 non
1141 5519 1626 5587 numeratur
1672 5516 1874 5587 acei-

289 5626 512 5698 dens
560 5644 700 5717 per
732 5651 839 5710 se,
877 5634 957 5703 et
1005 5631 1269 5721 primo
1317 5652 1461 5723 per
1506 5652 1874 5704 numera-

3418 461 3539 525 613

1999 621 2305 697 tionem
2360 623 2726 715 subjecti,
2792 624 2923 696 sed
2986 644 3130 716 per
3168 642 3545 696 numera-
3650 683 3653 686 2

1997 739 2301 812 tionem
2357 739 2482 811 sui
2526 763 2659 808 esse
2699 739 3072 820 actualis,
3129 740 3334 831 quod
3384 759 3543 811 non

1996 854 2234 928 habet
2267 875 2311 926 a
2344 855 2734 943 subjecte,
2772 856 2928 928 nisi
2976 876 3118 948 per
3150 855 3543 937 accidens,

1998 977 2085 1046 ut
2125 972 2424 1046 dictum
2477 975 2627 1046 est.
2679 972 2860 1044 Ideo
2904 993 3086 1044 cum
3121 996 3255 1040 esse
3289 973 3549 1064 quali-

1996 1089 2193 1163 tatis
2228 1088 2697 1181 symbolicae
2734 1089 2840 1162 sit
2876 1089 3078 1161 idem
3127 1089 3204 1160 in
3254 1089 3432 1179 igne
3465 1095 3544 1162 et

1992 1226 2206 1287 aere,
2256 1205 2690 1277 secundum
2736 1203 3075 1296 gradum
3145 1204 3409 1294 magis
3466 1210 3544 1278 et

1994 1322 2259 1393 minus
2296 1322 2726 1402 intensum,
2757 1320 2961 1412 quod
2989 1320 3304 1412 quidem
3342 1321 3542 1392 idem

1996 1442 2365 1511 remanet
2403 1439 2652 1512 etiam
2712 1458 2854 1528 per
2904 1436 3329 1528 quamdam
3363 1458 3541 1508 con-

1994 1553 2535 1630 tinuationem
2597 1553 2943 1627 actualis
3003 1577 3136 1620 esse
3184 1552 3400 1623 aeris
3460 1556 3540 1627 et

1995 1672 2231 1763 ignis,
2307 1671 2477 1742 ideo
2550 1670 2688 1741 illa
2759 1669 3110 1760 qualitas
3172 1673 3538 1743 remanet

1989 1788 2264 1859 eadem
2307 1808 2674 1859 numero.

2083 1910 2181 1980 Et
2215 1927 2358 1999 per
2391 1905 2539 1976 hoc
2574 1905 3006 1977 solvuntur
3036 1924 3312 1974 omnes
3341 1923 3535 1994 pra}-

1987 2024 2222 2096 ‹lictae
2291 2022 2764 2115 positiones,
2832 2043 3004 2112 quse
3069 2041 3343 2093 omnes
3398 2021 3534 2092 uni

1991 2141 2457 2213 innituntur
2503 2139 3048 2220 fundamentO,
3114 2138 3321 2230 quod
3390 2138 3534 2211 sci-

1990 2257 2212 2338 licet,
2275 2256 2645 2328 accidens
2712 2254 3006 2328 habeat
3070 2274 3116 2325 a
3169 2253 3534 2345 subjecto

1990 2395 2150 2447 non
2191 2375 2452 2444 solum
2486 2376 2697 2441 inesse
2726 2377 2806 2445 et
2843 2371 3530 2452 terminationem,

1990 2491 2123 2562 sed
2192 2489 2440 2561 etiam
2510 2511 2642 2556 esse
2739 2487 3251 2580 simpliciter,
3362 2486 3533 2557 ideo

1989 2608 2383 2696 corrupto
2419 2603 2782 2696 subjecto
2816 2603 3538 2695 corrumpituresse

1993 2721 2353 2794 omnium
2388 2721 2950 2794 accidentium.

2079 2837 2351 2910 Adhuc
2411 2837 2624 2909 enim
2679 2837 3021 2919 videtur,
3081 2836 3287 2928 quod
3334 2835 3534 2907 acei-

1987 2955 2258 3028 dentia.
2316 2958 2432 3042 (ut
2496 2959 2912 3027 ostensum
2973 2958 3125 3041 est)
3181 2973 3339 3023 non
3404 2952 3533 3023 lia-

1985 3068 3529 3162 bentilludesseasubjecto,perquodl1a-

1984 3189 2172 3262 bent
2214 3187 2639 3269 unitatem,
2688 3191 2766 3260 et
2813 3208 2957 3280 per
3008 3185 3212 3277 quod
3257 3206 3528 3257 nume-

1990 3308 2285 3378 rantur
2314 3304 2576 3397 primo
2608 3307 2689 3376 et
2711 3324 2854 3396 per
2876 3324 2984 3383 se,
3016 3303 3216 3392 quod
3251 3307 3535 3374 estesse

1988 3420 2338 3493 actualis
2370 3418 2852 3499 existentiae,
2905 3420 3037 3489 sed
3086 3421 3351 3491 solum
3393 3419 3532 3489 ha-

1987 3538 2174 3610 bent
2216 3557 2261 3606 a
2302 3534 2761 3608 substantia
2811 3559 2943 3602 esse
2985 3535 3532 3609 subsistentia}

1989 3652 2704 3732 communicatum,
2742 3656 2821 3725 et
2848 3672 2991 3744 per
3022 3651 3174 3724 hoc
3206 3672 3368 3723 non
3402 3672 3534 3722 nu-

1990 3773 2441 3850 merantur,
2530 3788 2672 3840 nec
2756 3769 3151 3843 unitatem
3240 3768 3534 3842 habent

1988 3886 2433 3959 accidentia
2487 3885 2996 3956 diversarum
3044 3886 3525 3977 specierum.

1987 4003 2166 4073 Non
2225 4001 2541 4092 quidem
2602 4001 3022 4082 unitatem,
3072 4001 3258 4091 quia
3327 4001 3530 4073 acei-

1983 4120 2255 4192 dentia
2322 4118 2838 4189 diversarum
2908 4119 3361 4209 specierum
3432 4117 3531 4189 si-

1989 4235 2152 4306 mul
2191 4240 2377 4308 sunt
2413 4235 2488 4306 in
2527 4255 2683 4305 uno
2720 4234 3108 4323 subjecto.
3157 4234 3321 4307 Nec
3367 4235 3531 4327 plu-

1991 4352 2432 4430 ralitatem,
2488 4350 2675 4441 quia
2718 4356 2908 4423 tunc
2959 4370 3005 4421 a
3058 4351 3535 4443 pluralitate

1988 4468 2545 4559 subjectorum
2599 4468 2861 4538 solum
2920 4467 3312 4543 haberent
3371 4468 3538 4561 plu-

1989 4583 2408 4656 ralitatem
2449 4588 2529 4655 et
2575 4584 3285 4665 numerositatem,
3333 4583 3538 4673 quod

1985 4707 2110 4775 est
2144 4701 2464 4781 salsum,
2531 4700 2717 4791 quia
2753 4701 2829 4771 in
2863 4701 3140 4772 eodem
3176 4701 3538 4791 subjecto

1988 4818 2281 4889 habent
2305 4817 2984 4889 numerositatem
3012 4822 3091 4890 et
3116 4818 3538 4909 pluralita-

1987 4939 2188 5013 tcm;
2248 4933 2378 5005 sed
2424 4953 2567 5024 per
2618 4933 2988 5005 accidens
3032 4934 3328 5008 habent
3372 4937 3536 5028 plu-

1989 5052 2407 5123 ralitatem
2477 5069 2523 5121 a
2598 5049 3071 5140 pluralitate
3143 5051 3533 5143 subjecto-

1989 5189 2210 5248 rum,
2285 5166 2468 5257 quia
2552 5166 2631 5238 in
2712 5165 3076 5256 pluribus
3148 5167 3533 5257 subjectis

1990 5284 2282 5356 liabent
2322 5283 2553 5374 plura
2588 5306 2720 5351 esse
2761 5282 3144 5354 actualia.

2080 5400 2477 5472 Similiter
2501 5399 2948 5473 accidentia
2978 5399 3335 5492 ejusdem
3371 5420 3538 5494 spe-

1989 5517 2141 5589 ciei
2203 5537 2345 5588 nee
2408 5517 2832 5598 unitatem,
2906 5538 3050 5590 nec
3119 5518 3539 5609 pluralita-

1988 5634 2155 5703 tem
2189 5629 2482 5703 habent
2525 5631 2622 5702 ab
2663 5632 2999 5714 unitate,
3047 5633 3170 5703 vel
3206 5633 3538 5724 plurali-

3677 1907 3762 1960 3⁴.
