4252 6393
1698 460 2064 535 QUAES'rlo
2117 462 2132 521 l
3380 458 3497 520 215

331 619 764 709 congelatio
809 618 915 693 sit
957 640 1208 691 causa
1265 618 1591 711 quietis,
1665 640 1848 711 pro-

335 736 571 816 batur,
620 735 806 825 quia
851 739 1126 808 metus
1187 735 1516 827 impedit
1566 756 1851 823 conge-

332 850 719 931 lationem,
761 853 894 923 sed
950 852 1176 942 quies
1225 852 1460 942 Juvat
1502 871 1707 931 eam,
1766 855 1852 923 ut

333 972 528 1062 patet
622 968 714 1040 de
792 989 1002 1061 aqna
1078 970 1400 1049 fluente,
1486 973 1565 1041 et
1643 987 1852 1058 aqua

331 1090 595 1158 stante.
704 1085 1105 1159 Similiter
1198 1085 1447 1158 etiam
1537 1084 1851 1176 quande

327 1201 602 1292 aliquid
683 1206 808 1274 est
888 1201 1439 1289 congelatum,
1525 1202 1851 1292 opertet

330 1317 748 1410 quiescere,
831 1322 910 1391 et
981 1337 1142 1388 non
1233 1317 1525 1396 fluere;
1598 1315 1852 1405 igitur

329 1434 769 1523 congelatio
803 1438 928 1506 est
962 1453 1211 1505 causa
1256 1433 1579 1524 quietis

406 1551 556 1621 Nec
612 1549 861 1623 etiam
923 1549 1285 1628 tertium,
1327 1547 1640 1620 scilieet
1701 1547 1848 1617 fer-

331 1686 483 1745 vor,
570 1666 933 1758 impedit,
1022 1665 1457 1758 probatum
1534 1664 1720 1754 quia
1782 1663 1849 1734 si

329 1784 762 1873 congelatio
818 1782 1447 1876 putrefactibilis
1494 1780 1846 1872 impedit,

330 1904 497 1973 tunc
548 1900 1108 1992 fervorjuvat,
1171 1900 1358 1990 quia
1391 1896 1847 1971 contrarie-

333 2038 495 2088 rum
591 2017 1029 2090 effectuum
1123 2015 1573 2089 contrariae
1662 2019 1851 2087 sunt

327 2154 600 2215 oausae,
635 2138 724 2207 ut
764 2134 1069 2207 dicitur
1106 2140 1172 2201 in
1204 2135 1270 2204 2.
1317 2145 1605 2200 tractatu
1653 2135 1851 2219 hujus

323 2254 554 2339 quarti.
597 2249 1094 2322 Antecedens
1149 2252 1375 2340 patet
1439 2247 1516 2318 in
1571 2246 1850 2319 littera

324 2387 409 2437 ex
439 2367 843 2455 allegatis.
902 2369 1002 2439 Et
1033 2366 1580 2437 confirmatur
1611 2384 1706 2433 ex
1751 2383 1847 2433 ee

325 2482 511 2573 quod
568 2483 968 2563 caliditaS,
1040 2483 1167 2554 vel
1239 2482 1523 2553 server
1580 2480 1847 2571 aperit

326 2615 554 2687 poros
615 2595 1277 2690 putrefactibilis,
1341 2592 1659 2666 etfacit
1709 2592 1844 2664 liu-

327 2714 603 2786 midum
637 2714 1069 2792 exhalare;
1129 2712 1389 2800 igitur
1422 2712 1659 2803 juvat
1714 2731 1844 2802 pu-

323 2831 906 2911 trefactionem,
943 2834 1023 2903 et
1075 2849 1236 2900 non
1285 2828 1640 2920 impedit,
1686 2832 1839 2901 etc.

321 2948 900 3041 Consequentia
938 2949 1182 3039 patet,
1222 2946 1409 3037 quia
1444 2945 1843 3037 putrefac-

319 3068 393 3135 ta
424 3064 986 3136 incinerantur
1030 3061 1375 3142 tandem,
1415 3064 1502 3133 ut
1543 3060 1845 3134 dieitur

321 3180 391 3253 in
429 3181 746 3262 littera;
784 3199 986 3271 erge
1022 3178 1228 3270 quod
1258 3178 1493 3269 juvat
1528 3178 1621 3248 ad
1655 3177 1843 3250 inci·

319 3298 841 3377 neratienem,
898 3296 1138 3388 juvat
1209 3295 1301 3366 ad
1384 3295 1846 3387 corruptio-

317 3434 510 3496 nem,
557 3419 637 3488 et
676 3435 838 3485 non
873 3415 1352 3505 praeservat,
1409 3432 1551 3483 nee
1601 3411 1845 3503 impe-

314 3532 440 3613 dit,
478 3532 667 3624 quia
698 3535 825 3605 est
866 3550 1115 3602 causa
1148 3528 1843 3616 augmentationis

317 3646 634 3729 caloriS,
699 3645 888 3738 quia
948 3646 1180 3717 calor
1239 3648 1363 3716 est
1414 3665 1663 3716 eausa
1708 3665 1845 3736 pu·

316 3763 859 3842 trefactieniffi
928 3761 1186 3852 igitur
1239 3761 1497 3851 juvat,
1563 3765 1642 3833 et
1686 3780 1845 3832 nen

319 3879 665 3972 impedit.
708 3881 934 3958 Item,
976 3880 1246 3949 metus
1287 3876 1730 3966 disgregat,
1768 3881 1848 3950 et

315 3999 570 4090 aperit
617 4016 863 4089 poros
909 3994 1567 4087 putrefactibilis,
1614 3998 1693 4067 et
1725 3997 1848 4066 est

313 4134 550 4186 causa
622 4110 1286 4207 putrefactionis;
1364 4111 1620 4200 igitur
1688 4116 1847 4182 non

314 4233 658 4325 impedit.
690 4228 1187 4303 Antecedens
1211 4227 1632 4320 probatur,
1660 4249 1702 4319 q
1717 4229 1848 4299 uia

313 4354 570 4424 motus
611 4346 1018 4425 ealefacit,
1067 4348 1147 4418 et
1209 4345 1324 4416 sic
1399 4344 1841 4432 disgregat,

310 4471 381 4538 et
411 4466 679 4559 aperit
721 4464 999 4536 calere
1034 4482 1209 4532 suo.

390 4584 730 4655 Demum
789 4579 1187 4672 probatur
1228 4578 1433 4668 quod
1489 4578 1845 4650 multitu-

314 4700 399 4772 do
459 4695 1191 4793 putrefactibilium
1260 4716 1419 4767 non
1486 4696 1839 4788 impedit,

317 4818 488 4907 quia
512 4817 780 4909 juvat,
819 4813 1018 4884 unde
1049 4812 1350 4885 dicitur
1377 4813 1582 4903 qued
1615 4813 1846 4884 blada

318 4931 386 5004 in
443 4951 741 5021 magne
809 4928 1136 5000 cumulo
1202 4932 1683 5020 putrescunt
1743 4929 1845 5000 ei-

229 5096 236 5102 -
317 5047 488 5124 tius,
529 5065 778 5137 quam
810 5042 891 5113 in
927 5062 1210 5133 parve,
1251 5046 1331 5113 et
1381 5042 1630 5113 etiam
1665 5063 1845 5114 cen·

313 5162 712 5240 firmatur,
788 5158 975 5249 quia
1038 5157 1438 5229 medicum
1491 5158 1655 5231 cite
1716 5180 1845 5230 ex-

319 5282 695 5354 siccatur,
772 5276 983 5347 sicut
1047 5278 1269 5365 patet
1342 5275 1432 5345 de
1501 5274 1686 5345 vine
1742 5276 1845 5346 di-

319 5397 552 5469 misse
609 5395 692 5467 in
746 5412 966 5472 vase,
1034 5392 1165 5462 sed
1219 5391 1563 5462 multum
1622 5397 1847 5464 stans

319 5511 591 5585 ibidem
678 5507 1161 5603 pinguescit,
1257 5512 1337 5580 et
1409 5510 1844 5599 putrescit;

323 5631 561 5720 igitur
607 5625 1331 5718 inultitucjlojuvat,
1377 5629 1456 5697 et
1499 5645 1655 5698 non
1712 5627 1848 5702 ini-

1965 620 2395 711 pedit,i1ne
2434 621 2702 712 potius
2738 619 3108 713 paucitas
3145 617 3497 709 impedit.

2055 737 2166 808 Ad
2190 738 2655 830 oppositum
2680 741 2803 809 est
2834 736 3324 809 Aristoteles
3365 754 3504 826 per
3567 759 3820 811 reponem.

1965 856 2230 926 totum
2309 852 2666 945 primum
2734 855 3185 925 tractatum
3269 870 3501 941 quar-

1965 971 2027 1043 ti
2090 970 2357 1061 huJuS,
2424 970 2793 1051 secunde,
2841 969 3116 1049 tertie,
3174 972 3495 1059 quarto,

1961 1087 2347 1159 definiens
2375 1086 3083 1179 putrefactionem,
3113 1084 3316 1176 qued
3343 1104 3503 1154 nen

1963 1203 2319 1284 fecisset,
2378 1203 2446 1274 si
2488 1223 2647 1274 non
2692 1207 2906 1275 esset
2944 1200 3380 1293 possibilis,
3421 1203 3501 1272 et

1965 1320 2359 1394 similite?
2423 1321 2853 1393 ostendunt
2922 1318 3495 1411 proprietates,

1963 1442 2114 1511 etc.

2057 1557 2146 1626 In
2190 1554 2351 1628 ista
2414 1555 2859 1645 quaestione
2912 1554 3181 1646 primo
3240 1551 3499 1622 viden·
3581 1568 3785 1617 mmm

3529 1632 3846 1693 quaestionis

1961 1672 2147 1742 dum
2181 1674 2305 1743 est
2336 1670 2426 1740 de
2461 1671 2830 1761 quaesite,
2869 1669 3179 1741 scilicet
3221 1672 3495 1741 utrum

1966 1788 2377 1880 possibilis
2441 1788 2571 1868 sit,
2616 1788 2744 1859 vel
2790 1787 3050 1880 possit
3110 1788 3312 1858 fieri.
3372 1789 3498 1857 Se-

1961 1907 2245 1986 cunde,
2300 1904 2704 1977 videbitur
2745 1902 3143 1995 quomodo
3188 1902 3352 1975 fiat.
3402 1904 3501 1974 Et

1964 2021 2213 2095 tertio
2254 2022 2345 2092 de
2409 2019 3078 2111 proprietatibus,
3145 2017 3499 2090 acciden-

1965 2138 2178 2212 tibus
2223 2135 2879 2230 putrefactionis,
2945 2138 3025 2206 et
3076 2135 3167 2204 de
3227 2134 3498 2205 causis

1960 2276 2269 2327 earum.
2337 2257 2437 2326 Et
2490 2253 2779 2324 ultimo
2841 2272 3015 2343 quse
3067 2250 3174 2322 sit
3234 2250 3499 2321 defini-

1963 2372 2103 2452 tie‚
2142 2375 2222 2443 et
2262 2368 2704 2461 descriptio
2738 2367 2938 2459 ejus.
2981 2370 3077 2440 Et
3130 2365 3312 2438 istis
3366 2385 3497 2435 ne-

1960 2488 2067 2562 tis
2135 2485 2483 2557 sufficiet
2538 2485 2751 2557 ferte
2798 2504 2945 2577 pro
2998 2481 3334 2576 aliquali
3389 2480 3498 2554 in-

1958 2605 2289 2679 tellectu
2341 2602 2668 2676 litterae.

2447 2988 2877 3044 ARTICULUS
2956 2990 2997 3043 1.

2218 3203 2320 3267 An
2348 3201 2555 3287 pessit
2593 3202 2751 3283 ficri
2779 3199 3240 3285 putrefactio?

2048 3431 2453 3507 Quantum
2498 3425 2590 3494 ad
2631 3424 3008 3516 primum,
3048 3426 3493 3496 tractandae

1958 3546 2147 3614 sunt
2206 3540 2386 3612 alim
2448 3540 2936 3630 quaestiones
3008 3538 3138 3610 liic
3187 3538 3486 3617 divisae,

1963 3656 2303 3737 Scilicet,
2356 3669 2578 3724 utrum
2632 3659 2768 3723 sine
2825 3669 3107 3744 quatuor
3145 3658 3496 3743 qualitates

1953 3772 2242 3861 primse‘?
2297 3784 2355 3839 el
2399 3784 2619 3838 utrum
2654 3772 2745 3837 ad
2775 3774 2936 3838 istas
2974 3774 3325 3859 qualitales
3352 3777 3494 3859 pri-

1961 3911 2103 3954 mas
2196 3890 2347 3954 aliae
2441 3888 2795 3974 qualitales
2896 3887 3303 3953 reducantur
3334 3888 3363 3953 ἶ)
3439 3900 3500 3953 ct

1961 4017 2182 4071 uerum
2240 4004 2388 4069 dmr
2470 4005 2605 4070 sint
2644 4006 2900 4083 activa»,
2952 4014 3011 4068 ct
3067 4005 3222 4068 alise
3277 4005 3500 4069 solum

1959 4123 2282 4207 passivoe;
2337 4118 2428 4189 de
2481 4117 2642 4190 illis
2694 4116 3246 4190 communiter
3312 4117 3497 4189 dici-

1960 4239 2097 4307 tur
2162 4235 2385 4306 circa
2454 4234 2751 4305 librum
2821 4234 2910 4304 de
2970 4235 3499 4322 generatione

1958 4351 2480 4423 antecedente
2542 4350 2815 4423 istum.
2883 4353 3066 4422 Ideo
3110 4351 3203 4421 ad
3249 4350 3498 4440 majo-

1964 4488 2132 4539 rem
2171 4467 2799 4558 intelligentiam
2833 4468 3071 4559 hujus
3099 4467 3283 4539 libri
3320 4490 3497 4560 sup-

1962 4585 2321 4677 ponitur,
2399 4584 2609 4655 sicut
2662 4583 3047 4675 supponit
3100 4583 3495 4657 Aristote-

1957 4703 2074 4773 les
2153 4723 2249 4772 ex
2320 4702 2529 4781 aliis,
2602 4706 2681 4773 et
2750 4701 3113 4774 breviter
3187 4704 3497 4774 tractat

1958 4821 2087 4892 hic
2130 4818 2588 4912 recipiendo
2627 4818 3034 4900 insistere,
3083 4823 3162 4892 et
3203 4820 3500 4909 loquer

1955 4938 2045 5009 de
2092 4936 2309 5026 style
2357 4934 2782 5026 probabili,
2822 4954 2981 5004 nen
3034 4938 3302 5007 tamen
3339 4935 3499 5008 for-

1959 5054 2019 5126 ti
2085 5054 2297 5124 sicut
2362 5052 2440 5122 in
2504 5050 2783 5133 tertie,
2851 5052 3039 5141 quia
3090 5050 3257 5123 haec
3315 5057 3501 5125 sunt

1963 5167 2443 5261 probabilia,
2543 5187 2702 5237 nen
2800 5167 3497 5248 demonstrabilia,

1962 5286 2119 5356 nisi
2198 5283 3033 5356 demonstrationibus
3112 5284 3502 5357 naturali-

1960 5400 2108 5470 bus
2154 5400 2421 5471 minus
2457 5398 2734 5478 certis,
2782 5403 2861 5470 et
2914 5400 3141 5489 quasi
3194 5399 3504 5488 conjec-

1964 5516 2314 5591 turando
2347 5537 2637 5588 causas
2674 5537 2768 5585 ex
2803 5515 3244 5594 effectibus,
3295 5515 3505 5588 sieut

1963 5633 2266 5710 dictum
2336 5633 2488 5708 fuit
2565 5633 2643 5704 in
2722 5631 3166 5726 quaestione
3240 5631 3496 5727 prima

3652 3440 3726 3490 15.
