4252 6393
1656 408 2016 498 QUAESTIO
2066 409 2198 483 xxi

372 580 555 676 quia
628 584 907 677 posset
971 582 1222 657 etiam
1291 602 1335 654 a
1416 584 1654 674 parte
1730 584 1918 675 post

370 704 755 793 punctum
782 699 1172 781 amoveri,
1213 699 1418 791 quod
1458 702 1582 772 est
1616 699 1919 791 impos-

365 815 621 888 sibile.

460 936 691 1016 Item,
733 933 800 1006 si
836 937 1224 1027 punctum
1264 952 1425 1006 non
1469 936 1594 1007 est
1632 931 1919 1005 intrin-

373 1071 554 1123 sece
614 1050 978 1125 initiatio
1047 1050 1305 1133 lineae,
1381 1069 1524 1122 noc
1609 1048 1921 1122 instans

373 1166 797 1259 temporis,
864 1186 1142 1258 quaero
1178 1171 1457 1239 utrum
1523 1165 1601 1238 in
1680 1163 1916 1247 linea,

370 1284 498 1356 vel
551 1283 631 1354 in
678 1286 1053 1375 tempore
1118 1283 1222 1356 sit
1268 1283 1590 1357 initium
1639 1282 1921 1356 intrin-

372 1422 694 1483 secum;
744 1401 814 1474 si
854 1422 1043 1483 non,
1089 1421 1290 1493 ergo
1331 1403 1421 1474 de
1466 1424 1550 1473 se
1592 1404 1777 1472 sunt
1815 1401 1925 1472 in-

365 1519 650 1592 finita:
703 1518 773 1590 si
817 1516 957 1600 sic,
1004 1538 1206 1609 ergo
1261 1539 1445 1592 cum
1500 1518 1923 1590 minimum

372 1637 603 1708 lincae
638 1635 747 1710 sit
780 1639 1196 1728 punctum,
1234 1638 1312 1707 et
1348 1633 1745 1728 temporis
1772 1635 1925 1707 ins-

369 1758 579 1831 tans,
696 1756 884 1844 post
978 1757 1368 1845 punctum
1464 1752 1925 1826 immediate

368 1870 746 1963 sequitur
780 1873 1193 1963 punctum,
1241 1875 1321 1945 et
1369 1874 1548 1963 post
1612 1870 1924 1944 instans

367 1985 582 2058 aliud
625 1986 968 2068 instans,
1035 1991 1115 2061 et
1177 1986 1292 2060 sic
1355 1990 1543 2060 sunt
1587 2007 1669 2058 se
1728 1985 1924 2058 invi-

370 2122 544 2176 cem
579 2103 1166 2194 contingentia.

494 2222 724 2303 Item,
799 2242 981 2294 cum
1050 2221 1137 2294 fit
1217 2219 1573 2312 signatio
1662 2219 1920 2301 lineae,

372 2340 566 2411 tunc
656 2338 1125 2412 necessario
1233 2339 1667 2430 signantur
1770 2338 1925 2409 duo

372 2456 698 2545 puncta,
751 2454 941 2546 quia
990 2474 1149 2526 una
1195 2454 1407 2527 linea
1458 2453 1923 2526 necessario

376 2567 575 2640 duos
628 2566 871 2643 habet
916 2570 1342 2649 terminos,
1399 2568 1568 2640 sive
1603 2571 1921 2661 puncta.

375 2686 667 2765 Quaero
757 2684 960 2757 unde
1030 2685 1470 2778 procedant
1550 2685 1708 2758 ista
1775 2685 1926 2756 duo

382 2804 708 2890 puncta,
763 2801 856 2873 de
918 2800 1206 2893 quibus
1267 2802 1491 2881 dicis,
1559 2802 1763 2893 quod
1822 2800 1928 2873 di·

374 2922 570 2991 cunt
611 2918 914 3010 aliquid
958 2918 1400 3012 positivum
1459 2921 1697 2991 extra
1748 2938 1927 3010 par·

376 3039 495 3106 trs
533 3034 791 3117 lineae,
855 3053 1018 3106 non
1047 3054 1145 3106 ex
1198 3052 1426 3104 mora
1467 3033 1929 3123 signatione

377 3152 569 3244 quia
619 3171 777 3225 una
822 3155 973 3234 est,
1035 3157 1115 3226 ct
1167 3149 1702 3225 indivisibilis.
1750 3151 1928 3222 Non

375 3269 585 3362 quod
628 3268 935 3360 aliquid
997 3269 1359 3342 existens
1424 3287 1671 3340 unum
1714 3271 1923 3347 actu,

374 3389 453 3459 et
494 3387 650 3458 duo
704 3386 1095 3479 potentia,
1157 3386 1298 3460 fiat
1362 3387 1516 3458 dno
1559 3384 1641 3457 in
1709 3388 1923 3466 actu,

375 3500 565 3593 quia
600 3504 1011 3594 punctum,
1048 3522 1230 3574 cum
1276 3501 1384 3575 sit
1417 3499 1924 3581 indivisibile,

375 3639 519 3691 nec
554 3622 773 3701 actu,
811 3639 956 3692 nec
991 3617 1356 3711 potentia
1389 3623 1514 3693 est
1545 3619 1697 3690 duo
1736 3645 1748 3688 ε
1808 3637 1928 3689 er·

375 3753 477 3825 go
515 3756 700 3808 cum
743 3739 1087 3816 constet,
1118 3736 1507 3827 quoduna
1540 3735 1923 3827 signatio,

370 3851 496 3922 vel
544 3852 817 3932 realis,
853 3853 980 3925 vel
1031 3851 1632 3933 intellectualis,
1683 3850 1928 3928 faciat

372 3967 526 4039 duo
570 3971 896 4061 puncta,
933 3966 1085 4040 hoc
1147 3986 1307 4040 non
1352 3971 1474 4041 est
1537 3968 1635 4040 ob
1684 3968 1924 4053 aliud,

370 4084 528 4156 nisi
573 4084 764 4177 quia
822 4085 1166 4157 duarum
1215 4085 1619 4157 linearum
1662 4105 1930 4158 neces-

370 4200 594 4272 sario
639 4203 828 4274 sunt
858 4200 1012 4272 duo
1055 4203 1451 4282 extrema,
1498 4205 1579 4275 et
1612 4200 1727 4274 sic
1789 4200 1928 4274 illa

369 4319 744 4390 extrema
791 4317 1260 4390 necessario
1322 4322 1509 4393 sunt
1552 4317 1929 4391 intrinse-

370 4452 464 4506 ca
495 4435 574 4506 et
611 4453 724 4516 re,
761 4437 843 4510 et
877 4434 1294 4508 intellectu
1338 4436 1435 4508 ab
1485 4455 1582 4509 ea
1619 4435 1926 4529 insepa-

375 4550 695 4624 rabilia.

465 4668 695 4751 Item,
764 4688 1067 4761 quaero,
1140 4668 1324 4761 quid
1392 4669 1606 4744 addit
1677 4671 1927 4745 conti-

373 4785 658 4859 nuatio
734 4785 969 4859 lineae
1038 4785 1133 4858 ad
1222 4785 1519 4858 lineam
1599 4786 1924 4879 ipsam?

375 4904 606 4976 Patet
668 4902 876 4996 quod
947 4902 1150 4975 nihil
1220 4902 1462 4984 reale,
1533 4902 1723 4996 quia
1786 4904 1926 4976 illa

373 5014 882 5092 continuatio
916 5018 1331 5111 quantitas
1373 5022 1522 5100 est,
1567 5039 1726 5091 non
1761 5020 1925 5092 alia

376 5154 616 5224 quam
657 5135 869 5208 linea
914 5163 927 5205 ε
976 5154 1176 5227 ergo
1220 5135 1511 5210 divisio
1544 5137 1747 5210 nihil
1798 5140 1923 5210 ad-

374 5249 486 5322 dit
519 5251 614 5322 ad
645 5251 945 5324 lineam
987 5256 1077 5326 ut
1118 5255 1240 5324 est
1274 5252 1554 5335 divisa,
1629 5254 1920 5327 divisio

376 5368 648 5439 autem
683 5371 806 5441 est
843 5367 924 5440 in
967 5372 1294 5461 puncto,

465 5482 694 5564 Item,
779 5483 947 5556 dies
1005 5483 1391 5557 dividitur
1472 5484 1550 5557 in
1626 5484 1922 5576 viginti

378 5603 731 5692 quatuor
778 5599 1058 5684 horas,
1107 5622 1410 5695 quaero,
1471 5605 1750 5677 utrum
1792 5604 1922 5677 du·

3443 418 3562 482 669

2034 585 2218 656 rent
2286 582 2468 675 plus
2560 579 3218 673 vigintiquatuor
3322 579 3574 661 horae,

2033 723 2209 793 quae
2270 699 2808 793 accipiuntur,
2872 702 2952 773 et
2994 718 3140 792 per
3189 698 3586 789 imagina-

2032 817 2338 891 tionem
2372 816 2839 889 dividuntur
2881 816 2958 888 in
3012 836 3119 896 so,
3177 834 3416 906 quam
3457 814 3589 885 du-

2036 937 2161 1006 ret
2222 933 2414 1013 dies,
2501 932 2633 1023 qui
2694 931 3101 1024 accipitur
3171 933 3258 1003 ut
3338 948 3586 1000 unum

2035 1051 2518 1125 continuum
2576 1077 2588 1119 :
2650 1050 2718 1121 si
2786 1070 2948 1122 non
3017 1048 3197 1142 plus
3266 1048 3581 1127 durent,

2039 1168 2172 1242 scd
2205 1167 2658 1260 aequaliter,
2707 1185 2907 1257 ergo
2954 1164 3374 1245 instantia,
3414 1184 3588 1255 quae

2038 1285 2559 1378 accipiuntur
2613 1285 2691 1355 in
2724 1284 2952 1357 horis
3005 1289 3084 1356 et
3125 1303 3285 1355 non
3331 1282 3407 1354 in
3441 1282 3588 1363 dio,

2035 1400 2242 1473 nihil
2284 1402 2629 1475 addunt:
2681 1399 2746 1472 si
2794 1400 2974 1493 plus
3023 1400 3344 1480 durant,
3393 1417 3590 1489 ergo

2038 1521 2316 1610 partos
2361 1516 2600 1590 simul
2636 1520 2978 1610 sumptae
3013 1518 3198 1588 sunt
3235 1515 3591 1609 majores

2040 1637 2242 1718 toto,
2287 1640 2366 1707 et
2412 1633 2613 1707 idem
2668 1637 2938 1707 motus
2999 1651 3366 1712 numero,
3425 1631 3589 1702 lon-

2042 1751 2229 1842 gior
2279 1750 2573 1843 seipso,

2135 1869 2363 1947 Item,
2430 1865 2948 1959 accipiantur
3004 1864 3257 1958 aliqui
3318 1865 3588 1937 motus

2039 1983 2430 2076 contigui,
2525 1984 2660 2076 qui
2739 1985 3398 2056 commensurent
3504 2002 3588 2053 so

2038 2101 2409 2196 partibus
2453 2100 2801 2192 alic-ujus
2864 2103 3133 2174 motus
3177 2098 3571 2179 continui,

2039 2224 2126 2294 ut
2170 2222 2376 2311 quod
2429 2220 2563 2291 ille
2607 2218 2752 2291 ibit
2812 2237 2859 2290 a
2922 2236 3155 2290 mane
3199 2237 3451 2308 usque
3495 2217 3588 2289 ad

2040 2339 2402 2420 tertiam,
2440 2337 2596 2411 iste
2628 2341 2901 2411 autem
2964 2357 3217 2428 usque
3258 2336 3353 2408 ad
3417 2355 3593 2407 sex-

2040 2460 2235 2538 tam,
2272 2460 2352 2530 et
2422 2456 2540 2529 sic
2590 2456 2681 2527 de
2715 2453 2900 2527 aliis
2970 2453 3343 2547 partibus
3408 2452 3589 2533 diei,

2038 2571 2167 2642 vel
2241 2573 2511 2643 motus
2560 2569 2831 2642 diurni
2901 2596 2916 2639 :
3000 2574 3191 2642 tunc
3268 2571 3592 2660 tempus

2041 2684 2248 2777 quod
2285 2687 2706 2757 mensurat
2728 2682 2930 2757 istos
2968 2682 3376 2764 motus,ut
3410 2684 3597 2754 sunt

2039 2800 2432 2882 distincti,
2494 2804 2618 2874 est
2690 2798 2955 2892 majus
3024 2803 3344 2891 tempus
3425 2796 3590 2879 illo,

2042 2918 2248 3008 quod
2301 2919 2721 2990 mensurat
2790 2919 3104 2989 motum
3188 2914 3592 2994 diurnum,

2043 3034 2231 3126 quia.
2321 3033 2740 3115 instantia,
2782 3054 2954 3124 quae
3002 3037 3190 3106 sunt
3265 3033 3342 3105 in
3432 3032 3596 3105 illis

2043 3150 2396 3222 motibus
2439 3150 2846 3225 distinctis
2889 3153 3006 3239 (ut
3050 3154 3131 3225 tu
3175 3148 3404 3241 dicis)
3456 3148 3594 3222 ali-

2044 3268 2226 3361 quid
2260 3270 2555 3343 addunt
2599 3297 2612 3338 ε
2663 3269 2793 3340 sed
2825 3268 3151 3361 pla-num
3192 3271 3341 3349 est,
3392 3268 3596 3358 quod

2045 3406 2323 3458 omnes
2387 3386 2525 3458 isti
2571 3390 2839 3459 motus
2888 3387 3090 3459 fiunt
3136 3384 3350 3456 infra
3395 3388 3594 3458 tem-

2043 3522 2190 3593 pus
2227 3501 2464 3573 unius
2495 3501 2692 3583 diei;
2744 3520 2943 3592 ergo
2988 3506 3306 3593 tempus
3358 3498 3594 3571 unius

2040 3616 2195 3689 diei
2228 3621 2350 3691 est
2386 3618 2650 3690 minus
2708 3621 3076 3710 tempore
3132 3616 3369 3689 unius
3411 3616 3591 3696 diei,

2041 3736 2121 3806 et
2189 3733 2303 3805 sic
2392 3736 2655 3828 majus
2726 3755 2810 3806 se
2871 3736 3090 3827 ipso:
3165 3753 3325 3805 non
3392 3750 3591 3823 ergo

2043 3852 2454 3940 punctum,
2517 3851 2645 3924 vel
2713 3851 3053 3930 instans,
3116 3870 3261 3923 noc
3319 3853 3407 3923 ut
3468 3853 3592 3922 est

2042 3966 2563 4060 principium,
2609 3988 2754 4040 nec
2795 3969 2880 4040 ut
2924 3970 3050 4040 est
3095 3967 3303 4049 finis,
3361 3966 3592 4058 ponit

2040 4082 2342 4174 aliquid
2384 4084 2602 4157 reale
2645 4082 3088 4177 positivum
3128 4087 3368 4157 extra
3425 4101 3595 4153 rca-

2042 4195 2361 4271 litatem
2423 4196 2783 4290 partium
2822 4199 3251 4292 temporis,
3314 4196 3440 4269 vel
3502 4196 3591 4268 li·

2038 4332 2233 4386 neae.

2614 4537 3018 4597 SCHOLIUM.

2113 4739 2444 4809 Postquam
2477 4737 2654 4808 large
2686 4739 2893 4798 docuit
2941 4740 3154 4797 Scotus
3204 4739 3596 4799 indivisibile

2039 4836 2202 4894 nihil
2252 4837 2419 4893 reale
2483 4838 2822 4908 positivum
2889 4837 3118 4896 addere
3167 4845 3341 4897 extra
3388 4847 3595 4913 partes

2036 4934 2339 5003 continui,
2383 4949 2583 5006 neque
2624 4937 2768 5004 situ,
2800 4940 2909 4994 aut
2938 4937 3216 5008 subjecto
3248 4939 3589 5010 distingui3

2036 5034 2212 5099 Sicut,
2248 5033 2546 5104 inquit,si
2603 5035 3020 5102 imaqinaretur
3086 5038 3274 5093 clavus
3330 5039 3476 5104 fiscus
3533 5042 3595 5092 in

2034 5135 2210 5201 capite
2259 5134 2460 5203 vir-9323
2512 5146 2680 5189 nunc
2730 5130 3051 5190 descendit
3109 5135 3185 5191 ad
3234 5135 3592 5206 opinionem

2033 5230 2305 5287 aliorum
2336 5229 2679 5287 dicentium
2720 5236 3045 5301 punctum,
3079 5234 3344 5303 instanS,
3378 5239 3437 5292 et
3464 5235 3592 5292 alia

2033 5343 2444 5402 quaecumque
2474 5327 2891 5387 indivisibilia
2921 5330 3130 5388 dicere
3160 5333 3360 5389 solum
3391 5335 3600 5406 priva·

2032 5427 2288 5495 tionem,
2349 5442 2536 5497 quam
2596 5428 2742 5486 licet
2786 5443 2908 5486 non
2956 5429 3307 5501 impugnet,
3329 5433 3481 5490 facit
3503 5437 3597 5490 ta-

2036 5539 2180 5581 men
2211 5526 2277 5581 in
2307 5529 2361 5582 2.
2396 5525 2671 5584 distinct.
2697 5529 2752 5583 2.
2804 5533 3021 5598 quaest.
3073 5529 3128 5585 9.
3163 5543 3338 5588 num.
3387 5533 3478 5587 27.
3529 5537 3589 5591 et

2032 5624 2122 5682 28.
2155 5621 2263 5679 sed
2293 5626 2702 5696 praetermisit
2732 5625 2819 5683 ibi
2869 5627 3339 5700 responsionem
3380 5628 3459 5686 ad
3481 5644 3587 5687 ar-
