4252 6393
437 678 662 733 Selenio·

571 4050 648 4098 1⁴.

455 4112 763 4175 Responde-

455 4185 546 4225 tur
574 4174 646 4223 ad
674 4188 762 4222 ar-

483 4244 739 4309 ,qumer-zla

482 4306 741 4363 opposua.

485 5570 571 5621 Ad
610 5570 736 5631 pri-

529 5649 696 5688 mum.

758 492 875 556 372

748 670 993 728 causa.
1068 642 1448 717 efficiens.
1523 623 2112 721 Respondetur,
2195 612 2288 684 ad

752 770 1107 859 aliquam
1139 761 1488 833 sormam
1516 745 1965 838 sequuntur
1996 733 2286 822 aliquae
2399 726 2572 796 tur;
2614 713 2695 784 ill

757 878 1306 980 proprietates
1374 861 1895 941 naturaliter,
1969 852 2106 924 aut
2168 866 2291 917 ac-

751 1003 1013 1076 tiones
1052 1014 1194 1089 per
1226 1011 1335 1072 se,
1377 990 1464 1057 ut
1499 995 1895 1073 generans
1943 986 2140 1045 rem,
2179 983 2292 1032 se-

753 1115 1095 1190 cundum
1174 1106 1395 1178 illam
1494 1098 1845 1168 formam
1940 1075 2292 1172 disponit

1125 1227 1137 1239 ‘
1759 1264 1773 1287 ,
1865 1207 1946 1274 et
2018 1194 2295 1271 aetuat

760 1697 1205 1776 necessitas
1285 1689 1379 1761 ad
1456 1677 2006 1772 receptionem
2081 1663 2300 1739 illius

765 1812 1227 1892 accidentis,
1255 1810 1454 1879 etex
1476 1801 1707 1894 parte
1729 1794 2042 1867 formae,
2081 1786 2168 1853 ut
2195 1779 2302 1851 sit

766 1931 1200 2008 actualiter
1229 1917 1612 1995 virtualis
1643 1909 1999 2005 quaedam
2036 1918 2303 1971 neces·

768 2052 970 2122 sltas
1022 2046 1116 2118 ad
1176 2032 1773 2135 producendum
1850 2020 2043 2096 illud
2102 2013 2304 2088 acci-

766 2169 956 2240 dens
989 2164 1078 2235 de
1105 2153 1469 2253 potentia
1504 2144 1896 2221 materiae,
1930 2140 2042 2215 ut,
2075 2128 2305 2204 verbi

770 2279 1066 2376 gratia,
1114 2290 1513 2368 generans
1546 2266 1842 2356 ignem,
1890 2253 2077 2346 quia
2118 2244 2307 2321 cali-

778 2873 941 2940 tem
975 2866 1055 2935 et
1095 2855 1537 2930 levitatem,
1580 2849 1660 2918 et
1701 2835 2084 2913 similiter
2152 2830 2319 2901 for-

782 3001 996 3054 mam
1038 2974 1251 3066 ignis
1293 2970 1388 3042 ad
1429 2957 2021 3058 producendum
2056 2947 2199 3020 illa
2228 2945 2319 3016 de

783 3092 1146 3192 potentia
1189 3083 1581 3161 materiae.
1634 3076 1854 3148 Unde
1914 3068 2103 3162 quia
2163 3063 2321 3135 for-

785 3236 914 3289 ma
966 3211 1353 3304 generata
1404 3220 1565 3274 non
1605 3194 1845 3268 habet
1898 3189 2104 3260 hanc
2161 3181 2321 3254 vir-

783 3337 1068 3410 tutem,
1149 3322 1307 3396 nisi
1386 3340 1432 3391 a
1502 3312 1942 3407 generante
2011 3305 2320 3383 datam,

784 3450 956 3522 ideo
1026 3445 1275 3518 etiam
1353 3436 1811 3510 formarum
1879 3420 2324 3495 accidenta-

783 3569 982 3642 lium
1046 3554 1467 3654 generatio
1542 3541 2027 3621 attribuitur
2096 3554 2328 3627 gene·

789 3680 1041 3763 ranti‚
1120 3672 1430 3768 quando
1524 3661 1849 3738 dicitur,
1932 3655 2325 3746 quantum

786 3800 921 3873 dat
961 3798 1052 3870 de
1109 3792 1402 3867 forma,
1448 3782 1766 3856 tantum
1807 3774 1940 3845 dat
1985 3770 2074 3841 de
2116 3766 2325 3845 loco,

795 3921 876 3991 et
897 3917 988 3988 de
1024 3905 1524 4005 operatione,
1571 3901 1652 3970 et
1695 3889 2121 3965 similibus.

888 4035 986 4105 Et
1028 4050 1125 4101 ex
1170 4025 1294 4097 liis
1353 4018 1601 4092 etiam
1655 4013 1901 4106 patet,
1946 4001 2152 4097 quod
2212 4018 2334 4070 ra-

789 4152 1078 4228 tioneS,
1153 4162 1350 4234 quas
1431 4133 1626 4207 facit
1721 4122 2337 4203 commentator

796 4284 1040 4358 super
1080 4260 1378 4331 librum
1439 4255 1501 4323 1.
1548 4243 2115 4336 Physicorum,
2173 4245 2332 4301 teme.

795 4409 958 4454 com.
1003 4384 1112 4453 70.
1178 4374 1270 4447 ad
1341 4364 1865 4463 probandum,
1914 4353 2117 4448 quod
2179 4372 2340 4421 ma-

797 4615 996 4691 nihil
1040 4609 1337 4682 valent.
1407 4596 1700 4689 Arguit
1763 4589 2038 4663 enim:
2115 4628 2140 4655 (,

795 4736 1063 4808 niente
1092 4729 1354 4801 forma
1375 4710 1942 4804 corrumpitur
1980 4698 2343 4797 potentia

796 4854 890 4925 ad
948 4869 1163 4928 eam;
1230 4859 1428 4931 ergo
1462 4824 2028 4918 corrumpitur
2092 4820 2343 4889 mate-

798 4970 947 5043 ria.

888 5084 1118 5159 Item,
1196 5066 1547 5146 materia
1624 5057 1881 5133 estin
1962 5048 2342 5144 praedica-

799 5201 1070 5276 mento
1106 5180 1620 5266 substantiae,
1649 5170 2011 5269 potentia
2038 5167 2118 5237 in
2144 5181 2341 5255 prae-

795 5311 1249 5393 dicamento
1284 5294 1749 5386 Qualitatis,
1812 5287 1940 5361 vel
1985 5278 2344 5356 Relatio-

798 5435 950 5508 niS.

889 5550 999 5624 Ad
1051 5541 1409 5638 primum
1477 5526 1919 5601 dicendum,
1997 5514 2202 5608 quod
2274 5509 2340 5580 si

800 5660 1249 5765 potentiam
1289 5649 1528 5724 vocat
1570 5638 2042 5716 distantiam
2088 5631 2342 5703 mate-

1898 441 2003 520 ΠΕ
2048 450 2312 516 unium
2359 436 2746 506 rainelmo

2402 605 2543 676 rize
2587 621 2632 672 a
2675 599 2964 670 sorma,
3027 581 3170 654 illa
3225 576 3423 646 bene
3480 547 3913 643 corrumpi-

2710 711 2804 783 ud
2847 707 3118 778 autem
3152 710 3313 766 non
3344 700 3548 756 voco
3599 693 3744 764 ego
3796 687 3915 759 po—

2401 835 2772 911 tentiam,
2857 822 2990 894 sed
3059 815 3322 907 ipsam
3402 791 3919 890 capacitatem

2404 955 2893 1026 formarum,
2979 954 3150 1028 quae
3193 945 3353 1000 non
3433 912 3646 1011 perit
3715 903 3923 976 adve—

2405 1071 2676 1143 niente
2719 1062 2987 1132 t‘orma
3031 1078 3045 1120 :
3095 1044 3283 1139 quia
3331 1036 3547 1110 enim
3589 1028 3761 1099 leve
3802 1033 3928 1110 per

2406 1184 2823 1258 levitatem
2860 1171 3234 1245 movetur
3268 1169 3621 1230 sursum,
3649 1140 3774 1212 vel
3802 1156 3931 1207 vas

2411 1321 2554 1395 per
2588 1314 2818 1369 suam
2851 1280 3388 1379 capacitatem
3423 1259 3724 1356 aliquid
3757 1250 3935 1326 reci·

2413 1418 2553 1513 pit,
2610 1411 2766 1485 levi
2821 1408 2903 1480 in
2962 1415 3291 1475 sursum
3343 1383 3771 1462 existente,
3819 1368 3931 1442 vel

2408 1555 2602 1607 vase
2647 1526 2989 1620 repleto,
3026 1539 3170 1591 nec
3203 1508 3496 1584 levitas
3536 1494 3740 1572 levis
3771 1506 3934 1563 cor-

2414 1646 2851 1740 rumpitur,
2898 1658 3041 1710 neo
3081 1625 3492 1723 capacitas
3533 1611 3755 1687 vasis
3792 1609 3937 1680 des-

2413 1766 2754 1846 truitur,
2796 1760 2913 1833 ita
2952 1753 3128 1827 dico
3171 1749 3261 1820 de
3295 1734 3664 1836 potentia
3705 1727 3940 1801 mate-

2417 1887 2595 1966 riae3
2643 1877 3034 1974 perillam
3064 1866 3281 1941 enim
3306 1850 3779 1955 potentiam,
3817 1860 3946 1937 per

2419 2020 2660 2098 quam
2734 1996 3085 2068 formam
3149 1976 3464 2071 recipit,
3547 1966 3947 2057 receptam

2420 2115 2876 2194 conservat.

2541 2235 2773 2306 Patet
2857 2224 3106 2299 etiam
3177 2211 3503 2289 falsitas
3587 2195 3950 2276 rationis,

2286 2400 2308 2411 -
2424 2351 2635 2445 quia,
2674 2349 2758 2417 ut
2799 2341 3099 2414 dictum
3133 2333 3282 2410 est,
3330 2323 3542 2399 ratio
3585 2313 3958 2413 potentiae

2425 2465 2638 2541 addit
2672 2478 2921 2552 supra
2944 2447 3384 2527 essentiam
3411 2434 3783 2514 materiae
3814 2446 3959 2501 non

2290 2637 2314 2646 -
2424 2605 2628 2665 esse,
2659 2580 2792 2651 sed
2819 2573 3223 2648 rationem
3278 2582 3414 2635 seu
3460 2553 3955 2646 respectum:

2176 2714 2187 2726 '
2240 2755 2258 2783 ‹
2292 2750 2315 2762 ·
2431 2701 2638 2775 sicut
2689 2694 2905 2768 enim
2960 2681 3406 2762 similitudo
3469 2668 3834 2749 facienda
3888 2661 3963 2732 in

2431 2817 2815 2894 albedine,
2863 2829 3023 2882 non
3072 2805 3194 2877 est
3238 2799 3401 2872 alia
3446 2794 3543 2867 ab
3586 2783 3962 2862 albedine,

2435 2934 2638 3028 quod
2683 2931 2934 3024 patet,
2982 2921 3168 3014 quia
3211 2930 3545 3009 possum
3605 2900 3818 2980 effici
3879 2894 3971 2969 si·

2438 3050 2679 3130 milis,
2722 3045 2852 3119 vel
2893 3033 3316 3115 dissimilis
3360 3030 3531 3101 sine
3592 3016 3973 3096 mutatio-

2435 3192 2531 3245 ne
2573 3168 2791 3242 facta
2825 3165 2906 3238 in
2951 3179 3127 3231 mea
3160 3149 3543 3228 albedine,
3588 3144 3667 3215 et
3713 3143 3976 3213 tamen

2439 3287 2652 3360 ratio
2701 3280 2995 3356 similis
3032 3272 3299 3368 potest
3350 3255 3807 3349 corrumpi,
3872 3248 3978 3323 al-

2436 3406 2715 3479 bedine
2776 3394 3279 3473 remanente;
3337 3387 3454 3458 ita
3513 3374 3977 3453 adveniente

2438 3525 2707 3596 forma
2736 3519 2815 3591 in
2850 3509 3223 3589 materia,
3257 3502 3530 3597 posset
3572 3493 3758 3575 dici,
3787 3486 3983 3584 quod

2441 3638 3028 3728 corrumpatur
3081 3625 3524 3718 respectus,
3583 3634 3728 3688 seu
3774 3606 3980 3682 ratio

2445 3758 2734 3852 prima,
2774 3752 2907 3825 sed
2937 3767 3098 3821 non
3133 3736 3498 3837 potentia
3548 3728 3982 3805 secundum

2448 3894 2646 3955 rem,
2685 3873 2771 3944 ut
2813 3871 2936 3941 est
2991 3863 3198 3937 idem
3260 3877 3348 3931 re
3390 3871 3571 3927 cum
3636 3840 3985 3921 materia

2447 3989 2941 4065 remanente.

2567 4107 2680 4180 Ad
2758 4099 3191 4175 secundum
3259 4086 3701 4164 dicendum,
3790 4060 4053 4172 quod*

2453 4222 2822 4318 quaelibet
2886 4216 3270 4290 creatura
3319 4228 3419 4280 ex
3489 4224 3575 4276 se
3652 4203 3837 4274 tota
3902 4191 3990 4265 ad

2448 4345 2705 4416 Deum
2787 4333 3170 4410 refertur,
3242 4343 3402 4397 non
3473 4338 3617 4414 per
3694 4309 3993 4404 aliquid

2452 4458 2691 4538 aliud,
2756 4453 2944 4546 quia
3003 4453 3193 4523 tunc
3238 4442 3378 4516 illo
3450 4456 3597 4532 per
3643 4430 3998 4507 intellec-

2316 4621 2339 4631 ·
2455 4581 2626 4650 tum
2671 4572 2977 4648 amoto,
3031 4562 3343 4636 nullum
3392 4554 3864 4646 respectum
3904 4542 3994 4616 ad

2455 4698 2710 4767 Deum
2788 4685 3158 4761 haberet;
3277 4692 3477 4765 ergo
3584 4665 3993 4743 concedes,

2457 4808 2663 4902 quod
2703 4802 2925 4876 nulla
2969 4797 3354 4871 creatura
3392 4790 3518 4861 est
3580 4783 3994 4875 subjecta:

2454 4925 2654 4997 unde
2691 4917 3169 5012 inquantum
3208 4907 3402 4983 talis
3437 4925 3570 4978 res
3630 4904 3758 4975 est
3823 4894 3999 4971 sub-

2447 5044 2693 5136 jecta,
2739 5041 2825 5109 ut
2862 5031 3344 5123 comparata
3376 5023 3474 5095 ad
3506 5014 4001 5113 principium

2458 5157 2665 5234 cadit
2728 5154 2808 5225 in
2887 5166 3182 5242 genere
3271 5136 3729 5215 relationis.
3837 5131 3998 5204 Nec

2457 5277 2796 5373 propter
2828 5269 2978 5340 hoc
3013 5264 3201 5337 sunt
3240 5260 3413 5332 duae
3457 5275 3615 5334 res,
3652 5248 3848 5344 quia
3882 5267 4001 5319 re·-

2456 5392 2654 5467 latio
2695 5407 2856 5461 non
2896 5381 3088 5456 dicit
3126 5396 3299 5449 rem
3331 5370 3806 5445 distinctam
3831 5380 3999 5435 rea·

2454 5511 2646 5584 liter
2687 5527 2732 5578 a
2777 5496 3328 5575 fundamento,

4056 4056 4083 4106 d
4113 4068 4152 4102 se

4068 4119 4152 4167 dun
