4252 6393
1650 375 2010 457 QUAEsTio
2059 376 2163 440 vn

346 555 652 628 formas
696 550 776 624 in
818 566 1128 640 organo
1158 540 1618 636 corporali:
1655 540 1889 632 cujus

348 671 559 744 ratio
612 673 761 748 est,
827 664 1017 758 quia
1079 659 1428 735 matoria
1467 661 1592 732 est
1644 676 1892 730 causa

347 781 1029 861 individuationis.

438 908 667 986 Item,
707 901 971 975 omnis
1004 894 1523 989 compositio,
1564 911 1736 983 qnae
1770 890 1894 964 ad·

341 1023 561 1095 venit
613 1021 732 1092 rei
794 1021 981 1111 post
1033 1033 1270 1086 suum
1320 1030 1498 1082 esse
1549 1006 1895 1099 comple-

348 1146 548 1220 tum,
593 1140 721 1210 cst
765 1134 917 1206 sibi
960 1126 1530 1206 accidentalis;
1577 1142 1775 1213 ergo
1828 1121 1899 1193 si

343 1256 614 1328 anima
646 1257 773 1327 est
806 1249 1269 1342 composita
1300 1266 1398 1317 ex
1436 1240 1785 1315 materia
1817 1242 1899 1312 et

3420 373 3529 437 351

2004 540 2113 613 sit
2189 538 2383 610 dare
2462 536 2545 609 in
2608 533 3072 629 hujusmodi
3165 536 3554 607 creatura

2005 659 2192 729 actu
2234 654 2660 733 existente,
2715 655 2889 744 quod
2921 666 3036 733 εει,
3083 650 3397 724 scilicet
3441 650 3550 743 ip-

2006 794 2181 846 sam
2226 772 2775 865 quidditatem,
2821 774 3048 861 etquo
3085 783 3200 852 εει,
3239 768 3553 842 scilicet

2008 891 2273 984 ipsum
2316 894 2591 963 actum
2641 887 2982 968 essendi,
3025 890 3106 960 et
3155 884 3554 978 composi·

2007 1011 2185 1080 tum
2234 1027 2332 1079 ex
2374 1026 2467 1077 eo
2509 1007 2682 1095 quod
2722 1017 2838 1085 εει,
2885 1003 3198 1076 scilicet
3260 1000 3554 1094 quiddi-

2011 1125 2208 1202 tate,
2236 1124 2317 1194 et
2344 1145 2470 1212 quo
2491 1133 2608 1202 εει,
2639 1120 2952 1195 scilicet
2985 1123 3174 1193 actu
3207 1118 3554 1192 existen-

2007 1237 2109 1319 di,
2144 1237 2274 1309 vel
2304 1257 2402 1309 ex
2432 1257 2635 1317 esse,
2669 1239 2844 1326 quod
2872 1250 2987 1306 εει.
3059 1238 3161 1310 Et
3217 1237 3559 1329 propter

347 1372 641 1451 forma,
714 1390 815 1441 ex
885 1371 1074 1441 tunc
1146 1357 1640 1454 compositio
1711 1374 1898 1427 cum

349 1506 701 1581 corpore
742 1489 869 1558 est
905 1481 1057 1554 sibi
1090 1475 1615 1552 accldentalis
1652 1498 1666 1555 ;
1701 1491 1899 1563 ergo

351 1604 594 1676 homo
636 1620 803 1674 non
861 1601 987 1672 est
1027 1615 1235 1669 unus
1296 1591 1454 1666 nisi
1497 1609 1643 1683 per
1703 1587 1905 1660 acci·

2012 1352 2170 1426 hoc
2239 1352 2542 1427 dicitur
2613 1353 2692 1425 in
2766 1352 2973 1425 libro
3042 1351 3133 1424 de
3199 1349 3469 1423 causis
3501 1353 3550 1431 ²,
3598 1363 3615 1384 ·
3645 1361 3876 1473 υτοᾷκκῑι

2017 1470 2226 1563 quod
2269 1473 2722 1552 Intelliqeneia
2759 1493 2894 1539 non
2941 1482 3035 1538 εει
3085 1482 3344 1537 tantum
3389 1470 3557 1536 sicut
3760 1457 3774 1473 ⁸

2015 1591 2242 1677 prima
2281 1610 2504 1667 εαιιεα,
2547 1588 2663 1654 sed
2692 1599 2783 1654 εει
2825 1588 2895 1654 in
2928 1607 3003 1653 ea
3033 1608 3167 1653 εεεε
3209 1597 3271 1654 ει
3307 1588 3556 1671 forma,

355 1721 569 1793 dens.
2021 1723 2196 1795 quae
2231 1708 2356 1777 est
2389 1703 2787 1797 quidditas
2830 1723 3000 1774 sua.
3047 1704 3149 1776 Et
3182 1700 3369 1794 quia
3404 1717 3565 1771 om-

163 1843 225 1895 ¹²·
449 1836 565 1908 Ne
623 1837 906 1907 tamen
950 1828 1136 1901 hinc
1194 1823 1633 1917 objiciatur
1702 1819 1908 1913 quod
2021 1839 2118 1892 ne
2188 1820 2392 1911 quod
2442 1838 2602 1891 non
2643 1818 2881 1892 habet
2949 1816 3249 1909 aliquid
3308 1837 3408 1889 ex
3451 1837 3561 1896 se,

117 1937 344 2064 '2:2⁸2ss
367 1949 748 2041 Angelus,
777 1946 905 2019 vel
929 1944 1203 2016 anima
1230 1942 1336 2015 sit
1363 1939 1691 2014 omnino
1724 1937 1908 2009 sim·
2020 1937 2155 2007 sed
2199 1935 2494 2028 recipit
2528 1935 2719 2009 illud
2776 1935 2873 2007 ab
2930 1934 3119 2016 alio,
3165 1938 3290 2008 est
3323 1932 3404 2005 in
3435 1953 3568 2025 po-

117 2063 319 2175 222‘0242-
370 2058 1438 2161 plexutDeus,dicunt,quod
1487 2061 1611 2129 est
1647 2052 1912 2127 multi·
2022 2052 2281 2126 tentia
2314 2057 2689 2147 respectu
2726 2052 2972 2133 illius,
3011 2050 3409 2143 quidditas
3441 2069 3568 2121 cu·

118 2184 551 2277 &emim-pleiz
593 2178 1112 2273 compositio,
1158 2178 1272 2248 De
1324 2173 1644 2246 ratione
1695 2169 1911 2242 enim
2014 2169 2352 2262 juslibet
2420 2173 2850 2250 creaturae,
2899 2169 3014 2241 sic
3065 2167 3225 2241 erit
3294 2169 3566 2258 poten-

363 2297 860 2392 quidditatis,
886 2298 975 2368 ut
999 2291 1402 2386 quidditas
1426 2292 1576 2369 est,
1604 2306 1763 2359 non
1788 2288 1914 2358 est
2023 2286 2164 2369 tia,
2201 2290 2281 2359 et
2313 2287 2668 2379 primum
2690 2307 2869 2359 esse
2900 2286 3218 2360 actuale
3249 2287 3374 2358 est
3391 2282 3567 2377 ejus

359 2416 563 2510 quod
588 2415 699 2489 sit
723 2410 1208 2505 composita,
1246 2405 1613 2498 alioquin
1644 2422 1919 2476 essen-

358 2533 473 2608 tia
547 2551 690 2603 seu
736 2527 1165 2621 quidditas,
1211 2523 1336 2595 vel
1380 2524 1681 2594 natura
1722 2516 1913 2589 divi-

356 2667 461 2719 na
520 2648 739 2717 esset
789 2639 1291 2733 composita3
1348 2656 1492 2707 nec
1546 2633 1751 2726 quod
1808 2630 1915 2704 sit

358 2753 733 2846 simplex,
779 2768 967 2821 nain
1002 2743 1474 2821 tuncomnis
1518 2740 1915 2833 quidditas

355 2867 963 2960 essetsimplex,
1002 2867 1082 2936 et
1110 2859 1466 2934 materia
1484 2855 1915 2929 nonintra·

352 2975 1923 3070 r:tdefinitionemalicujusrei3quodpa-

356 3111 473 3180 tet
494 3125 671 3177 esse
694 3102 999 3175 salsum
1022 3098 1104 3170 in
1138 3092 1655 3169 naturalibus
1680 3093 1747 3162 6.
1781 3093 1919 3158 Με-

357 3226 772 3313 eapkysicor.
820 3219 1066 3288 ιεωι.2.
1102 3234 1281 3288 esse
1321 3213 1596 3284 autem
1638 3211 1919 3282 actua-

357 3341 429 3412 le
452 3344 577 3413 est
606 3341 848 3411 extra
871 3326 1640 3425 quidditatem,quod
1668 3327 1915 3418 patet,

361 3454 549 3547 quia
582 3457 777 3527 tunc
818 3454 941 3525 tot
990 3445 1478 3540 quidditates
1525 3440 1921 3512 haberent

362 3570 792 3651 individua,
858 3569 1054 3659 quot
1095 3586 1231 3631 εεεε
1279 3558 1669 3634 actualia.
1727 3556 1918 3628 Tale

362 3689 537 3762 dico
607 3705 787 3758 esse
841 3679 1165 3755 actuale
1231 3673 1771 3749 diversimode
1832 3692 1917 3743 se

368 3804 632 3883 habet,
727 3799 822 3872 ad
909 3796 1279 3868 diversas
1387 3788 1912 3883 quidditates;

372 3921 733 4015 quaedam
784 3918 1108 3992 natura,
1151 3908 1280 3981 vel
1339 3905 1739 4001 quidditas
1792 3907 1917 3977 est

370 4054 488 4117 ea,
549 4035 642 4107 de
698 4031 930 4124 cujus
968 4026 1383 4101 intellectu
1429 4042 1590 4094 non
1647 4024 1773 4094 est
1809 4020 1917 4113 ip-

373 4171 550 4222 sum
591 4168 773 4221 esse
814 4144 1158 4225 actuale,
1222 4139 1413 4215 talis
1455 4143 1580 4212 est
1622 4136 1916 4229 quiddi-

374 4271 496 4341 tas
540 4263 805 4338 omnis
852 4264 1282 4341 creaturae,
1347 4277 1533 4328 nam
1590 4254 1658 4326 si
1699 4257 1917 4328 esset

372 4382 458 4455 de
488 4382 664 4475 ejus
699 4379 1144 4456 intellectu,
1182 4394 1341 4446 non
1369 4375 1642 4465 posset
1667 4390 1914 4441 unum

378 4497 721 4589 intelligi
765 4495 939 4568 sine
981 4492 1182 4572 alio;
1242 4509 1571 4583 possum
1641 4490 1914 4559 autem

377 4613 831 4706 intelligere
867 4628 1169 4689 rosam,
1233 4603 1629 4698 eclipsim,
1675 4605 1757 4675 et
1815 4600 1914 4673 si·

380 4728 622 4812 milia,
688 4747 850 4799 non
911 4720 1432 4813 intelligendo
1501 4719 1678 4811 ipsa
1736 4738 1916 4789 esse

381 4852 582 4919 actu.
621 4845 804 4918 Alia
845 4847 970 4916 est
1022 4845 1345 4919 natura,
1388 4836 1479 4908 de
1520 4834 1753 4927 quus
1806 4832 1917 4905 in-

386 4962 732 5045 tellectu,
777 4964 858 5035 et
908 4962 1206 5032 natura
1247 4956 1372 5026 est
1430 4951 1697 5044 ipsum
1738 4969 1918 5023 esse

389 5079 722 5161 actuale,
806 5080 894 5149 ut
960 5073 1255 5151 divina,
1327 5068 1515 5161 quia
1575 5086 1736 5138 non
1794 5067 1921 5138 est

393 5195 554 5287 ojus
610 5215 791 5268 esse
851 5192 948 5263 ab
990 5189 1150 5263 alio
1204 5184 1723 5265 accersitum,
1786 5180 1921 5254 sed

392 5308 555 5403 ipsa
594 5314 895 5384 natura
937 5328 1021 5379 se
1065 5305 1241 5397 ipsa
1300 5305 1488 5375 actu
1540 5303 1689 5379 est,
1755 5297 1918 5370 imo

394 5422 640 5515 ipsum
663 5444 843 5495 esse
862 5425 1047 5497 actu
1080 5422 1247 5499 est;
1289 5416 1368 5489 in
1392 5414 1610 5487 omni
1644 5418 1919 5486 autem

395 5546 765 5616 creatura
810 5559 989 5612 esse
1043 5540 1231 5610 actu
1273 5536 1397 5605 est
1446 5531 1546 5602 ab
1587 5529 1775 5611 alic,
1839 5533 1919 5603 et

390 5647 549 5728 ideo
580 5656 822 5732 habet
853 5679 1032 5730 esse
1066 5648 1585 5748 acquisitum,
1624 5652 1712 5723 ut
1744 5647 1918 5739 Jam

2024 2406 2283 2484 actus,
2365 2408 2445 2478 et
2505 2404 2620 2476 sic
2682 2402 3182 2496 impossibile
3241 2405 3365 2475 est
3424 2399 3564 2472 ali-

2029 2519 2211 2610 quid
2253 2520 2548 2602 facere,
2588 2521 2794 2613 quod
2825 2540 2987 2592 non
3029 2518 3135 2593 sit
3167 2515 3566 2609 composi-

2025 2641 2202 2710 tum
2225 2658 2325 2709 ex
2350 2638 2712 2732 potentia
2733 2643 2813 2712 et
2844 2642 3055 2711 actu.
3087 2639 3188 2710 Et
3221 2636 3287 2708 si
3323 2634 3567 2708 istam

2029 2753 2480 2844 potentiam
2543 2753 2721 2846 quis
2760 2756 2997 2826 vocet
3047 2757 3421 2832 maceriam,
3465 2749 3571 2821 ‹li-

2028 2876 2223 2946 cunt
2302 2892 2623 2945 omnem
2706 2892 2878 2943 rem
2957 2874 3143 2943 actu
3231 2867 3575 2941 existen-

2029 2993 2195 3062 tem
2228 2990 2680 3062 consistere
2738 3010 2835 3061 ex
2897 2986 3246 3061 materia
3293 2989 3374 3058 et
3415 2983 3577 3056 sor·

2033 3127 2189 3190 ma,
2238 3110 2368 3180 sed
2423 3112 2637 3191 tunc,
2686 3111 2774 3181 ut
2820 3105 3119 3186 dicunt,
3184 3103 3395 3176 sicut
3435 3122 3577 3194 po-

2030 3224 2313 3308 tentia,
2359 3227 2475 3299 sic
2508 3230 2588 3300 et
2631 3222 2979 3298 materia
3028 3221 3441 3315 aequivoce
3471 3219 3577 3293 di-

2030 3344 2273 3417 citur.

2119 3461 2202 3535 Si
2248 3460 2709 3552 objiciatur,
2758 3457 2963 3551 quod
3014 3453 3363 3529 materia
3411 3453 3570 3547 pri-

2031 3599 2163 3655 ma
2208 3577 2498 3670 recipit
2540 3576 2893 3649 formam
2959 3578 3039 3647 et
3108 3571 3569 3647 intellectus

2033 3695 2324 3788 recipit
2421 3694 2797 3775 formam,
2923 3691 3220 3773 dicunt,
3334 3689 3565 3782 quod,

2027 3816 2156 3886 est
2187 3811 2623 3903 aequivoce,
2690 3809 2881 3903 quia
2938 3806 3162 3879 nulla
3223 3804 3572 3879 materia

2031 3927 2326 4021 recipit
2393 3928 2747 4000 formam
2808 3927 3053 4019 prout
3119 3926 3244 3996 est
3303 3922 3574 3994 forma

2030 4043 2543 4138 simpliciter,
2628 4042 2760 4114 sed
2847 4043 3094 4133 prout
3170 4041 3296 4111 est
3374 4036 3572 4117 haec,

2031 4162 2219 4255 quia
2262 4161 2610 4235 materia
2650 4163 2776 4233 est
2831 4177 3079 4230 causa
3139 4155 3578 4228 individua-

2028 4278 2306 4360 tionis,
2354 4279 2485 4350 sed
2546 4275 3011 4348 intellectus
3075 4271 3374 4346 retinet
3415 4271 3578 4343 for-

2029 4415 2245 4468 mam
2290 4394 2804 4488 simpliciter,
2841 4395 2922 4466 et
2963 4395 3052 4465 ut
3094 4393 3220 4465 est
3262 4389 3580 4461 univer·

2028 4515 2254 4597 salis,
2300 4534 2463 4588 non
2506 4516 2595 4586 ut
2643 4515 2769 4585 est
2811 4511 3008 4584 haec.

2606 4761 3012 4819 scnoLmM.

2100 4997 2270 5069 Quod
2299 4998 2368 5054 in
2397 4994 2738 5069 quaestione
2759 4994 2966 5067 prima
2986 4992 3178 5069 hujus
3198 4993 3409 5067 operis
3428 4992 3588 5051 insi-

2032 5098 2253 5155 nuavit
2285 5099 2518 5164 Doctor,
2550 5093 2872 5163 videlicet,
2904 5095 2973 5152 in
3004 5095 3244 5166 Angelo
3272 5100 3334 5154 et
3376 5095 3587 5152 anima

2032 5195 2325 5253 rationali
2357 5193 2492 5251 dari
2527 5193 2881 5261 materiam,
2915 5192 3017 5249 hic
3058 5193 3301 5263 largius
3346 5193 3583 5265 probat,

2032 5293 2389 5365 opinionem
2456 5295 2710 5348 secutus
2777 5290 3118 5346 multorum
3184 5289 3581 5361 antiquorum

2033 5392 2509 5460 Theologorum‚
2542 5389 2815 5456 AlensiS,
2851 5386 3090 5445 Alberti
3131 5387 3362 5457 Magni,
3387 5389 3584 5443 Bona-

2030 5495 2202 5548 vent.
2233 5495 2296 5547 et
2326 5487 2649 5556 Richardi,
2684 5499 2920 5544 necnon
2952 5484 3311 5558 aliquorum
3372 5482 3582 5542 Philo-

2032 5589 2389 5662 sophorum,
2450 5587 2646 5645 Bootii
2725 5588 2788 5641 et
2859 5584 3323 5651 Avicembroni,
3392 5599 3579 5656 quam

2035 5690 2228 5749 etiam
2289 5689 2644 5761 sequuntur
2674 5682 2987 5741 Aureolus
3039 5687 3102 5742 et
3152 5683 3487 5756 cajetanus
3539 5685 3607 5745 in

3722 3439 3803 3491 ¹3.
