<?xml version="1.0" encoding="UTF-8"?>
<!DOCTYPE html PUBLIC "-//W3C//DTD XHTML 1.0 Transitional//EN"
    "http://www.w3.org/TR/xhtml1/DTD/xhtml1-transitional.dtd">
<html xmlns="http://www.w3.org/1999/xhtml" xml:lang="en" lang="en">
 <head>
  <title>
</title>
<meta http-equiv="Content-Type" content="text/html;charset=utf-8" />
  <meta name='ocr-system' content='tesseract 3.04.00' />
  <meta name='ocr-capabilities' content='ocr_page ocr_carea ocr_par ocr_line ocrx_word'/>
</head>
<body>
  <div class='ocr_page' id='page_1' title='image "./joannisdunsscot03waddgoog_0343.png"; bbox 0 0 4252 6393; ppageno 0'>
   <div class='ocr_carea' id='block_1_1' title="bbox 1832 422 2316 504">
    <p class='ocr_par' dir='ltr' id='par_1_1' title="bbox 1832 422 2316 504">
     <span class='ocr_line' id='line_1_1' title="bbox 1832 422 2316 504; baseline -0.002 -12"><span class='ocrx_word' id='word_1_1' title='bbox 1832 422 2192 504; x_wconf 80' lang='lat' dir='ltr'>QUAESTlo</span> <span class='ocrx_word' id='word_1_2' title='bbox 2240 433 2259 493; x_wconf 90' lang='lat'>1</span> <span class='ocrx_word' id='word_1_3' title='bbox 2268 428 2316 491; x_wconf 85' lang='lat' dir='ltr'>V</span> 
     </span>
    </p>
   </div>
   <div class='ocr_carea' id='block_1_2' title="bbox 104 588 2038 1383">
    <p class='ocr_par' dir='ltr' id='par_1_2' title="bbox 104 588 2038 1383">
     <span class='ocr_line' id='line_1_2' title="bbox 484 588 2035 683; baseline -0.001 -20"><span class='ocrx_word' id='word_1_4' title='bbox 484 610 722 674; x_wconf 89' lang='lat' dir='ltr'>nunc,</span> <span class='ocrx_word' id='word_1_5' title='bbox 780 610 1022 683; x_wconf 86' lang='lat' dir='ltr'>quam</span> <span class='ocrx_word' id='word_1_6' title='bbox 1084 592 1271 663; x_wconf 88' lang='lat' dir='ltr'>ante</span> <span class='ocrx_word' id='word_1_7' title='bbox 1355 589 1487 662; x_wconf 84' lang='lat' dir='ltr'>vel</span> <span class='ocrx_word' id='word_1_8' title='bbox 1545 592 1753 683; x_wconf 92' lang='lat' dir='ltr'>post.</span> <span class='ocrx_word' id='word_1_9' title='bbox 1814 588 2035 661; x_wconf 90' lang='lat' dir='ltr'>Unde</span> 
     </span>
     <span class='ocr_line' id='line_1_3' title="bbox 487 707 2038 799; baseline 0.001 -20"><span class='ocrx_word' id='word_1_10' title='bbox 487 727 651 780; x_wconf 90' lang='lat' dir='ltr'>non</span> <span class='ocrx_word' id='word_1_11' title='bbox 708 711 834 782; x_wconf 89' lang='lat' dir='ltr'>est</span> <span class='ocrx_word' id='word_1_12' title='bbox 888 708 1523 799; x_wconf 80' lang='lat' dir='ltr'>imaginandum,</span> <span class='ocrx_word' id='word_1_13' title='bbox 1582 709 1787 799; x_wconf 87' lang='lat' dir='ltr'>quod</span> <span class='ocrx_word' id='word_1_14' title='bbox 1844 707 2038 781; x_wconf 91' lang='lat' dir='ltr'>illud</span> 
     </span>
     <span class='ocr_line' id='line_1_4' title="bbox 490 826 2036 916; baseline -0.001 -21"><span class='ocrx_word' id='word_1_15' title='bbox 490 826 698 916; x_wconf 86' lang='lat' dir='ltr'>quod</span> <span class='ocrx_word' id='word_1_16' title='bbox 761 826 964 907; x_wconf 87' lang='lat' dir='ltr'>dico,</span> <span class='ocrx_word' id='word_1_17' title='bbox 1017 830 1172 916; x_wconf 76' lang='lat' dir='ltr'>plus</span> <span class='ocrx_word' id='word_1_18' title='bbox 1228 829 1397 895; x_wconf 83' lang='lat' dir='ltr'>velle</span> <span class='ocrx_word' id='word_1_19' title='bbox 1435 829 1554 894; x_wconf 76' lang='lat' dir='ltr'>hoc</span> <span class='ocrx_word' id='word_1_20' title='bbox 1613 849 1769 907; x_wconf 77' lang='lat' dir='ltr'>esse,</span> <span class='ocrx_word' id='word_1_21' title='bbox 1838 850 2036 916; x_wconf 81' lang='lat' dir='ltr'>quam</span> 
     </span>
     <span class='ocr_line' id='line_1_5' title="bbox 486 940 2035 1034; baseline 0.001 -27"><span class='ocrx_word' id='word_1_22' title='bbox 486 964 623 1008; x_wconf 80' lang='lat' dir='ltr'>non</span> <span class='ocrx_word' id='word_1_23' title='bbox 660 964 826 1023; x_wconf 73' lang='lat' dir='ltr'>esse,</span> <span class='ocrx_word' id='word_1_24' title='bbox 870 941 1086 1014; x_wconf 78' lang='lat' dir='ltr'>dicat</span> <span class='ocrx_word' id='word_1_25' title='bbox 1120 940 1423 1032; x_wconf 82' lang='lat' dir='ltr'>aliquid</span> <span class='ocrx_word' id='word_1_26' title='bbox 1475 961 1723 1034; x_wconf 82' lang='lat' dir='ltr'>super</span> <span class='ocrx_word' id='word_1_27' title='bbox 1779 945 2035 1034; x_wconf 80' lang='lat' dir='ltr'>simpli-</span> 
     </span>
     <span class='ocr_line' id='line_1_6' title="bbox 487 1059 864 1126; baseline 0.008 -3"><span class='ocrx_word' id='word_1_28' title='bbox 487 1059 864 1126; x_wconf 78' lang='lat' dir='ltr'>citer-velle.</span> 
     </span>
     <span class='ocr_line' id='line_1_7' title="bbox 104 1172 2034 1282; baseline -0.002 -35"><span class='ocrx_word' id='word_1_29' title='bbox 104 1172 453 1282; x_wconf 52' lang='grc' dir='ltr'>,ξξᾞξζ-</span> <span class='ocrx_word' id='word_1_30' title='bbox 578 1172 817 1246; x_wconf 89' lang='lat' dir='ltr'>Circa</span> <span class='ocrx_word' id='word_1_31' title='bbox 856 1174 1421 1249; x_wconf 86' lang='lat' dir='ltr'>difficultatem</span> <span class='ocrx_word' id='word_1_32' title='bbox 1462 1196 1559 1246; x_wconf 84' lang='lat' dir='ltr'>ex</span> <span class='ocrx_word' id='word_1_33' title='bbox 1623 1178 1854 1267; x_wconf 89' lang='lat' dir='ltr'>parte</span> <span class='ocrx_word' id='word_1_34' title='bbox 1916 1174 2034 1245; x_wconf 91' lang='lat' dir='ltr'>in—</span> 
     </span>
     <span class='ocr_line' id='line_1_8' title="bbox 130 1288 2035 1383; baseline 0.001 -20"><span class='ocrx_word' id='word_1_35' title='bbox 130 1297 277 1346; x_wconf 65' lang='lat' dir='ltr'>tium</span> <span class='ocrx_word' id='word_1_36' title='bbox 311 1298 431 1344; x_wconf 68' lang='lat' dir='ltr'>du·</span> <span class='ocrx_word' id='word_1_37' title='bbox 474 1288 881 1372; x_wconf 70' lang='lat' dir='ltr'>tellectus,</span> <span class='ocrx_word' id='word_1_38' title='bbox 915 1292 1083 1364; x_wconf 83' lang='lat' dir='ltr'>sive</span> <span class='ocrx_word' id='word_1_39' title='bbox 1110 1292 1399 1365; x_wconf 73' lang='lat' dir='ltr'>divinae</span> <span class='ocrx_word' id='word_1_40' title='bbox 1426 1290 1922 1383; x_wconf 81' lang='lat' dir='ltr'>cognitionis</span> <span class='ocrx_word' id='word_1_41' title='bbox 1954 1295 2035 1364; x_wconf 90' lang='lat' dir='ltr'>et</span> 
     </span>
    </p>
   </div>
   <div class='ocr_carea' id='block_1_3' title="bbox 103 1359 2032 1500">
    <p class='ocr_par' dir='ltr' id='par_1_3' title="bbox 103 1359 2032 1500">
     <span class='ocr_line' id='line_1_9' title="bbox 103 1359 2032 1500; baseline -0.004 -16"><span class='ocrx_word' id='word_1_42' title='bbox 103 1359 451 1484; x_wconf 54' lang='lat' dir='ltr'>Dffl‘ne-</span> <span class='ocrx_word' id='word_1_43' title='bbox 484 1407 1034 1489; x_wconf 77' lang='lat' dir='ltr'>certitudinis,</span> <span class='ocrx_word' id='word_1_44' title='bbox 1081 1413 1204 1483; x_wconf 89' lang='lat' dir='ltr'>est</span> <span class='ocrx_word' id='word_1_45' title='bbox 1243 1409 1650 1482; x_wconf 89' lang='lat' dir='ltr'>sciendum</span> <span class='ocrx_word' id='word_1_46' title='bbox 1705 1408 1907 1500; x_wconf 88' lang='lat' dir='ltr'>quod</span> <span class='ocrx_word' id='word_1_47' title='bbox 1953 1408 2032 1478; x_wconf 92' lang='lat' dir='ltr'>in</span> 
     </span>
    </p>
   </div>
   <div class='ocr_carea' id='block_1_4' title="bbox 104 1485 2031 5692">
    <p class='ocr_par' dir='ltr' id='par_1_4' title="bbox 104 1485 1831 1538">
     <span class='ocr_line' id='line_1_10' title="bbox 104 1485 1831 1538; baseline 0.015 -9"><span class='ocrx_word' id='word_1_48' title='bbox 104 1485 351 1532; x_wconf 70' lang='lat' dir='ltr'>cessitas</span> <span class='ocrx_word' id='word_1_49' title='bbox 390 1486 454 1534; x_wconf 76' lang='lat' dir='ltr'>in</span> <span class='ocrx_word' id='word_1_50' title='bbox 729 1525 743 1538; x_wconf 88' lang='lat'><strong>.</strong></span> <span class='ocrx_word' id='word_1_51' title='bbox 1615 1525 1627 1538; x_wconf 93' lang='lat'><strong>·</strong></span> <span class='ocrx_word' id='word_1_52' title='bbox 1817 1523 1831 1536; x_wconf 90' lang='lat'><strong>·</strong></span> 
     </span>
    </p>

    <p class='ocr_par' dir='ltr' id='par_1_5' title="bbox 170 1523 2031 4642">
     <span class='ocr_line' id='line_1_11' title="bbox 170 1523 2031 1619; baseline 0.001 -27"><span class='ocrx_word' id='word_1_53' title='bbox 170 1549 399 1609; x_wconf 60' lang='lat' dir='ltr'>effectu.</span> <span class='ocrx_word' id='word_1_54' title='bbox 482 1523 900 1598; x_wconf 76' lang='lat' dir='ltr'>effectibus</span> <span class='ocrx_word' id='word_1_55' title='bbox 961 1525 1250 1619; x_wconf 84' lang='lat' dir='ltr'>duplex</span> <span class='ocrx_word' id='word_1_56' title='bbox 1322 1528 2031 1598; x_wconf 87' lang='lat' dir='ltr'>necess1tas1nve-</span> 
     </span>
     <span class='ocr_line' id='line_1_12' title="bbox 483 1639 2031 1732; baseline 0 -22"><span class='ocrx_word' id='word_1_57' title='bbox 483 1639 750 1721; x_wconf 76' lang='lat' dir='ltr'>nitur:</span> <span class='ocrx_word' id='word_1_58' title='bbox 835 1641 1197 1732; x_wconf 78' lang='lat' dir='ltr'>quaedam</span> <span class='ocrx_word' id='word_1_59' title='bbox 1266 1641 1641 1713; x_wconf 85' lang='lat' dir='ltr'>absoluta</span> <span class='ocrx_word' id='word_1_60' title='bbox 1744 1644 1824 1712; x_wconf 89' lang='lat' dir='ltr'>et</span> <span class='ocrx_word' id='word_1_61' title='bbox 1885 1660 2031 1731; x_wconf 89' lang='lat' dir='ltr'>pcr</span> 
     </span>
     <span class='ocr_line' id='line_1_13' title="bbox 483 1757 2027 1850; baseline 0.001 -23"><span class='ocrx_word' id='word_1_62' title='bbox 483 1778 611 1839; x_wconf 91' lang='lat' dir='ltr'>se;</span> <span class='ocrx_word' id='word_1_63' title='bbox 684 1757 1049 1848; x_wconf 78' lang='lat' dir='ltr'>quaedam</span> <span class='ocrx_word' id='word_1_64' title='bbox 1125 1778 1270 1850; x_wconf 88' lang='lat' dir='ltr'>per</span> <span class='ocrx_word' id='word_1_65' title='bbox 1309 1758 1678 1830; x_wconf 86' lang='lat' dir='ltr'>accidens</span> <span class='ocrx_word' id='word_1_66' title='bbox 1774 1760 1854 1829; x_wconf 90' lang='lat' dir='ltr'>et</span> <span class='ocrx_word' id='word_1_67' title='bbox 1915 1778 2027 1828; x_wconf 91' lang='lat' dir='ltr'>se-</span> 
     </span>
     <span class='ocr_line' id='line_1_14' title="bbox 483 1872 2028 1965; baseline -0.001 -20"><span class='ocrx_word' id='word_1_68' title='bbox 483 1875 832 1946; x_wconf 90' lang='lat' dir='ltr'>cundum</span> <span class='ocrx_word' id='word_1_69' title='bbox 862 1874 1070 1965; x_wconf 90' lang='lat' dir='ltr'>quid.</span> <span class='ocrx_word' id='word_1_70' title='bbox 1097 1874 1688 1946; x_wconf 76' lang='lat' dir='ltr'>Necessitatem</span> <span class='ocrx_word' id='word_1_71' title='bbox 1714 1872 2028 1944; x_wconf 91' lang='lat' dir='ltr'>absolu-</span> 
     </span>
     <span class='ocr_line' id='line_1_15' title="bbox 476 1989 2028 2081; baseline -0.002 -18"><span class='ocrx_word' id='word_1_72' title='bbox 476 1994 650 2063; x_wconf 90' lang='lat' dir='ltr'>tam</span> <span class='ocrx_word' id='word_1_73' title='bbox 692 1989 934 2063; x_wconf 87' lang='lat' dir='ltr'>habet</span> <span class='ocrx_word' id='word_1_74' title='bbox 978 1990 1337 2071; x_wconf 88' lang='lat' dir='ltr'>effectus,</span> <span class='ocrx_word' id='word_1_75' title='bbox 1394 1990 1707 2081; x_wconf 86' lang='lat' dir='ltr'>quando</span> <span class='ocrx_word' id='word_1_76' title='bbox 1740 1990 2028 2081; x_wconf 89' lang='lat' dir='ltr'>depen-</span> 
     </span>
     <span class='ocr_line' id='line_1_16' title="bbox 473 2105 2025 2199; baseline 0.001 -23"><span class='ocrx_word' id='word_1_77' title='bbox 473 2105 607 2179; x_wconf 90' lang='lat' dir='ltr'>det</span> <span class='ocrx_word' id='word_1_78' title='bbox 668 2128 715 2178; x_wconf 93' lang='lat' dir='ltr'>a</span> <span class='ocrx_word' id='word_1_79' title='bbox 775 2106 1079 2180; x_wconf 90' lang='lat' dir='ltr'>talibus</span> <span class='ocrx_word' id='word_1_80' title='bbox 1157 2106 1457 2187; x_wconf 88' lang='lat' dir='ltr'>causis,</span> <span class='ocrx_word' id='word_1_81' title='bbox 1514 2128 1689 2198; x_wconf 66' lang='lat' dir='ltr'>quae</span> <span class='ocrx_word' id='word_1_82' title='bbox 1760 2107 2025 2199; x_wconf 90' lang='lat' dir='ltr'>ipsum</span> 
     </span>
     <span class='ocr_line' id='line_1_17' title="bbox 472 2222 2027 2315; baseline 0.002 -22"><span class='ocrx_word' id='word_1_83' title='bbox 472 2223 949 2295; x_wconf 87' lang='lat' dir='ltr'>necessario</span> <span class='ocrx_word' id='word_1_84' title='bbox 997 2224 1496 2315; x_wconf 85' lang='lat' dir='ltr'>producunt:</span> <span class='ocrx_word' id='word_1_85' title='bbox 1547 2222 1756 2296; x_wconf 90' lang='lat' dir='ltr'>sicut</span> <span class='ocrx_word' id='word_1_86' title='bbox 1800 2222 2027 2315; x_wconf 91' lang='lat' dir='ltr'>ponit</span> 
     </span>
     <span class='ocr_line' id='line_1_18' title="bbox 475 2339 2021 2433; baseline 0.001 -23"><span class='ocrx_word' id='word_1_87' title='bbox 475 2339 1024 2433; x_wconf 87' lang='lat' dir='ltr'>Philosophus</span> <span class='ocrx_word' id='word_1_88' title='bbox 1092 2339 1554 2431; x_wconf 82' lang='lat' dir='ltr'>exemplum</span> <span class='ocrx_word' id='word_1_89' title='bbox 1622 2343 1685 2411; x_wconf 88' lang='lat'>1.</span> <span class='ocrx_word' id='word_1_90' title='bbox 1750 2344 2021 2429; x_wconf 77' lang='lat' dir='ltr'>Physic.</span> 
     </span>
     <span class='ocr_line' id='line_1_19' title="bbox 474 2458 2027 2551; baseline 0.005 -28"><span class='ocrx_word' id='word_1_91' title='bbox 474 2468 640 2526; x_wconf 72' lang='lat' dir='ltr'>text.</span> <span class='ocrx_word' id='word_1_92' title='bbox 676 2482 842 2527; x_wconf 85' lang='lat' dir='ltr'>com.</span> <span class='ocrx_word' id='word_1_93' title='bbox 876 2459 989 2531; x_wconf 78' lang='lat'>69.</span> <span class='ocrx_word' id='word_1_94' title='bbox 1043 2459 1249 2551; x_wconf 90' lang='lat' dir='ltr'>quod</span> <span class='ocrx_word' id='word_1_95' title='bbox 1307 2478 1635 2531; x_wconf 91' lang='lat' dir='ltr'>necesse</span> <span class='ocrx_word' id='word_1_96' title='bbox 1686 2462 1809 2531; x_wconf 89' lang='lat' dir='ltr'>cst</span> <span class='ocrx_word' id='word_1_97' title='bbox 1854 2458 2027 2530; x_wconf 91' lang='lat' dir='ltr'>ani-</span> 
     </span>
     <span class='ocr_line' id='line_1_20' title="bbox 474 2573 2022 2668; baseline 0.001 -23"><span class='ocrx_word' id='word_1_98' title='bbox 474 2574 640 2646; x_wconf 85' lang='lat' dir='ltr'>mal</span> <span class='ocrx_word' id='word_1_99' title='bbox 681 2573 1132 2667; x_wconf 87' lang='lat' dir='ltr'>corrumpi,</span> <span class='ocrx_word' id='word_1_100' title='bbox 1191 2574 1379 2666; x_wconf 85' lang='lat' dir='ltr'>quia</span> <span class='ocrx_word' id='word_1_101' title='bbox 1434 2578 1558 2648; x_wconf 90' lang='lat' dir='ltr'>est</span> <span class='ocrx_word' id='word_1_102' title='bbox 1627 2575 2022 2668; x_wconf 91' lang='lat' dir='ltr'>composi-</span> 
     </span>
     <span class='ocr_line' id='line_1_21' title="bbox 470 2690 2024 2771; baseline 0.001 -8"><span class='ocrx_word' id='word_1_103' title='bbox 470 2694 651 2763; x_wconf 90' lang='lat' dir='ltr'>tum</span> <span class='ocrx_word' id='word_1_104' title='bbox 699 2712 799 2763; x_wconf 82' lang='lat' dir='ltr'>ex</span> <span class='ocrx_word' id='word_1_105' title='bbox 855 2690 1345 2771; x_wconf 88' lang='lat' dir='ltr'>contra1·iis;</span> <span class='ocrx_word' id='word_1_106' title='bbox 1392 2695 1470 2764; x_wconf 91' lang='lat' dir='ltr'>et</span> <span class='ocrx_word' id='word_1_107' title='bbox 1516 2691 1584 2762; x_wconf 89' lang='lat' dir='ltr'>si</span> <span class='ocrx_word' id='word_1_108' title='bbox 1628 2696 1858 2764; x_wconf 88' lang='lat' dir='ltr'>terra</span> <span class='ocrx_word' id='word_1_109' title='bbox 1899 2696 2024 2764; x_wconf 90' lang='lat' dir='ltr'>est</span> 
     </span>
     <span class='ocr_line' id='line_1_22' title="bbox 470 2806 2024 2888; baseline 0.001 -11"><span class='ocrx_word' id='word_1_110' title='bbox 470 2807 696 2879; x_wconf 88' lang='lat' dir='ltr'>inter</span> <span class='ocrx_word' id='word_1_111' title='bbox 742 2806 1008 2880; x_wconf 86' lang='lat' dir='ltr'>Solem</span> <span class='ocrx_word' id='word_1_112' title='bbox 1045 2810 1125 2879; x_wconf 91' lang='lat' dir='ltr'>et</span> <span class='ocrx_word' id='word_1_113' title='bbox 1166 2808 1500 2888; x_wconf 85' lang='lat' dir='ltr'>Lunam,</span> <span class='ocrx_word' id='word_1_114' title='bbox 1559 2811 1751 2880; x_wconf 91' lang='lat' dir='ltr'>tunc</span> <span class='ocrx_word' id='word_1_115' title='bbox 1800 2810 2024 2880; x_wconf 88' lang='lat' dir='ltr'>Luna</span> 
     </span>
     <span class='ocr_line' id='line_1_23' title="bbox 466 2919 2022 3014; baseline 0.001 -22"><span class='ocrx_word' id='word_1_116' title='bbox 466 2919 950 3014; x_wconf 87' lang='lat' dir='ltr'>eclipsatur.</span> <span class='ocrx_word' id='word_1_117' title='bbox 970 2922 1566 2995; x_wconf 81' lang='lat' dir='ltr'>Necessitatem</span> <span class='ocrx_word' id='word_1_118' title='bbox 1592 2924 2022 2995; x_wconf 89' lang='lat' dir='ltr'>secundum</span> 
     </span>
     <span class='ocr_line' id='line_1_24' title="bbox 466 3035 2021 3128; baseline 0.003 -22"><span class='ocrx_word' id='word_1_119' title='bbox 466 3035 659 3127; x_wconf 85' lang='lat' dir='ltr'>quid</span> <span class='ocrx_word' id='word_1_120' title='bbox 684 3040 953 3128; x_wconf 91' lang='lat' dir='ltr'>potest</span> <span class='ocrx_word' id='word_1_121' title='bbox 979 3035 1450 3121; x_wconf 86' lang='lat' dir='ltr'>habere,ch</span> <span class='ocrx_word' id='word_1_122' title='bbox 1481 3039 1801 3113; x_wconf 88' lang='lat' dir='ltr'>ratione</span> <span class='ocrx_word' id='word_1_123' title='bbox 1827 3044 2021 3113; x_wconf 89' lang='lat' dir='ltr'>tem-</span> 
     </span>
     <span class='ocr_line' id='line_1_25' title="bbox 468 3151 2017 3244; baseline 0.002 -20"><span class='ocrx_word' id='word_1_124' title='bbox 468 3151 733 3244; x_wconf 90' lang='lat' dir='ltr'>poris,</span> <span class='ocrx_word' id='word_1_125' title='bbox 780 3154 905 3226; x_wconf 88' lang='lat' dir='ltr'>vel</span> <span class='ocrx_word' id='word_1_126' title='bbox 941 3154 1266 3230; x_wconf 88' lang='lat' dir='ltr'>ratione</span> <span class='ocrx_word' id='word_1_127' title='bbox 1307 3155 1955 3231; x_wconf 80' lang='lat' dir='ltr'>circumstantiae</span> <span class='ocrx_word' id='word_1_128' title='bbox 2004 3183 2017 3227; x_wconf 93' lang='lat'><strong>:</strong></span> 
     </span>
     <span class='ocr_line' id='line_1_26' title="bbox 464 3268 2021 3364; baseline 0.001 -22"><span class='ocrx_word' id='word_1_129' title='bbox 464 3268 797 3343; x_wconf 87' lang='lat' dir='ltr'>ratione</span> <span class='ocrx_word' id='word_1_130' title='bbox 891 3272 1315 3364; x_wconf 91' lang='lat' dir='ltr'>temporis,</span> <span class='ocrx_word' id='word_1_131' title='bbox 1408 3272 1593 3364; x_wconf 84' lang='lat' dir='ltr'>quia</span> <span class='ocrx_word' id='word_1_132' title='bbox 1681 3294 2021 3346; x_wconf 85' lang='lat' dir='ltr'>currens</span> 
     </span>
     <span class='ocr_line' id='line_1_27' title="bbox 465 3388 2017 3479; baseline 0.004 -21"><span class='ocrx_word' id='word_1_133' title='bbox 465 3388 787 3479; x_wconf 83' lang='lat' dir='ltr'>qua-ndo</span> <span class='ocrx_word' id='word_1_134' title='bbox 841 3388 1130 3471; x_wconf 85' lang='lat' dir='ltr'>currit,</span> <span class='ocrx_word' id='word_1_135' title='bbox 1195 3389 1662 3461; x_wconf 87' lang='lat' dir='ltr'>necessario</span> <span class='ocrx_word' id='word_1_136' title='bbox 1711 3391 2017 3472; x_wconf 88' lang='lat' dir='ltr'>currit;</span> 
     </span>
     <span class='ocr_line' id='line_1_28' title="bbox 462 3501 2022 3594; baseline 0.003 -21"><span class='ocrx_word' id='word_1_137' title='bbox 462 3501 663 3594; x_wconf 87' lang='lat' dir='ltr'>quia</span> <span class='ocrx_word' id='word_1_138' title='bbox 724 3506 1157 3577; x_wconf 89' lang='lat' dir='ltr'>secundum</span> <span class='ocrx_word' id='word_1_139' title='bbox 1220 3504 1750 3579; x_wconf 75' lang='lat' dir='ltr'>Aristotelem</span> <span class='ocrx_word' id='word_1_140' title='bbox 1798 3506 2022 3578; x_wconf 88' lang='lat' dir='ltr'>circa</span> 
     </span>
     <span class='ocr_line' id='line_1_29' title="bbox 462 3619 2017 3711; baseline 0 -21"><span class='ocrx_word' id='word_1_141' title='bbox 462 3619 713 3691; x_wconf 78' lang='lat' dir='ltr'>finem</span> <span class='ocrx_word' id='word_1_142' title='bbox 773 3623 836 3691; x_wconf 87' lang='lat'>1.</span> <span class='ocrx_word' id='word_1_143' title='bbox 894 3623 1452 3703; x_wconf 71' lang='lat' dir='ltr'>Pem‘lzermenias,</span> <span class='ocrx_word' id='word_1_144' title='bbox 1514 3646 1660 3711; x_wconf 83' lang='lat' dir='ltr'>cap.</span> <span class='ocrx_word' id='word_1_145' title='bbox 1716 3625 1951 3690; x_wconf 79' lang='lat' dir='ltr'>ultimo</span> <span class='ocrx_word' id='word_1_146' title='bbox 1996 3652 2017 3691; x_wconf 92' lang='lat'>.·</span> 
     </span>
     <span class='ocr_line' id='line_1_30' title="bbox 465 3737 2020 3824; baseline 0.001 -22"><span class='ocrx_word' id='word_1_147' title='bbox 465 3739 685 3803; x_wconf 83' lang='lat' dir='ltr'>Omne</span> <span class='ocrx_word' id='word_1_148' title='bbox 727 3737 904 3824; x_wconf 80' lang='lat' dir='ltr'>quod</span> <span class='ocrx_word' id='word_1_149' title='bbox 951 3748 1064 3816; x_wconf 77' lang='lat' dir='ltr'>est,</span> <span class='ocrx_word' id='word_1_150' title='bbox 1125 3738 1390 3824; x_wconf 79' lang='lat' dir='ltr'>quando</span> <span class='ocrx_word' id='word_1_151' title='bbox 1438 3750 1554 3816; x_wconf 77' lang='lat' dir='ltr'>est,</span> <span class='ocrx_word' id='word_1_152' title='bbox 1614 3760 1871 3804; x_wconf 75' lang='lat' dir='ltr'>necesse</span> <span class='ocrx_word' id='word_1_153' title='bbox 1928 3750 2020 3805; x_wconf 81' lang='lat' dir='ltr'>est</span> 
     </span>
     <span class='ocr_line' id='line_1_31' title="bbox 456 3850 2014 3932; baseline 0.003 -12"><span class='ocrx_word' id='word_1_154' title='bbox 456 3875 625 3920; x_wconf 72' lang='lat' dir='ltr'>esse.</span> <span class='ocrx_word' id='word_1_155' title='bbox 676 3851 899 3922; x_wconf 84' lang='lat' dir='ltr'>Unde</span> <span class='ocrx_word' id='word_1_156' title='bbox 943 3850 1023 3921; x_wconf 89' lang='lat' dir='ltr'>in</span> <span class='ocrx_word' id='word_1_157' title='bbox 1072 3850 1395 3932; x_wconf 90' lang='lat' dir='ltr'>talibus,</span> <span class='ocrx_word' id='word_1_158' title='bbox 1458 3852 1650 3925; x_wconf 87' lang='lat' dir='ltr'>talis</span> <span class='ocrx_word' id='word_1_159' title='bbox 1718 3858 1843 3926; x_wconf 87' lang='lat' dir='ltr'>est</span> <span class='ocrx_word' id='word_1_160' title='bbox 1886 3874 2014 3924; x_wconf 91' lang='lat' dir='ltr'>ne-</span> 
     </span>
     <span class='ocr_line' id='line_1_32' title="bbox 455 3966 2015 4063; baseline 0.002 -24"><span class='ocrx_word' id='word_1_161' title='bbox 455 3966 836 4049; x_wconf 78' lang='lat' dir='ltr'>cessitas,</span> <span class='ocrx_word' id='word_1_162' title='bbox 919 3972 1006 4041; x_wconf 90' lang='lat' dir='ltr'>ut</span> <span class='ocrx_word' id='word_1_163' title='bbox 1072 3988 1216 4040; x_wconf 88' lang='lat' dir='ltr'>nec</span> <span class='ocrx_word' id='word_1_164' title='bbox 1284 3990 1381 4040; x_wconf 81' lang='lat' dir='ltr'>cx</span> <span class='ocrx_word' id='word_1_165' title='bbox 1454 3975 1687 4061; x_wconf 88' lang='lat' dir='ltr'>parte</span> <span class='ocrx_word' id='word_1_166' title='bbox 1762 3970 2015 4063; x_wconf 88' lang='lat' dir='ltr'>ipsius</span> 
     </span>
     <span class='ocr_line' id='line_1_33' title="bbox 463 4086 2017 4181; baseline 0.002 -25"><span class='ocrx_word' id='word_1_167' title='bbox 463 4086 632 4166; x_wconf 90' lang='lat' dir='ltr'>rei,</span> <span class='ocrx_word' id='word_1_168' title='bbox 733 4105 879 4157; x_wconf 91' lang='lat' dir='ltr'>nec</span> <span class='ocrx_word' id='word_1_169' title='bbox 947 4106 1046 4156; x_wconf 85' lang='lat' dir='ltr'>ex</span> <span class='ocrx_word' id='word_1_170' title='bbox 1134 4089 1367 4177; x_wconf 87' lang='lat' dir='ltr'>parte</span> <span class='ocrx_word' id='word_1_171' title='bbox 1435 4086 1782 4181; x_wconf 86' lang='lat' dir='ltr'>alicujus</span> <span class='ocrx_word' id='word_1_172' title='bbox 1862 4089 2017 4159; x_wconf 82' lang='lat' dir='ltr'>vir-</span> 
     </span>
     <span class='ocr_line' id='line_1_34' title="bbox 454 4201 2015 4294; baseline -0.001 -18"><span class='ocrx_word' id='word_1_173' title='bbox 454 4202 690 4283; x_wconf 80' lang='lat' dir='ltr'>tutis,</span> <span class='ocrx_word' id='word_1_174' title='bbox 737 4201 1208 4294; x_wconf 91' lang='lat' dir='ltr'>oppositum</span> <span class='ocrx_word' id='word_1_175' title='bbox 1273 4202 1536 4294; x_wconf 89' lang='lat' dir='ltr'>possit</span> <span class='ocrx_word' id='word_1_176' title='bbox 1604 4225 1806 4284; x_wconf 89' lang='lat' dir='ltr'>esse,</span> <span class='ocrx_word' id='word_1_177' title='bbox 1871 4225 2015 4276; x_wconf 90' lang='lat' dir='ltr'>nec</span> 
     </span>
     <span class='ocr_line' id='line_1_35' title="bbox 459 4316 2014 4408; baseline 0.001 -19"><span class='ocrx_word' id='word_1_178' title='bbox 459 4317 839 4407; x_wconf 81' lang='lat' dir='ltr'>intelligi,</span> <span class='ocrx_word' id='word_1_179' title='bbox 906 4316 1094 4408; x_wconf 91' lang='lat' dir='ltr'>quia</span> <span class='ocrx_word' id='word_1_180' title='bbox 1151 4321 1339 4390; x_wconf 90' lang='lat' dir='ltr'>tunc</span> <span class='ocrx_word' id='word_1_181' title='bbox 1371 4319 2014 4392; x_wconf 87' lang='lat' dir='ltr'>contradictoria</span> 
     </span>
     <span class='ocr_line' id='line_1_36' title="bbox 461 4432 2011 4527; baseline 0.001 -23"><span class='ocrx_word' id='word_1_182' title='bbox 461 4432 707 4504; x_wconf 90' lang='lat' dir='ltr'>simul</span> <span class='ocrx_word' id='word_1_183' title='bbox 733 4435 1008 4505; x_wconf 89' lang='lat' dir='ltr'>essent</span> <span class='ocrx_word' id='word_1_184' title='bbox 1045 4454 1266 4516; x_wconf 87' lang='lat' dir='ltr'>vera,</span> <span class='ocrx_word' id='word_1_185' title='bbox 1325 4455 1572 4526; x_wconf 86' lang='lat' dir='ltr'>super</span> <span class='ocrx_word' id='word_1_186' title='bbox 1606 4437 1808 4527; x_wconf 88' lang='lat' dir='ltr'>quod</span> <span class='ocrx_word' id='word_1_187' title='bbox 1842 4437 2011 4507; x_wconf 91' lang='lat' dir='ltr'>nul-</span> 
     </span>
     <span class='ocr_line' id='line_1_37' title="bbox 461 4550 1499 4642; baseline -0.002 -20"><span class='ocrx_word' id='word_1_188' title='bbox 461 4550 545 4622; x_wconf 93' lang='lat' dir='ltr'>la</span> <span class='ocrx_word' id='word_1_189' title='bbox 598 4572 680 4622; x_wconf 91' lang='lat' dir='ltr'>se</span> <span class='ocrx_word' id='word_1_190' title='bbox 712 4550 1074 4624; x_wconf 86' lang='lat' dir='ltr'>extendit</span> <span class='ocrx_word' id='word_1_191' title='bbox 1110 4551 1499 4642; x_wconf 89' lang='lat' dir='ltr'>potentia.</span> 
     </span>
    </p>

    <p class='ocr_par' dir='ltr' id='par_1_6' title="bbox 184 4665 2010 5692">
     <span class='ocr_line' id='line_1_38' title="bbox 184 4665 2010 4767; baseline 0.001 -28"><span class='ocrx_word' id='word_1_192' title='bbox 184 4715 271 4767; x_wconf 42' lang='lat'>35·</span> <span class='ocrx_word' id='word_1_193' title='bbox 557 4666 959 4739; x_wconf 77' lang='lat' dir='ltr'>Similiter</span> <span class='ocrx_word' id='word_1_194' title='bbox 1016 4665 1220 4747; x_wconf 92' lang='lat' dir='ltr'>dico,</span> <span class='ocrx_word' id='word_1_195' title='bbox 1287 4668 1493 4757; x_wconf 89' lang='lat' dir='ltr'>quod</span> <span class='ocrx_word' id='word_1_196' title='bbox 1554 4666 1745 4740; x_wconf 90' lang='lat' dir='ltr'>illud</span> <span class='ocrx_word' id='word_1_197' title='bbox 1803 4669 2010 4759; x_wconf 86' lang='lat' dir='ltr'>quod</span> 
     </span>
     <span class='ocr_line' id='line_1_39' title="bbox 460 4780 2004 4873; baseline 0.001 -20"><span class='ocrx_word' id='word_1_198' title='bbox 460 4781 647 4864; x_wconf 85' lang='lat' dir='ltr'>suit,</span> <span class='ocrx_word' id='word_1_199' title='bbox 675 4781 988 4873; x_wconf 87' lang='lat' dir='ltr'>quando</span> <span class='ocrx_word' id='word_1_200' title='bbox 1021 4780 1199 4862; x_wconf 88' lang='lat' dir='ltr'>fuit,</span> <span class='ocrx_word' id='word_1_201' title='bbox 1225 4802 1552 4854; x_wconf 91' lang='lat' dir='ltr'>neccsse</span> <span class='ocrx_word' id='word_1_202' title='bbox 1570 4787 1694 4856; x_wconf 88' lang='lat' dir='ltr'>est</span> <span class='ocrx_word' id='word_1_203' title='bbox 1729 4782 2004 4864; x_wconf 85' lang='lat' dir='ltr'>fuisse,</span> 
     </span>
     <span class='ocr_line' id='line_1_40' title="bbox 459 4897 2010 4992; baseline 0.002 -22"><span class='ocrx_word' id='word_1_204' title='bbox 459 4898 581 4972; x_wconf 86' lang='lat' dir='ltr'>ita</span> <span class='ocrx_word' id='word_1_205' title='bbox 621 4899 827 4990; x_wconf 88' lang='lat' dir='ltr'>quod</span> <span class='ocrx_word' id='word_1_206' title='bbox 883 4897 965 4969; x_wconf 93' lang='lat' dir='ltr'>in</span> <span class='ocrx_word' id='word_1_207' title='bbox 1023 4897 1246 4970; x_wconf 92' lang='lat' dir='ltr'>nullo</span> <span class='ocrx_word' id='word_1_208' title='bbox 1300 4899 1656 4972; x_wconf 89' lang='lat' dir='ltr'>istorum</span> <span class='ocrx_word' id='word_1_209' title='bbox 1698 4904 1821 4973; x_wconf 80' lang='lat' dir='ltr'>est</span> <span class='ocrx_word' id='word_1_210' title='bbox 1879 4922 2010 4992; x_wconf 88' lang='lat' dir='ltr'>po-</span> 
     </span>
     <span class='ocr_line' id='line_1_41' title="bbox 454 5015 2004 5109; baseline 0 -21"><span class='ocrx_word' id='word_1_211' title='bbox 454 5015 717 5089; x_wconf 86' lang='lat' dir='ltr'>tentia</span> <span class='ocrx_word' id='word_1_212' title='bbox 789 5015 884 5087; x_wconf 85' lang='lat' dir='ltr'>ad</span> <span class='ocrx_word' id='word_1_213' title='bbox 975 5016 1441 5108; x_wconf 85' lang='lat' dir='ltr'>oppositum</span> <span class='ocrx_word' id='word_1_214' title='bbox 1512 5037 1661 5109; x_wconf 88' lang='lat' dir='ltr'>pro</span> <span class='ocrx_word' id='word_1_215' title='bbox 1729 5018 2004 5088; x_wconf 83' lang='lat' dir='ltr'>eodem</span> 
     </span>
     <span class='ocr_line' id='line_1_42' title="bbox 447 5132 2007 5224; baseline 0.003 -24"><span class='ocrx_word' id='word_1_216' title='bbox 447 5155 654 5212; x_wconf 80' lang='lat' dir='ltr'>mene,</span> <span class='ocrx_word' id='word_1_217' title='bbox 701 5132 827 5203; x_wconf 81' lang='lat' dir='ltr'>vel</span> <span class='ocrx_word' id='word_1_218' title='bbox 874 5136 1267 5224; x_wconf 88' lang='lat' dir='ltr'>tempore.</span> <span class='ocrx_word' id='word_1_219' title='bbox 1314 5132 1502 5203; x_wconf 87' lang='lat' dir='ltr'>Tale</span> <span class='ocrx_word' id='word_1_220' title='bbox 1555 5136 1827 5204; x_wconf 88' lang='lat' dir='ltr'>autem</span> <span class='ocrx_word' id='word_1_221' title='bbox 1879 5154 2007 5204; x_wconf 88' lang='lat' dir='ltr'>ne-</span> 
     </span>
     <span class='ocr_line' id='line_1_43' title="bbox 446 5247 2003 5323; baseline 0.001 -3"><span class='ocrx_word' id='word_1_222' title='bbox 446 5248 907 5320; x_wconf 89' lang='lat' dir='ltr'>cessarium</span> <span class='ocrx_word' id='word_1_223' title='bbox 958 5268 1119 5319; x_wconf 93' lang='lat' dir='ltr'>non</span> <span class='ocrx_word' id='word_1_224' title='bbox 1153 5247 1392 5321; x_wconf 89' lang='lat' dir='ltr'>habet</span> <span class='ocrx_word' id='word_1_225' title='bbox 1432 5249 2003 5323; x_wconf 88' lang='lat' dir='ltr'>necessitatem</span> 
     </span>
     <span class='ocr_line' id='line_1_44' title="bbox 448 5364 1997 5458; baseline 0 -21"><span class='ocrx_word' id='word_1_226' title='bbox 448 5365 962 5445; x_wconf 85' lang='lat' dir='ltr'>absolutam,</span> <span class='ocrx_word' id='word_1_227' title='bbox 1048 5364 1182 5437; x_wconf 90' lang='lat' dir='ltr'>sed</span> <span class='ocrx_word' id='word_1_228' title='bbox 1252 5366 1685 5437; x_wconf 89' lang='lat' dir='ltr'>secundum</span> <span class='ocrx_word' id='word_1_229' title='bbox 1772 5367 1997 5458; x_wconf 85' lang='lat' dir='ltr'>quid,</span> 
     </span>
     <span class='ocr_line' id='line_1_45' title="bbox 448 5481 2002 5576; baseline 0.001 -23"><span class='ocrx_word' id='word_1_230' title='bbox 448 5481 641 5574; x_wconf 88' lang='lat' dir='ltr'>quia</span> <span class='ocrx_word' id='word_1_231' title='bbox 673 5486 853 5555; x_wconf 88' lang='lat' dir='ltr'>erat</span> <span class='ocrx_word' id='word_1_232' title='bbox 890 5482 1260 5574; x_wconf 85' lang='lat' dir='ltr'>potentia</span> <span class='ocrx_word' id='word_1_233' title='bbox 1290 5481 1764 5575; x_wconf 81' lang='lat' dir='ltr'>intempore</span> <span class='ocrx_word' id='word_1_234' title='bbox 1801 5504 2002 5576; x_wconf 66' lang='lat' dir='ltr'>prze-</span> 
     </span>
     <span class='ocr_line' id='line_1_46' title="bbox 442 5599 2002 5692; baseline -0.002 -17"><span class='ocrx_word' id='word_1_235' title='bbox 442 5600 784 5682; x_wconf 87' lang='lat' dir='ltr'>cedenti,</span> <span class='ocrx_word' id='word_1_236' title='bbox 824 5599 952 5672; x_wconf 85' lang='lat' dir='ltr'>vel</span> <span class='ocrx_word' id='word_1_237' title='bbox 989 5599 1355 5692; x_wconf 86' lang='lat' dir='ltr'>potentia</span> <span class='ocrx_word' id='word_1_238' title='bbox 1386 5601 1827 5684; x_wconf 87' lang='lat' dir='ltr'>currentis,</span> <span class='ocrx_word' id='word_1_239' title='bbox 1872 5602 2002 5673; x_wconf 86' lang='lat' dir='ltr'>vel</span> 
     </span>
    </p>
   </div>
   <div class='ocr_carea' id='block_1_5' title="bbox 3564 430 3681 491">
    <p class='ocr_par' dir='ltr' id='par_1_7' title="bbox 3564 430 3681 491">
     <span class='ocr_line' id='line_1_47' title="bbox 3564 430 3681 491; baseline -0.017 0"><span class='ocrx_word' id='word_1_240' title='bbox 3564 430 3681 491; x_wconf 85' lang='lat'>317</span> 
     </span>
    </p>
   </div>
   <div class='ocr_carea' id='block_1_6' title="bbox 2142 587 3694 2197">
    <p class='ocr_par' dir='ltr' id='par_1_8' title="bbox 2145 587 3694 1148">
     <span class='ocr_line' id='line_1_48' title="bbox 2150 587 3693 684; baseline 0 -23"><span class='ocrx_word' id='word_1_241' title='bbox 2150 590 2618 664; x_wconf 83' lang='lat' dir='ltr'>extrinseca</span> <span class='ocrx_word' id='word_1_242' title='bbox 2669 612 2942 674; x_wconf 87' lang='lat' dir='ltr'>causa,</span> <span class='ocrx_word' id='word_1_243' title='bbox 2987 610 3144 683; x_wconf 83' lang='lat' dir='ltr'>qua</span> <span class='ocrx_word' id='word_1_244' title='bbox 3186 590 3512 684; x_wconf 87' lang='lat' dir='ltr'>poterat</span> <span class='ocrx_word' id='word_1_245' title='bbox 3557 587 3693 661; x_wconf 92' lang='lat' dir='ltr'>im-</span> 
     </span>
     <span class='ocr_line' id='line_1_49' title="bbox 2148 694 3694 799; baseline 0.001 -22"><span class='ocrx_word' id='word_1_246' title='bbox 2148 708 2406 799; x_wconf 91' lang='lat' dir='ltr'>pediri</span> <span class='ocrx_word' id='word_1_247' title='bbox 2461 734 2474 777; x_wconf 92' lang='lat'>:</span> <span class='ocrx_word' id='word_1_248' title='bbox 2514 729 2723 781; x_wconf 91' lang='lat' dir='ltr'>nunc</span> <span class='ocrx_word' id='word_1_249' title='bbox 2756 713 3027 782; x_wconf 88' lang='lat' dir='ltr'>autem</span> <span class='ocrx_word' id='word_1_250' title='bbox 3062 709 3144 781; x_wconf 92' lang='lat' dir='ltr'>in</span> <span class='ocrx_word' id='word_1_251' title='bbox 3178 708 3320 779; x_wconf 91' lang='lat' dir='ltr'>illo</span> <span class='ocrx_word' id='word_1_252' title='bbox 3361 722 3514 777; x_wconf 79' lang='lat' dir='ltr'>tunc</span> <span class='ocrx_word' id='word_1_253' title='bbox 3533 694 3694 780; x_wconf 90' lang='lat' dir='ltr'>non</span> 
     </span>
     <span class='ocr_line' id='line_1_50' title="bbox 2149 827 3692 920; baseline 0.001 -26"><span class='ocrx_word' id='word_1_254' title='bbox 2149 827 2419 915; x_wconf 83' lang='lat' dir='ltr'>potest</span> <span class='ocrx_word' id='word_1_255' title='bbox 2469 846 2628 898; x_wconf 92' lang='lat' dir='ltr'>non</span> <span class='ocrx_word' id='word_1_256' title='bbox 2670 848 2846 898; x_wconf 89' lang='lat' dir='ltr'>csse</span> <span class='ocrx_word' id='word_1_257' title='bbox 2892 846 3040 920; x_wconf 88' lang='lat' dir='ltr'>pro</span> <span class='ocrx_word' id='word_1_258' title='bbox 3091 829 3489 918; x_wconf 88' lang='lat' dir='ltr'>tempore,</span> <span class='ocrx_word' id='word_1_259' title='bbox 3537 845 3692 917; x_wconf 89' lang='lat' dir='ltr'>quo</span> 
     </span>
     <span class='ocr_line' id='line_1_51' title="bbox 2145 941 3687 1035; baseline 0 -25"><span class='ocrx_word' id='word_1_260' title='bbox 2145 946 2294 1023; x_wconf 90' lang='lat' dir='ltr'>est,</span> <span class='ocrx_word' id='word_1_261' title='bbox 2354 943 2724 1034; x_wconf 81' lang='lat' dir='ltr'>quamvis</span> <span class='ocrx_word' id='word_1_262' title='bbox 2770 963 2914 1035; x_wconf 89' lang='lat' dir='ltr'>per</span> <span class='ocrx_word' id='word_1_263' title='bbox 2964 942 3358 1023; x_wconf 80' lang='lat' dir='ltr'>accidenS,</span> <span class='ocrx_word' id='word_1_264' title='bbox 3425 941 3687 1019; x_wconf 91' lang='lat' dir='ltr'>idest,</span> 
     </span>
     <span class='ocr_line' id='line_1_52' title="bbox 2149 1059 3332 1148; baseline 0 -20"><span class='ocrx_word' id='word_1_265' title='bbox 2149 1060 2462 1148; x_wconf 89' lang='lat' dir='ltr'>quando</span> <span class='ocrx_word' id='word_1_266' title='bbox 2496 1064 2646 1142; x_wconf 89' lang='lat' dir='ltr'>est,</span> <span class='ocrx_word' id='word_1_267' title='bbox 2685 1059 3150 1133; x_wconf 87' lang='lat' dir='ltr'>necessario</span> <span class='ocrx_word' id='word_1_268' title='bbox 3184 1062 3332 1133; x_wconf 90' lang='lat' dir='ltr'>cst.</span> 
     </span>
    </p>

    <p class='ocr_par' dir='ltr' id='par_1_9' title="bbox 2142 1175 3688 2197">
     <span class='ocr_line' id='line_1_53' title="bbox 2238 1175 3687 1269; baseline 0 -23"><span class='ocrx_word' id='word_1_269' title='bbox 2238 1177 2384 1249; x_wconf 88' lang='lat' dir='ltr'>Est</span> <span class='ocrx_word' id='word_1_270' title='bbox 2435 1177 2684 1250; x_wconf 89' lang='lat' dir='ltr'>etiam</span> <span class='ocrx_word' id='word_1_271' title='bbox 2744 1177 3177 1269; x_wconf 85' lang='lat' dir='ltr'>aliquando</span> <span class='ocrx_word' id='word_1_272' title='bbox 3239 1175 3687 1248; x_wconf 83' lang='lat' dir='ltr'>necessitas</span> 
     </span>
     <span class='ocr_line' id='line_1_54' title="bbox 2149 1288 3683 1372; baseline 0.002 -12"><span class='ocrx_word' id='word_1_273' title='bbox 2149 1288 2229 1360; x_wconf 92' lang='lat' dir='ltr'>in</span> <span class='ocrx_word' id='word_1_274' title='bbox 2267 1311 2353 1362; x_wconf 87' lang='lat' dir='ltr'>re</span> <span class='ocrx_word' id='word_1_275' title='bbox 2388 1293 2709 1366; x_wconf 88' lang='lat' dir='ltr'>ratione</span> <span class='ocrx_word' id='word_1_276' title='bbox 2741 1292 3411 1372; x_wconf 60' lang='lat' dir='ltr'>circumstantiae,</span> <span class='ocrx_word' id='word_1_277' title='bbox 3475 1291 3683 1364; x_wconf 87' lang='lat' dir='ltr'>sicut</span> 
     </span>
     <span class='ocr_line' id='line_1_55' title="bbox 2147 1403 3687 1496; baseline 0.002 -22"><span class='ocrx_word' id='word_1_278' title='bbox 2147 1403 2215 1476; x_wconf 95' lang='lat' dir='ltr'>si</span> <span class='ocrx_word' id='word_1_279' title='bbox 2240 1426 2391 1496; x_wconf 80' lang='lat' dir='ltr'>ego</span> <span class='ocrx_word' id='word_1_280' title='bbox 2432 1408 2662 1480; x_wconf 87' lang='lat' dir='ltr'>video</span> <span class='ocrx_word' id='word_1_281' title='bbox 2698 1413 2776 1482; x_wconf 91' lang='lat' dir='ltr'>te</span> <span class='ocrx_word' id='word_1_282' title='bbox 2818 1429 3182 1489; x_wconf 84' lang='lat' dir='ltr'>currere,</span> <span class='ocrx_word' id='word_1_283' title='bbox 3219 1405 3687 1478; x_wconf 88' lang='lat' dir='ltr'>necessario</span> 
     </span>
     <span class='ocr_line' id='line_1_56' title="bbox 2145 1520 3688 1616; baseline 0 -24"><span class='ocrx_word' id='word_1_284' title='bbox 2145 1522 2445 1596; x_wconf 84' lang='lat' dir='ltr'>curris.</span> <span class='ocrx_word' id='word_1_285' title='bbox 2511 1523 2697 1614; x_wconf 87' lang='lat' dir='ltr'>quia</span> <span class='ocrx_word' id='word_1_286' title='bbox 2734 1543 2894 1594; x_wconf 94' lang='lat' dir='ltr'>non</span> <span class='ocrx_word' id='word_1_287' title='bbox 2931 1526 3197 1616; x_wconf 88' lang='lat' dir='ltr'>potest</span> <span class='ocrx_word' id='word_1_288' title='bbox 3230 1544 3434 1605; x_wconf 90' lang='lat' dir='ltr'>esse,</span> <span class='ocrx_word' id='word_1_289' title='bbox 3483 1520 3688 1615; x_wconf 87' lang='lat' dir='ltr'>quod</span> 
     </span>
     <span class='ocr_line' id='line_1_57' title="bbox 2142 1639 3686 1727; baseline 0.004 -19"><span class='ocrx_word' id='word_1_290' title='bbox 2142 1657 2295 1727; x_wconf 91' lang='lat' dir='ltr'>ego</span> <span class='ocrx_word' id='word_1_291' title='bbox 2346 1639 2658 1711; x_wconf 83' lang='lat' dir='ltr'>videam</span> <span class='ocrx_word' id='word_1_292' title='bbox 2699 1644 2778 1713; x_wconf 91' lang='lat' dir='ltr'>te</span> <span class='ocrx_word' id='word_1_293' title='bbox 2838 1660 3202 1721; x_wconf 88' lang='lat' dir='ltr'>currere,</span> <span class='ocrx_word' id='word_1_294' title='bbox 3257 1642 3335 1713; x_wconf 90' lang='lat' dir='ltr'>et</span> <span class='ocrx_word' id='word_1_295' title='bbox 3388 1644 3473 1714; x_wconf 85' lang='lat' dir='ltr'>tu</span> <span class='ocrx_word' id='word_1_296' title='bbox 3528 1662 3686 1714; x_wconf 92' lang='lat' dir='ltr'>non</span> 
     </span>
     <span class='ocr_line' id='line_1_58' title="bbox 2143 1758 3687 1840; baseline 0.005 -16"><span class='ocrx_word' id='word_1_297' title='bbox 2143 1774 2471 1825; x_wconf 89' lang='lat' dir='ltr'>curras:</span> <span class='ocrx_word' id='word_1_298' title='bbox 2502 1760 2581 1829; x_wconf 82' lang='lat' dir='ltr'>et</span> <span class='ocrx_word' id='word_1_299' title='bbox 2611 1760 2885 1829; x_wconf 85' lang='lat' dir='ltr'>tamen</span> <span class='ocrx_word' id='word_1_300' title='bbox 2918 1779 3208 1830; x_wconf 90' lang='lat' dir='ltr'>cursus</span> <span class='ocrx_word' id='word_1_301' title='bbox 3243 1758 3334 1829; x_wconf 90' lang='lat' dir='ltr'>de</span> <span class='ocrx_word' id='word_1_302' title='bbox 3363 1780 3471 1840; x_wconf 91' lang='lat' dir='ltr'>se,</span> <span class='ocrx_word' id='word_1_303' title='bbox 3504 1779 3687 1831; x_wconf 91' lang='lat' dir='ltr'>cum</span> 
     </span>
     <span class='ocr_line' id='line_1_59' title="bbox 2146 1871 3686 1967; baseline 0.003 -26"><span class='ocrx_word' id='word_1_304' title='bbox 2146 1871 2253 1943; x_wconf 90' lang='lat' dir='ltr'>sit</span> <span class='ocrx_word' id='word_1_305' title='bbox 2296 1872 2801 1965; x_wconf 68' lang='lat' dir='ltr'>avolunta‘e</span> <span class='ocrx_word' id='word_1_306' title='bbox 2840 1878 3004 1953; x_wconf 89' lang='lat' dir='ltr'>tua,</span> <span class='ocrx_word' id='word_1_307' title='bbox 3045 1873 3534 1967; x_wconf 86' lang='lat' dir='ltr'>simpliciter</span> <span class='ocrx_word' id='word_1_308' title='bbox 3564 1876 3686 1945; x_wconf 88' lang='lat' dir='ltr'>est</span> 
     </span>
     <span class='ocr_line' id='line_1_60' title="bbox 2143 1989 3683 2083; baseline 0.001 -22"><span class='ocrx_word' id='word_1_309' title='bbox 2143 1989 2652 2079; x_wconf 88' lang='lat' dir='ltr'>contingens,</span> <span class='ocrx_word' id='word_1_310' title='bbox 2736 1994 2813 2063; x_wconf 87' lang='lat' dir='ltr'>et</span> <span class='ocrx_word' id='word_1_311' title='bbox 2900 1991 3166 2083; x_wconf 90' lang='lat' dir='ltr'>potuit</span> <span class='ocrx_word' id='word_1_312' title='bbox 3233 2011 3395 2062; x_wconf 91' lang='lat' dir='ltr'>non</span> <span class='ocrx_word' id='word_1_313' title='bbox 3480 2012 3683 2072; x_wconf 86' lang='lat' dir='ltr'>esse,</span> 
     </span>
     <span class='ocr_line' id='line_1_61' title="bbox 2144 2106 3550 2197; baseline 0.002 -24"><span class='ocrx_word' id='word_1_314' title='bbox 2144 2106 2332 2196; x_wconf 88' lang='lat' dir='ltr'>quia</span> <span class='ocrx_word' id='word_1_315' title='bbox 2377 2106 2717 2197; x_wconf 84' lang='lat' dir='ltr'>potuisti</span> <span class='ocrx_word' id='word_1_316' title='bbox 2758 2106 2964 2179; x_wconf 87' lang='lat' dir='ltr'>velle</span> <span class='ocrx_word' id='word_1_317' title='bbox 2995 2126 3155 2179; x_wconf 88' lang='lat' dir='ltr'>non</span> <span class='ocrx_word' id='word_1_318' title='bbox 3188 2129 3279 2179; x_wconf 92' lang='lat' dir='ltr'>cu</span> <span class='ocrx_word' id='word_1_319' title='bbox 3296 2127 3550 2178; x_wconf 86' lang='lat' dir='ltr'>rrerc.</span> 
     </span>
    </p>
   </div>
   <div class='ocr_carea' id='block_1_7' title="bbox 2715 2413 3116 2470">
    <p class='ocr_par' dir='ltr' id='par_1_10' title="bbox 2715 2413 3116 2470">
     <span class='ocr_line' id='line_1_62' title="bbox 2715 2413 3116 2470; baseline 0 -2"><span class='ocrx_word' id='word_1_320' title='bbox 2715 2413 2797 2468; x_wconf 94' lang='lat' dir='ltr'>SC</span> <span class='ocrx_word' id='word_1_321' title='bbox 2808 2413 3116 2470; x_wconf 84' lang='lat' dir='ltr'>HOLlUM.</span> 
     </span>
    </p>
   </div>
   <div class='ocr_carea' id='block_1_8' title="bbox 2126 2590 3690 4333">
    <p class='ocr_par' dir='ltr' id='par_1_11' title="bbox 2126 2590 3690 4333">
     <span class='ocr_line' id='line_1_63' title="bbox 2213 2590 3689 2650; baseline 0.003 -5"><span class='ocrx_word' id='word_1_322' title='bbox 2213 2590 2680 2648; x_wconf 88' lang='lat' dir='ltr'>Distinctionem</span> <span class='ocrx_word' id='word_1_323' title='bbox 2732 2591 2891 2647; x_wconf 87' lang='lat' dir='ltr'>hanc</span> <span class='ocrx_word' id='word_1_324' title='bbox 2942 2593 3326 2649; x_wconf 81' lang='lat' dir='ltr'>necessitatis</span> <span class='ocrx_word' id='word_1_325' title='bbox 3377 2594 3441 2650; x_wconf 89' lang='lat' dir='ltr'>in</span> <span class='ocrx_word' id='word_1_326' title='bbox 3490 2610 3689 2650; x_wconf 76' lang='lat' dir='ltr'>secun-</span> 
     </span>
     <span class='ocr_line' id='line_1_64' title="bbox 2139 2690 3689 2761; baseline 0.004 -17"><span class='ocrx_word' id='word_1_327' title='bbox 2139 2691 2275 2744; x_wconf 82' lang='lat' dir='ltr'>dum</span> <span class='ocrx_word' id='word_1_328' title='bbox 2305 2690 2442 2759; x_wconf 80' lang='lat' dir='ltr'>quid</span> <span class='ocrx_word' id='word_1_329' title='bbox 2469 2694 2517 2745; x_wconf 76' lang='lat' dir='ltr'>et</span> <span class='ocrx_word' id='word_1_330' title='bbox 2547 2691 2896 2757; x_wconf 72' lang='lat' dir='ltr'>simpliciter,</span> <span class='ocrx_word' id='word_1_331' title='bbox 2929 2692 3225 2761; x_wconf 81' lang='lat' dir='ltr'>tanquam</span> <span class='ocrx_word' id='word_1_332' title='bbox 3275 2694 3529 2751; x_wconf 90' lang='lat' dir='ltr'>omnino</span> <span class='ocrx_word' id='word_1_333' title='bbox 3576 2708 3689 2750; x_wconf 87' lang='lat' dir='ltr'>ne-</span> 
     </span>
     <span class='ocr_line' id='line_1_65' title="bbox 2137 2785 3690 2849; baseline 0.004 -8"><span class='ocrx_word' id='word_1_334' title='bbox 2137 2788 2475 2842; x_wconf 86' lang='lat' dir='ltr'>cessariam</span> <span class='ocrx_word' id='word_1_335' title='bbox 2508 2785 2584 2843; x_wconf 90' lang='lat' dir='ltr'>ad</span> <span class='ocrx_word' id='word_1_336' title='bbox 2632 2787 3125 2845; x_wconf 65' lang='lat' dir='ltr'>concordantiam</span> <span class='ocrx_word' id='word_1_337' title='bbox 3177 2801 3393 2847; x_wconf 87' lang='lat' dir='ltr'>rerum</span> <span class='ocrx_word' id='word_1_338' title='bbox 3443 2793 3690 2849; x_wconf 89' lang='lat' dir='ltr'>contin-</span> 
     </span>
     <span class='ocr_line' id='line_1_66' title="bbox 2138 2886 3690 2958; baseline 0.004 -17"><span class='ocrx_word' id='word_1_339' title='bbox 2138 2886 2414 2954; x_wconf 83' lang='lat' dir='ltr'>gentiam</span> <span class='ocrx_word' id='word_1_340' title='bbox 2446 2901 2588 2941; x_wconf 89' lang='lat' dir='ltr'>cum</span> <span class='ocrx_word' id='word_1_341' title='bbox 2626 2886 3078 2945; x_wconf 81' lang='lat' dir='ltr'>infallibilitate</span> <span class='ocrx_word' id='word_1_342' title='bbox 3117 2887 3353 2945; x_wconf 84' lang='lat' dir='ltr'>divinae</span> <span class='ocrx_word' id='word_1_343' title='bbox 3385 2891 3690 2958; x_wconf 79' lang='lat' dir='ltr'>scientiae,</span> 
     </span>
     <span class='ocr_line' id='line_1_67' title="bbox 2136 2983 3684 3060; baseline 0.006 -24"><span class='ocrx_word' id='word_1_344' title='bbox 2136 2983 2464 3052; x_wconf 82' lang='lat' dir='ltr'>praemittit</span> <span class='ocrx_word' id='word_1_345' title='bbox 2496 2985 2683 3040; x_wconf 88' lang='lat' dir='ltr'>etiam</span> <span class='ocrx_word' id='word_1_346' title='bbox 2718 2986 2935 3041; x_wconf 84' lang='lat' dir='ltr'>Doctor</span> <span class='ocrx_word' id='word_1_347' title='bbox 2967 2986 3033 3041; x_wconf 91' lang='lat' dir='ltr'>in</span> <span class='ocrx_word' id='word_1_348' title='bbox 3071 2988 3119 3042; x_wconf 84' lang='lat'>1.</span> <span class='ocrx_word' id='word_1_349' title='bbox 3155 2985 3298 3044; x_wconf 91' lang='lat' dir='ltr'>dist.</span> <span class='ocrx_word' id='word_1_350' title='bbox 3332 2989 3422 3044; x_wconf 89' lang='lat'>39.</span> <span class='ocrx_word' id='word_1_351' title='bbox 3465 2994 3684 3060; x_wconf 76' lang='lat' dir='ltr'>quaest.</span> 
     </span>
     <span class='ocr_line' id='line_1_68' title="bbox 2138 3081 3685 3157; baseline 0.006 -25"><span class='ocrx_word' id='word_1_352' title='bbox 2138 3093 2243 3133; x_wconf 90' lang='lat' dir='ltr'>un.</span> <span class='ocrx_word' id='word_1_353' title='bbox 2277 3085 2331 3145; x_wconf 67' lang='lat' dir='ltr'>g.</span> <span class='ocrx_word' id='word_1_354' title='bbox 2366 3081 2450 3134; x_wconf 81' lang='lat' dir='ltr'>Ad</span> <span class='ocrx_word' id='word_1_355' title='bbox 2470 3083 2731 3150; x_wconf 77' lang='lat' dir='ltr'>primum</span> <span class='ocrx_word' id='word_1_356' title='bbox 2762 3084 3078 3153; x_wconf 75' lang='lat' dir='ltr'>respondeo,</span> <span class='ocrx_word' id='word_1_357' title='bbox 3137 3086 3283 3153; x_wconf 82' lang='lat' dir='ltr'>quod</span> <span class='ocrx_word' id='word_1_358' title='bbox 3331 3088 3435 3141; x_wconf 81' lang='lat' dir='ltr'>illa</span> <span class='ocrx_word' id='word_1_359' title='bbox 3475 3102 3685 3157; x_wconf 80' lang='lat' dir='ltr'>propo-</span> 
     </span>
     <span class='ocr_line' id='line_1_69' title="bbox 2130 3180 3689 3259; baseline 0.009 -27"><span class='ocrx_word' id='word_1_360' title='bbox 2130 3180 2282 3248; x_wconf 78' lang='lat' dir='ltr'>sitio,</span> <span class='ocrx_word' id='word_1_361' title='bbox 2319 3180 2529 3252; x_wconf 87' lang='lat' dir='ltr'>ibique</span> <span class='ocrx_word' id='word_1_362' title='bbox 2562 3181 2916 3241; x_wconf 85' lang='lat' dir='ltr'>doctissime</span> <span class='ocrx_word' id='word_1_363' title='bbox 2958 3185 3232 3258; x_wconf 83' lang='lat' dir='ltr'>explicat</span> <span class='ocrx_word' id='word_1_364' title='bbox 3279 3202 3470 3259; x_wconf 85' lang='lat' dir='ltr'>supra</span> <span class='ocrx_word' id='word_1_365' title='bbox 3521 3189 3689 3246; x_wconf 85' lang='lat' dir='ltr'>rela-</span> 
     </span>
     <span class='ocr_line' id='line_1_70' title="bbox 2133 3281 3686 3357; baseline 0.006 -21"><span class='ocrx_word' id='word_1_366' title='bbox 2133 3282 2259 3336; x_wconf 81' lang='lat' dir='ltr'>tam</span> <span class='ocrx_word' id='word_1_367' title='bbox 2326 3281 2680 3337; x_wconf 85' lang='lat' dir='ltr'>Aristotelis</span> <span class='ocrx_word' id='word_1_368' title='bbox 2731 3286 3267 3355; x_wconf 85' lang='lat' dir='ltr'>propositionem:</span> <span class='ocrx_word' id='word_1_369' title='bbox 3325 3288 3494 3344; x_wconf 77' lang='lat' dir='ltr'>Omne</span> <span class='ocrx_word' id='word_1_370' title='bbox 3539 3291 3686 3357; x_wconf 78' lang='lat' dir='ltr'>quod</span> 
     </span>
     <span class='ocr_line' id='line_1_71' title="bbox 2132 3380 3680 3456; baseline 0.009 -25"><span class='ocrx_word' id='word_1_371' title='bbox 2132 3383 2228 3445; x_wconf 78' lang='lat' dir='ltr'>ese,</span> <span class='ocrx_word' id='word_1_372' title='bbox 2260 3380 2485 3447; x_wconf 79' lang='lat' dir='ltr'>quando</span> <span class='ocrx_word' id='word_1_373' title='bbox 2515 3385 2613 3447; x_wconf 75' lang='lat' dir='ltr'>esc,</span> <span class='ocrx_word' id='word_1_374' title='bbox 2649 3397 2851 3437; x_wconf 75' lang='lat' dir='ltr'>necesse</span> <span class='ocrx_word' id='word_1_375' title='bbox 2881 3387 2978 3449; x_wconf 75' lang='lat' dir='ltr'>est,</span> <span class='ocrx_word' id='word_1_376' title='bbox 3014 3383 3285 3456; x_wconf 87' lang='lat' dir='ltr'>aliisque</span> <span class='ocrx_word' id='word_1_377' title='bbox 3318 3386 3680 3445; x_wconf 89' lang='lat' dir='ltr'>nominibus</span> 
     </span>
     <span class='ocr_line' id='line_1_72' title="bbox 2132 3475 3684 3553; baseline 0.007 -23"><span class='ocrx_word' id='word_1_378' title='bbox 2132 3479 2310 3532; x_wconf 83' lang='lat' dir='ltr'>vocat</span> <span class='ocrx_word' id='word_1_379' title='bbox 2342 3475 2452 3532; x_wconf 86' lang='lat' dir='ltr'>has</span> <span class='ocrx_word' id='word_1_380' title='bbox 2502 3481 2898 3537; x_wconf 84' lang='lat' dir='ltr'>necessitates</span> <span class='ocrx_word' id='word_1_381' title='bbox 2945 3487 3358 3553; x_wconf 65' lang='lat' dir='ltr'>consequentia,</span> <span class='ocrx_word' id='word_1_382' title='bbox 3407 3492 3456 3540; x_wconf 74' lang='lat' dir='ltr'>ee</span> <span class='ocrx_word' id='word_1_383' title='bbox 3493 3502 3684 3542; x_wconf 80' lang='lat' dir='ltr'>conse-</span> 
     </span>
     <span class='ocr_line' id='line_1_73' title="bbox 2129 3576 3680 3655; baseline 0.008 -28"><span class='ocrx_word' id='word_1_384' title='bbox 2129 3576 2370 3643; x_wconf 76' lang='lat' dir='ltr'>quentis.</span> <span class='ocrx_word' id='word_1_385' title='bbox 2407 3576 2665 3645; x_wconf 85' lang='lat' dir='ltr'>Deinde,</span> <span class='ocrx_word' id='word_1_386' title='bbox 2727 3584 2782 3645; x_wconf 77' lang='lat'>§-</span> <span class='ocrx_word' id='word_1_387' title='bbox 2841 3581 2927 3635; x_wconf 76' lang='lat' dir='ltr'>Aa</span> <span class='ocrx_word' id='word_1_388' title='bbox 2976 3584 3228 3650; x_wconf 81' lang='lat' dir='ltr'>primum</span> <span class='ocrx_word' id='word_1_389' title='bbox 3282 3591 3680 3655; x_wconf 63' lang='lat' dir='ltr'>argumentum</span> 
     </span>
     <span class='ocr_line' id='line_1_74' title="bbox 2126 3675 3678 3755; baseline 0.01 -30"><span class='ocrx_word' id='word_1_390' title='bbox 2126 3675 2378 3728; x_wconf 64' lang='lat' dir='ltr'>secunda·</span> <span class='ocrx_word' id='word_1_391' title='bbox 2436 3679 2774 3745; x_wconf 54' lang='lat' dir='ltr'>quastionis,</span> <span class='ocrx_word' id='word_1_392' title='bbox 2808 3682 3030 3735; x_wconf 86' lang='lat' dir='ltr'>tractat</span> <span class='ocrx_word' id='word_1_393' title='bbox 3053 3679 3303 3750; x_wconf 74' lang='lat' dir='ltr'>diffuse,</span> <span class='ocrx_word' id='word_1_394' title='bbox 3357 3684 3519 3755; x_wconf 85' lang='lat' dir='ltr'>quod</span> <span class='ocrx_word' id='word_1_395' title='bbox 3572 3682 3678 3740; x_wconf 83' lang='lat' dir='ltr'>hic</span> 
     </span>
     <span class='ocr_line' id='line_1_75' title="bbox 2130 3771 3680 3851; baseline 0.007 -25"><span class='ocrx_word' id='word_1_396' title='bbox 2130 3771 2363 3840; x_wconf 87' lang='lat' dir='ltr'>subdit,</span> <span class='ocrx_word' id='word_1_397' title='bbox 2398 3774 2642 3831; x_wconf 90' lang='lat' dir='ltr'>scilicet</span> <span class='ocrx_word' id='word_1_398' title='bbox 2669 3789 2744 3831; x_wconf 81' lang='lat' dir='ltr'>ex</span> <span class='ocrx_word' id='word_1_399' title='bbox 2781 3780 3133 3834; x_wconf 78' lang='lat' dir='ltr'>necessario</span> <span class='ocrx_word' id='word_1_400' title='bbox 3162 3784 3224 3838; x_wconf 86' lang='lat' dir='ltr'>et</span> <span class='ocrx_word' id='word_1_401' title='bbox 3270 3783 3680 3851; x_wconf 81' lang='lat' dir='ltr'>contingenti,</span> 
     </span>
     <span class='ocr_line' id='line_1_76' title="bbox 2128 3872 3674 3950; baseline 0.01 -24"><span class='ocrx_word' id='word_1_402' title='bbox 2128 3874 2188 3926; x_wconf 92' lang='lat' dir='ltr'>et</span> <span class='ocrx_word' id='word_1_403' title='bbox 2238 3872 2676 3940; x_wconf 85' lang='lat' dir='ltr'>argutissimas</span> <span class='ocrx_word' id='word_1_404' title='bbox 2733 3872 2987 3931; x_wconf 85' lang='lat' dir='ltr'>adhibet</span> <span class='ocrx_word' id='word_1_405' title='bbox 3043 3877 3299 3947; x_wconf 84' lang='lat' dir='ltr'>regulas</span> <span class='ocrx_word' id='word_1_406' title='bbox 3355 3879 3674 3950; x_wconf 82' lang='lat' dir='ltr'>logicales.</span> 
     </span>
     <span class='ocr_line' id='line_1_77' title="bbox 2133 3967 3677 4048; baseline 0.01 -25"><span class='ocrx_word' id='word_1_407' title='bbox 2133 3967 2246 4024; x_wconf 84' lang='lat' dir='ltr'>Hic</span> <span class='ocrx_word' id='word_1_408' title='bbox 2276 3973 2483 4026; x_wconf 88' lang='lat' dir='ltr'>tamen</span> <span class='ocrx_word' id='word_1_409' title='bbox 2515 3968 2688 4028; x_wconf 80' lang='lat' dir='ltr'>addit</span> <span class='ocrx_word' id='word_1_410' title='bbox 2714 3973 3013 4046; x_wconf 84' lang='lat' dir='ltr'>plurima,</span> <span class='ocrx_word' id='word_1_411' title='bbox 3047 3989 3164 4046; x_wconf 86' lang='lat' dir='ltr'>per</span> <span class='ocrx_word' id='word_1_412' title='bbox 3212 3991 3352 4048; x_wconf 84' lang='lat' dir='ltr'>quae</span> <span class='ocrx_word' id='word_1_413' title='bbox 3399 3978 3677 4039; x_wconf 80' lang='lat' dir='ltr'>difficul-</span> 
     </span>
     <span class='ocr_line' id='line_1_78' title="bbox 2126 4069 3680 4144; baseline 0.01 -22"><span class='ocrx_word' id='word_1_414' title='bbox 2126 4070 2284 4123; x_wconf 83' lang='lat' dir='ltr'>tates</span> <span class='ocrx_word' id='word_1_415' title='bbox 2315 4069 2515 4125; x_wconf 80' lang='lat' dir='ltr'>serme</span> <span class='ocrx_word' id='word_1_416' title='bbox 2546 4085 2781 4138; x_wconf 89' lang='lat' dir='ltr'>omnes,</span> <span class='ocrx_word' id='word_1_417' title='bbox 2814 4088 2953 4144; x_wconf 81' lang='lat' dir='ltr'>quae</span> <span class='ocrx_word' id='word_1_418' title='bbox 2987 4080 3318 4133; x_wconf 90' lang='lat' dir='ltr'>moventur</span> <span class='ocrx_word' id='word_1_419' title='bbox 3348 4093 3383 4135; x_wconf 89' lang='lat' dir='ltr'>a</span> <span class='ocrx_word' id='word_1_420' title='bbox 3406 4081 3680 4139; x_wconf 88' lang='lat' dir='ltr'>neoteri-</span> 
     </span>
     <span class='ocr_line' id='line_1_79' title="bbox 2128 4166 3680 4250; baseline 0.01 -30"><span class='ocrx_word' id='word_1_421' title='bbox 2128 4166 2240 4233; x_wconf 91' lang='lat' dir='ltr'>cis,</span> <span class='ocrx_word' id='word_1_422' title='bbox 2274 4167 2512 4236; x_wconf 87' lang='lat' dir='ltr'>possint</span> <span class='ocrx_word' id='word_1_423' title='bbox 2541 4168 2729 4226; x_wconf 84' lang='lat' dir='ltr'>sacile</span> <span class='ocrx_word' id='word_1_424' title='bbox 2762 4168 3047 4240; x_wconf 82' lang='lat' dir='ltr'>dissolvi,</span> <span class='ocrx_word' id='word_1_425' title='bbox 3079 4177 3139 4230; x_wconf 89' lang='lat' dir='ltr'>et</span> <span class='ocrx_word' id='word_1_426' title='bbox 3169 4175 3294 4232; x_wconf 88' lang='lat' dir='ltr'>alia</span> <span class='ocrx_word' id='word_1_427' title='bbox 3353 4192 3493 4248; x_wconf 81' lang='lat' dir='ltr'>quae</span> <span class='ocrx_word' id='word_1_428' title='bbox 3525 4195 3680 4250; x_wconf 86' lang='lat' dir='ltr'>quo-</span> 
     </span>
     <span class='ocr_line' id='line_1_80' title="bbox 2130 4262 3557 4333; baseline 0.011 -15"><span class='ocrx_word' id='word_1_429' title='bbox 2130 4262 2417 4321; x_wconf 85' lang='lat' dir='ltr'>rumdam</span> <span class='ocrx_word' id='word_1_430' title='bbox 2452 4265 2892 4326; x_wconf 86' lang='lat' dir='ltr'>modernorum</span> <span class='ocrx_word' id='word_1_431' title='bbox 2929 4271 3182 4330; x_wconf 74' lang='lat' dir='ltr'>faveant</span> <span class='ocrx_word' id='word_1_432' title='bbox 3211 4278 3557 4333; x_wconf 81' lang='lat' dir='ltr'>sententiae.</span> 
     </span>
    </p>
   </div>
   <div class='ocr_carea' id='block_1_9' title="bbox 2120 4444 4022 5159">
    <p class='ocr_par' dir='ltr' id='par_1_12' title="bbox 2120 4444 4022 5159">
     <span class='ocr_line' id='line_1_81' title="bbox 2219 4444 3908 4547; baseline 0.011 -35"><span class='ocrx_word' id='word_1_433' title='bbox 2219 4444 2336 4513; x_wconf 83' lang='lat' dir='ltr'>Ex</span> <span class='ocrx_word' id='word_1_434' title='bbox 2382 4444 2753 4518; x_wconf 91' lang='lat' dir='ltr'>omnibus</span> <span class='ocrx_word' id='word_1_435' title='bbox 2792 4451 3036 4539; x_wconf 89' lang='lat' dir='ltr'>patet,</span> <span class='ocrx_word' id='word_1_436' title='bbox 3078 4453 3284 4541; x_wconf 85' lang='lat' dir='ltr'>quod</span> <span class='ocrx_word' id='word_1_437' title='bbox 3317 4452 3672 4547; x_wconf 85' lang='lat' dir='ltr'>aliquan·</span> <span class='ocrx_word' id='word_1_438' title='bbox 3821 4476 3908 4532; x_wconf 77' lang='lat' dir='ltr'>ae.</span> 
     </span>
     <span class='ocr_line' id='line_1_82' title="bbox 2124 4557 3671 4659; baseline 0.01 -31"><span class='ocrx_word' id='word_1_439' title='bbox 2124 4557 2222 4629; x_wconf 92' lang='lat' dir='ltr'>do</span> <span class='ocrx_word' id='word_1_440' title='bbox 2273 4558 2607 4633; x_wconf 86' lang='lat' dir='ltr'>effectus</span> <span class='ocrx_word' id='word_1_441' title='bbox 2666 4564 2799 4654; x_wconf 89' lang='lat' dir='ltr'>qui</span> <span class='ocrx_word' id='word_1_442' title='bbox 2859 4569 2984 4638; x_wconf 91' lang='lat' dir='ltr'>cst</span> <span class='ocrx_word' id='word_1_443' title='bbox 3039 4568 3521 4659; x_wconf 90' lang='lat' dir='ltr'>contingens</span> <span class='ocrx_word' id='word_1_444' title='bbox 3579 4572 3671 4645; x_wconf 92' lang='lat' dir='ltr'>de</span> 
     </span>
     <span class='ocr_line' id='line_1_83' title="bbox 2125 4678 3672 4767; baseline 0.012 -24"><span class='ocrx_word' id='word_1_445' title='bbox 2125 4694 2234 4755; x_wconf 88' lang='lat' dir='ltr'>se,</span> <span class='ocrx_word' id='word_1_446' title='bbox 2301 4694 2448 4767; x_wconf 86' lang='lat' dir='ltr'>per</span> <span class='ocrx_word' id='word_1_447' title='bbox 2489 4678 2857 4750; x_wconf 90' lang='lat' dir='ltr'>accidens</span> <span class='ocrx_word' id='word_1_448' title='bbox 2922 4679 3159 4757; x_wconf 90' lang='lat' dir='ltr'>habet</span> <span class='ocrx_word' id='word_1_449' title='bbox 3227 4688 3672 4760; x_wconf 90' lang='lat' dir='ltr'>necessita-</span> 
     </span>
     <span class='ocr_line' id='line_1_84' title="bbox 2126 4793 3673 4894; baseline 0.009 -32"><span class='ocrx_word' id='word_1_450' title='bbox 2126 4793 2318 4872; x_wconf 91' lang='lat' dir='ltr'>tem,</span> <span class='ocrx_word' id='word_1_451' title='bbox 2366 4794 2448 4864; x_wconf 92' lang='lat' dir='ltr'>ct</span> <span class='ocrx_word' id='word_1_452' title='bbox 2486 4793 2680 4865; x_wconf 89' lang='lat' dir='ltr'>talis</span> <span class='ocrx_word' id='word_1_453' title='bbox 2712 4795 2938 4869; x_wconf 81' lang='lat' dir='ltr'>(lebet</span> <span class='ocrx_word' id='word_1_454' title='bbox 2969 4797 3124 4871; x_wconf 93' lang='lat' dir='ltr'>dici</span> <span class='ocrx_word' id='word_1_455' title='bbox 3181 4799 3673 4894; x_wconf 85' lang='lat' dir='ltr'>simpliciter</span> 
     </span>
     <span class='ocr_line' id='line_1_85' title="bbox 2120 4910 3666 5005; baseline 0.01 -29"><span class='ocrx_word' id='word_1_456' title='bbox 2120 4910 2202 4978; x_wconf 92' lang='lat' dir='ltr'>et</span> <span class='ocrx_word' id='word_1_457' title='bbox 2273 4928 2417 4998; x_wconf 86' lang='lat' dir='ltr'>per</span> <span class='ocrx_word' id='word_1_458' title='bbox 2494 4931 2578 4982; x_wconf 91' lang='lat' dir='ltr'>sc</span> <span class='ocrx_word' id='word_1_459' title='bbox 2677 4912 3253 5005; x_wconf 89' lang='lat' dir='ltr'>contingenter</span> <span class='ocrx_word' id='word_1_460' title='bbox 3314 4920 3666 4995; x_wconf 81' lang='lat' dir='ltr'>evenire.</span> 
     </span>
     <span class='ocr_line' id='line_1_86' title="bbox 2122 5022 4022 5159; baseline 0.013 -67"><span class='ocrx_word' id='word_1_461' title='bbox 2122 5022 2438 5112; x_wconf 87' lang='lat' dir='ltr'>Regula</span> <span class='ocrx_word' id='word_1_462' title='bbox 2478 5026 2691 5098; x_wconf 90' lang='lat' dir='ltr'>enim</span> <span class='ocrx_word' id='word_1_463' title='bbox 2733 5033 2882 5112; x_wconf 91' lang='lat' dir='ltr'>est,</span> <span class='ocrx_word' id='word_1_464' title='bbox 2933 5034 3139 5123; x_wconf 89' lang='lat' dir='ltr'>quod</span> <span class='ocrx_word' id='word_1_465' title='bbox 3213 5056 3449 5108; x_wconf 89' lang='lat' dir='ltr'>omne</span> <span class='ocrx_word' id='word_1_466' title='bbox 3518 5039 3670 5114; x_wconf 90' lang='lat' dir='ltr'>dic·</span> <span class='ocrx_word' id='word_1_467' title='bbox 3701 5048 4022 5159; x_wconf 49' lang='lat' dir='ltr'>ss’ssffssxdgss&#39;</span> 
     </span>
    </p>
   </div>
   <div class='ocr_carea' id='block_1_10' title="bbox 2121 5136 4023 5239">
    <p class='ocr_par' dir='ltr' id='par_1_13' title="bbox 2121 5136 4023 5239">
     <span class='ocr_line' id='line_1_87' title="bbox 2121 5136 4023 5239; baseline 0.004 -26"><span class='ocrx_word' id='word_1_468' title='bbox 2121 5144 2293 5213; x_wconf 89' lang='lat' dir='ltr'>tum</span> <span class='ocrx_word' id='word_1_469' title='bbox 2348 5163 2444 5213; x_wconf 86' lang='lat' dir='ltr'>ex</span> <span class='ocrx_word' id='word_1_470' title='bbox 2495 5145 3006 5236; x_wconf 80' lang='lat' dir='ltr'>contingenti</span> <span class='ocrx_word' id='word_1_471' title='bbox 3045 5155 3125 5224; x_wconf 90' lang='lat' dir='ltr'>et</span> <span class='ocrx_word' id='word_1_472' title='bbox 3167 5157 3661 5239; x_wconf 89' lang='lat' dir='ltr'>necessario,</span> <span class='ocrx_word' id='word_1_473' title='bbox 3697 5173 3947 5232; x_wconf 72' lang='lat' dir='ltr'>cessario,</span> <span class='ocrx_word' id='word_1_474' title='bbox 3971 5136 4023 5221; x_wconf 66' lang='grc' dir='ltr'>εἶ</span> 
     </span>
    </p>
   </div>
   <div class='ocr_carea' id='block_1_11' title="bbox 2119 5234 4018 5351">
    <p class='ocr_par' dir='ltr' id='par_1_14' title="bbox 2119 5234 4018 5351">
     <span class='ocr_line' id='line_1_88' title="bbox 2119 5234 4018 5351; baseline 0.006 -25"><span class='ocrx_word' id='word_1_475' title='bbox 2119 5258 2245 5329; x_wconf 91' lang='lat' dir='ltr'>est</span> <span class='ocrx_word' id='word_1_476' title='bbox 2280 5258 2784 5351; x_wconf 88' lang='lat' dir='ltr'>contingens,</span> <span class='ocrx_word' id='word_1_477' title='bbox 2824 5269 2902 5338; x_wconf 90' lang='lat' dir='ltr'>ct</span> <span class='ocrx_word' id='word_1_478' title='bbox 2940 5286 3175 5340; x_wconf 91' lang='lat' dir='ltr'>omne</span> <span class='ocrx_word' id='word_1_479' title='bbox 3220 5271 3521 5344; x_wconf 89' lang='lat' dir='ltr'>dictum</span> <span class='ocrx_word' id='word_1_480' title='bbox 3566 5293 3663 5344; x_wconf 87' lang='lat' dir='ltr'>ex</span> <span class='ocrx_word' id='word_1_481' title='bbox 3697 5234 4018 5346; x_wconf 52' lang='grc' dir='ltr'>ῗῗῖῗῗὲἷιῗιῖ</span> 
     </span>
    </p>
   </div>
   <div class='ocr_carea' id='block_1_12' title="bbox 3744 5357 3964 5418">
    <p class='ocr_par' dir='ltr' id='par_1_15' title="bbox 3744 5357 3964 5418">
     <span class='ocr_line' id='line_1_89' title="bbox 3744 5357 3964 5418; baseline 0.018 -16"><span class='ocrx_word' id='word_1_482' title='bbox 3744 5357 3964 5418; x_wconf 62' lang='lat' dir='ltr'>pliciter</span> 
     </span>
    </p>
   </div>
   <div class='ocr_carea' id='block_1_13' title="bbox 2120 5375 4017 5594">
    <p class='ocr_par' dir='ltr' id='par_1_16' title="bbox 2120 5375 4017 5594">
     <span class='ocr_line' id='line_1_90' title="bbox 2120 5375 4017 5485; baseline 0.014 -40"><span class='ocrx_word' id='word_1_483' title='bbox 2120 5375 2560 5465; x_wconf 84' lang='lat' dir='ltr'>temporali</span> <span class='ocrx_word' id='word_1_484' title='bbox 2649 5383 2729 5453; x_wconf 91' lang='lat' dir='ltr'>et</span> <span class='ocrx_word' id='word_1_485' title='bbox 2786 5385 3124 5466; x_wconf 77' lang='lat' dir='ltr'>aeterno,</span> <span class='ocrx_word' id='word_1_486' title='bbox 3173 5392 3297 5461; x_wconf 90' lang='lat' dir='ltr'>est</span> <span class='ocrx_word' id='word_1_487' title='bbox 3351 5390 3663 5481; x_wconf 89' lang='lat' dir='ltr'>tempo·</span> <span class='ocrx_word' id='word_1_488' title='bbox 3694 5423 4017 5485; x_wconf 56' lang='lat' dir='ltr'>cona-‚mem</span> 
     </span>
     <span class='ocr_line' id='line_1_91' title="bbox 2120 5489 3664 5594; baseline 0.013 -36"><span class='ocrx_word' id='word_1_489' title='bbox 2120 5489 2318 5561; x_wconf 89' lang='lat' dir='ltr'>rale.</span> <span class='ocrx_word' id='word_1_490' title='bbox 2401 5492 2618 5566; x_wconf 90' lang='lat' dir='ltr'>Unde</span> <span class='ocrx_word' id='word_1_491' title='bbox 2694 5501 3032 5583; x_wconf 89' lang='lat' dir='ltr'>creatio,</span> <span class='ocrx_word' id='word_1_492' title='bbox 3110 5504 3478 5594; x_wconf 89' lang='lat' dir='ltr'>quamvis</span> <span class='ocrx_word' id='word_1_493' title='bbox 3566 5526 3664 5578; x_wconf 83' lang='lat' dir='ltr'>cx</span> 
     </span>
    </p>
   </div>
   <div class='ocr_carea' id='block_1_14' title="bbox 2116 5610 3665 5698">
    <p class='ocr_par' dir='ltr' id='par_1_17' title="bbox 2116 5610 3665 5698">
     <span class='ocr_line' id='line_1_92' title="bbox 2116 5610 3665 5698; baseline 0.012 -22"><span class='ocrx_word' id='word_1_494' title='bbox 2116 5610 2354 5698; x_wconf 87' lang='lat' dir='ltr'>parte</span> <span class='ocrx_word' id='word_1_495' title='bbox 2422 5611 2564 5683; x_wconf 90' lang='lat' dir='ltr'>Dei</span> <span class='ocrx_word' id='word_1_496' title='bbox 2649 5614 2864 5690; x_wconf 88' lang='lat' dir='ltr'>dicat</span> <span class='ocrx_word' id='word_1_497' title='bbox 2944 5618 3352 5693; x_wconf 88' lang='lat' dir='ltr'>actionem</span> <span class='ocrx_word' id='word_1_498' title='bbox 3429 5625 3665 5696; x_wconf 79' lang='lat' dir='ltr'>aeter—</span> 
     </span>
    </p>
   </div>
  </div>
 </body>
</html>
