4252 6393
179 1361 250 1412 Ad
274 1360 311 1407 ¹.

164 1427 312 1487 (νὺ-ἶφι.

169 2189 235 2239 ,Μ
254 2188 297 2238 2.

221 3126 280 3175 19.

176 3831 242 3881 Λᾶ
258 3832 299 3882 3.

187 5367 256 5414 Ad
276 5368 317 5416 ⁴.

1750 390 2108 467 QUAEswo
2161 393 2237 452 cx
3509 393 3587 455 45

391 561 544 629 test
604 578 813 639 esse,
877 578 972 628 co
1031 557 1238 648 quod
1299 554 1706 647 quodlibet
1759 573 1940 624 con-

395 673 875 755 trariorum,
909 677 1297 764 quantum
1333 675 1628 764 potest,
1656 674 1939 742 natum

394 794 512 862 cst
549 789 906 864 dilatare
962 790 1191 862 circa
1246 810 1329 860 se
1391 808 1627 859 suam
1690 785 1939 860 actio·

397 927 595 989 nem,
632 911 714 980 et
747 926 935 979 cum
980 904 1440 978 obviaverit
1481 902 1934 983 contrario,

400 1030 580 1096 tunc
614 1021 836 1097 actio
872 1022 1013 1095 illa
1055 1020 1641 1114 quodammodo
1669 1038 1937 1110 reper-

397 1141 731 1221 cutitur,
784 1144 866 1214 et
917 1139 1377 1213 remittitur
1417 1143 1506 1212 ut
1556 1135 1938 1210 fortifice-

400 1264 531 1331 tur
572 1256 657 1330 in
691 1257 895 1350 ipso.

488 1376 642 1447 Per
687 1374 840 1449 hoc
887 1374 983 1447 ad
1042 1376 1557 1464 argumenta.
1612 1371 1727 1443 Ad
1779 1370 1937 1461 pri-

399 1513 642 1573 mum,
692 1494 1045 1582 negatur
1084 1488 1691 1582 consequentia,
1751 1486 1940 1578 quia

396 1608 531 1680 ille
564 1610 847 1681 modus
878 1607 1234 1699 fugiendi
1267 1627 1425 1679 non
1466 1606 1555 1678 fit
1600 1625 1744 1697 per
1777 1625 1938 1677 mo-

402 1732 571 1799 tum
643 1725 1067 1817 impulsus,
1143 1725 1276 1797 scd
1341 1724 1434 1797 fit
1495 1743 1542 1794 a
1599 1721 1941 1815 propria

394 1844 664 1915 forma
697 1841 1105 1915 contrarii
1137 1840 1553 1931 fugientis,
1583 1860 1758 1930 quae
1782 1838 1941 1910 for-

397 1980 527 2032 ma
550 1958 997 2031 inclinatur
1026 1958 1120 2030 ad
1148 1956 1375 2029 illum
1411 1961 1726 2031 motum
1760 1975 1942 2028 con-

396 2075 662 2149 trario
705 2075 1311 2168 approximatO.

481 2192 597 2266 Ad
630 2193 1094 2275 secundum,
1140 2195 1244 2260 vel
1286 2214 1511 2271 unum,
1564 2194 1717 2263 eto.
1764 2188 1942 2260 dico

398 2308 602 2399 quod
667 2307 1056 2401 possibile
1124 2312 1248 2381 est
1311 2306 1518 2399 quod
1595 2308 1945 2394 utroque

400 2426 655 2508 modo,
695 2424 887 2517 quia
938 2423 1309 2516 quamvis
1353 2443 1602 2494 unum
1645 2420 1753 2495 sit
1785 2420 1944 2493 for-

400 2542 558 2615 tius
646 2542 964 2635 reliquo
1051 2542 1134 2614 in
1229 2541 1571 2632 agendo,
1674 2543 1946 2612 tamen

401 2665 844 2751 utrumque
909 2663 1179 2751 potest
1237 2680 1416 2730 esse
1471 2656 1810 2730 debilius
1867 2656 1946 2728 in

402 2777 883 2858 resistendo,
948 2796 1189 2868 quarn
1224 2774 1549 2867 aliquod
1611 2774 1944 2846 illorum

401 2893 479 2964 in
510 2894 842 2985 agendo,
888 2897 970 2967 et
1001 2892 1118 2965 sic
1150 2897 1587 2984 utrumque
1611 2891 1943 2963 illorum

403 3013 674 3101 potest
705 3029 951 3100 agere
996 3009 1079 3081 in
1114 3008 1545 3101 reliquum.

492 3126 591 3198 Et
638 3124 709 3198 si
747 3124 996 3205 dicas,
1045 3123 1114 3195 si
1177 3124 1293 3196 sic
1339 3144 1585 3195 unum
1646 3122 1857 3214 fugit
1899 3141 1946 3192 a

405 3241 717 3333 reliquo
769 3242 1123 3334 amplius
1167 3262 1414 3314 unum
1447 3261 1608 3314 non
1650 3240 1822 3331 agit
1867 3240 1948 3311 in

403 3357 833 3450 reliquum,
870 3378 1056 3431 cum
1099 3358 1263 3432 sint
1304 3358 1402 3430 ab
1446 3358 1793 3431 invicem
1828 3376 1943 3427 re·

401 3470 649 3540 mota.
701 3464 1032 3541 Dicitur
1083 3467 1288 3560 quod
1333 3466 1521 3549 im0,
1579 3467 1769 3560 quia
1820 3466 1944 3539 ad-

399 3580 553 3657 huc
608 3589 956 3677 possunt
1017 3584 1099 3656 in
1141 3605 1227 3656 se
1291 3584 1637 3657 invicem
1697 3604 1945 3676 agere

403 3724 544 3797 per
573 3723 877 3797 corpus
912 3702 1510 3777 intermedium.

489 3821 603 3893 Ad
661 3821 1002 3895 tertium
1064 3821 1272 3912 quod
1327 3833 1539 3889 motus
1579 3825 1723 3902 iste,
1788 3823 1940 3894 etc.

400 3936 574 4010 dico
617 3937 827 4029 quod
871 3940 1142 4011 motus
1204 3936 1360 4011 iste
1420 3935 1780 4028 fugiendi
1819 3939 1946 4011 est

400 4055 831 4136 violentus,
870 4054 1239 4147 quamvis
1275 4055 1653 4146 provenit
1684 4074 1732 4126 a
1764 4075 1944 4147 pro-

404 4172 579 4263 pria
609 4171 885 4244 forma
915 4170 1330 4262 fugientis,
1367 4192 1461 4244 eo
1505 4172 1714 4265 quod
1742 4193 1943 4265 pree·

403 4288 781 4381 supponit
823 4288 1073 4361 alium
1117 4293 1430 4363 motum
1462 4289 1938 4372 violentum,

406 4407 716 4479 scilicet
767 4406 1172 4479 actionem
1233 4407 1638 4482 contrarii
1699 4408 1778 4480 in
1834 4408 1942 4500 ip-

407 4542 612 4603 sum;
647 4525 730 4597 et
763 4525 887 4596 est
921 4522 1209 4604 simile,
1249 4523 1461 4597 sicut
1484 4524 1575 4595 dc
1600 4542 1942 4596 ascensu

405 4659 624 4730 aquae
674 4640 774 4711 ad
809 4639 1276 4732 replendum
1325 4660 1706 4722 vacuum,
1753 4659 1942 4713 nam

407 4756 770 4846 quamvis
818 4775 1207 4830 ascensus
1261 4755 1414 4830 iste
1467 4758 1848 4850 provenit
1896 4777 1944 4829 a

410 4873 742 4965 propria
807 4872 1079 4945 forma
1148 4894 1403 4966 aquae,
1479 4880 1752 4948 tamen
1820 4881 1945 4952 est

404 4989 827 5074 violentuS,
850 5010 944 5062 eo
970 4991 1175 5082 quod
1194 4993 1751 5085 praesupponit
1781 4993 1945 5066 vio-

408 5104 702 5179 lentam
725 5106 1366 5180 destructionem
1399 5109 1606 5181 alicu
1612 5111 1747 5203 jus
1769 5131 1946 5183 cor-

414 5222 631 5311 poris
683 5221 1057 5296 alterius.

500 5337 609 5408 Ad
633 5340 1044 5428 quartum,
1069 5343 1174 5407 vel
1203 5342 1558 5428 quodlibet,
1586 5346 1737 5415 cto.
1765 5342 1950 5415 dici-

417 5455 547 5524 tur
579 5455 787 5545 quod
816 5474 1001 5537 non,
1039 5455 1226 5547 quia
1260 5458 1730 5550 quandoque
1772 5480 1951 5531 con-

422 5570 677 5644 traria
727 5571 1487 5664 app1·oximata,vcl
1530 5576 1832 5669 aliquid
1868 5577 1952 5649 il-

2057 551 2325 623 lorum
2370 557 2495 625 est
2539 554 2648 625 ita
2692 555 3049 635 densum,
3089 556 3292 645 quod
3325 554 3593 627 forma

2052 671 2230 763 ejus
2264 691 2426 746 non
2478 672 2779 746 sufficit
2822 673 3086 765 ipsum
3138 693 3588 754 removere,

2052 791 2143 861 ut
2184 791 2407 880 patet
2463 788 2546 862 in
2584 789 2957 883 exemplo
3006 789 3229 880 prius
3294 788 3588 882 posito,

2051 908 2131 976 et
2163 904 2414 977 etiam
2459 903 2549 975 de
2598 902 2824 976 ferro
2868 903 3164 993 frigido
3213 903 3593 997 approxi-

2054 1026 2275 1096 mato
2326 1020 2700 1103 flammae,
2749 1021 2955 1113 quod
2997 1042 3143 1114 per
3184 1021 3593 1095 actionem

2050 1138 2398 1210 fiammae
2458 1159 2619 1212 non
2671 1137 2883 1229 fugit
2944 1139 3038 1211 ad
3092 1138 3341 1211 aliam
3382 1138 3595 1210 diffc-

2054 1256 2405 1329 rentiam
2441 1254 2897 1347 positionis.

2139 1372 2417 1446 Tertio
2465 1372 2910 1455 dubitatur,
2975 1377 3254 1447 utrum
3298 1373 3598 1465 quodli-
3626 1374 3860 1425 Dubium
3891 1376 3939 1427 3·

2050 1489 2182 1563 bet
2223 1489 2713 1564 elementum
2757 1491 3299 1572 contrarium,
3357 1510 3597 1584 quan·

2054 1610 2572 1699 tumcumque
2624 1607 3025 1679 modicum
3083 1607 3331 1680 suerit
3390 1606 3600 1699 posi·

2055 1727 2229 1796 tum
2291 1724 2370 1796 in
2431 1723 2692 1796 medio
2754 1723 3100 1798 alterius
3161 1724 3593 1806 contrarii,

2056 1839 2313 1929 fugiet
2345 1840 2820 1933 aliqualiter
2873 1841 3088 1915 inter
3129 1863 3214 1915 se
3255 1840 3596 1914 uniendo

2060 1961 2336 2049 partes
2378 1956 2578 2049 ejus,
2634 1962 2713 2031 et
2772 1956 3288 2031 fortificando
3342 1956 3597 2030 virtu·

2056 2077 2220 2146 tem
2266 2072 2742 2165 propriam?
2793 2075 3002 2147 Dato
3047 2074 3251 2166 quod
3303 2074 3444 2155 sic,
3483 2095 3596 2145 se—
3630 2072 3863 2137 ObJ‘ec‘io
3893 2072 3935 2120 ¹-

2058 2189 2340 2280 quitur
2380 2189 2587 2280 quod
2620 2193 2854 2280 gutta
2912 2210 3142 2282 aquae
3199 2190 3471 2283 posita
3521 2190 3599 2262 in

2060 2306 2319 2379 medio
2393 2307 2602 2398 ignis
2659 2309 2932 2400 potius
2985 2308 3594 2390 fortificabitur,

2060 2444 2303 2514 quam
2380 2428 2997 2517 corrumpetur,
3072 2429 3151 2499 et
3231 2426 3602 2518 sequitur

2062 2540 2266 2631 quod
2308 2560 2554 2632 panes
2597 2539 2870 2632 frigidi
2916 2541 3164 2634 positi
3210 2541 3289 2613 in
3330 2540 3597 2625 furno,

2063 2657 2331 2749 potius
2383 2657 2820 2748 frigefiant‚
2884 2679 3125 2750 quam
3194 2658 3599 2741 calefiant,

2061 2774 2269 2866 quod
2327 2780 2453 2850 est
2510 2780 2802 2849 contra
2841 2775 3478 2868 experientian1;
3524 2781 3606 2849 et

2057 2891 2245 2966 dato
2289 2893 2495 2984 quod
2536 2913 2722 2976 non,
2761 2896 2948 2966 tunc
2984 2893 3357 2985 sequitur
3398 2896 3605 2986 quod

2059 3027 2204 3080 nec
2240 3009 2797 3101 quodcumque
2839 3008 3057 3082 aliud
3086 3010 3601 3083 contrarium

2058 3124 2644 3200 fortificabitur
2693 3146 2839 3219 per
2883 3126 3599 3201 circumstantiam

2060 3241 2186 3313 sui
2219 3241 2647 3325 contrarii,
2686 3243 2874 3334 quia
2906 3263 3068 3315 non
3090 3242 3412 3317 videtur
3439 3263 3600 3314 ma·

2050 3358 2189 3452 jor
2227 3358 2442 3434 ratio
2474 3359 2566 3431 de
2597 3379 2784 3442 uno,
2834 3379 3072 3452 quam
3104 3360 3196 3432 de
3227 3360 3417 3434 alio.

2148 3475 2262 3547 Ad
2292 3474 2486 3547 illud
2516 3475 2694 3548 dico
2730 3477 2936 3566 quod
2979 3476 3387 3568 quodlibet
3417 3497 3600 3550 con·
3687 3464 3912 3514 ⁸⁰⁰⁴‘1'0-

2058 3590 2414 3666 trarium
2483 3590 2780 3674 mundi,
2856 3597 3601 3685 quantumcumque

2060 3709 2489 3791 modicum,
2524 3709 2653 3782 vel
2686 3728 3028 3802 parvum
3055 3710 3135 3783 in
3171 3711 3596 3804 principio,

2062 3824 2142 3895 in
2185 3844 2340 3916 quo
2402 3823 2763 3917 ponitur,
2811 3824 2891 3897 in
2950 3826 3208 3898 medio
3251 3827 3376 3898 sui
3418 3847 3598 3900 con-

2059 3939 2302 4012 trarii
2346 3939 2826 4014 sufficientis
2883 3959 3127 4031 agere
3180 3939 3259 4012 in
3301 3942 3595 4035 ipsum,

2055 4047 2267 4139 fugit
2318 4047 2663 4121 uniendo
2707 4053 2986 4141 partes
3018 4050 3221 4144 ejus,
3257 4055 3337 4125 et
3369 4049 3601 4127 forti-

2056 4165 2367 4238 ficando
2398 4163 2793 4239 virtutem
2829 4166 3060 4239 modo
3095 4168 3323 4260 prius
3355 4167 3594 4243 dioto.

2059 4282 2207 4356 Sed
2286 4286 2570 4374 postea
2647 4301 2829 4353 cum
2900 4282 3116 4357 actio
3195 4285 3602 4358 contrarii

2056 4398 2674 4472 circumstantis
2706 4397 2955 4472 fuerit
2995 4398 3323 4481 sortior,
3362 4420 3601 4493 quam

2058 4514 2409 4589 intensio
2499 4515 2836 4590 virtutis
2933 4517 3419 4607 proveniens
3504 4540 3603 4592 ex

2056 4632 2712 4714 condensationc,
2768 4636 2848 4707 et
2891 4633 3187 4707 unione
3239 4636 3600 4728 partium

2055 4750 3605 4842 ejuS,tunccontrariumcircumdatum

2059 4867 2561 4959 corrumpit;
2607 4890 2707 4940 ex
2762 4889 2921 4959 quo
2985 4869 3357 4962 sequitur
3398 4871 3606 4962 quod
3649 4963 3656 4968 .

2061 5003 2307 5077 panes
2368 5003 2515 5075 per
2563 4984 2900 5076 longum
2948 4989 3266 5078 tempus
3316 4985 3603 5080 friges-

2059 5103 2254 5172 cunt
2317 5097 2395 5170 in
2445 5097 2713 5182 furn0,
2778 5103 2858 5173 et
2917 5099 3068 5173 hoc
3131 5101 3346 5193 plus,
3411 5102 3601 5196 quia

2063 5219 2252 5290 sunt
2308 5216 2389 5288 in
2452 5216 2636 5308 igne
2695 5217 3170 5291 intensiore.
3239 5223 3598 5295 Secundo

2065 5334 2437 5425 sequitur
2480 5336 2686 5426 quod
2721 5336 3042 5427 guttula
3075 5359 3299 5429 aquae
3335 5340 3603 5431 posita

2068 5452 2148 5526 in
2192 5452 2448 5524 medio
2499 5451 2709 5543 ignis
2764 5474 2911 5545 pro
2949 5460 3177 5529 certo
3235 5461 3604 5549 tempore

2071 5569 2515 5644 intenditur
2549 5569 2630 5642 in
2653 5569 3128 5661 frigiditate,
3166 5573 3297 5645 sed
3321 5579 3605 5666 postea
