4252 6393
651 378 771 488 πεῖ

558 600 559 605 ¹
637 575 856 646 esset
905 569 1200 651 activa,
1259 578 1433 660 quae
1484 555 1721 638 habet
1778 563 2185 638 rationem

635 689 871 763 entis.
939 687 1020 761 Si
1082 685 1340 777 igitur
1397 689 1784 758 creatura
1833 702 1993 754 non
2048 700 2186 773 po·
2299 701 2484 753 cum
2520 680 2686 760 illo,
2725 681 2930 771 quod
2959 679 3051 752 de
3083 698 3293 751 novo
3338 677 3830 771 producitur,

399 1288 486 1344 2⁴.

281 2120 428 2170 Deus
456 2119 575 2184 αρίι

280 2182 605 2246 inquantum

378 2259 489 2294 em.

318 3959 486 4028 ,ᾗ

634 808 796 880 ῖθεῖ
828 824 1005 876 θεεθ
1039 822 1288 876 causa
1320 801 1508 883 alia,
1549 802 2024 892 inquantum
2058 800 2184 871 est

634 942 803 1005 ens,
843 922 975 995 sed
1010 922 1489 1013 inquantum
1528 922 1651 991 θεῖ
1685 916 1871 997 tale,
1924 915 2183 1007 sequi-

635 1028 777 1115 tur
835 1039 1043 1132 quod
1081 1058 1261 1111 θεεθ
1306 1057 1467 1108 non
1498 1038 1623 1108 est
1653 1032 1986 1106 effectus
2033 1031 2182 1103 ali-

636 1153 868 1247 quus
899 1157 1331 1235 creaturae,
1382 1151 1515 1224 scd
1554 1149 1719 1223 tale
1747 1168 1950 1222 esse.

722 1271 895 1346 Nec
930 1269 1149 1344 valet
1201 1268 1270 1341 si
1307 1268 1554 1349 dicas,
1616 1285 1814 1356 crgo
1858 1264 1926 1336 si
1960 1265 2176 1337 ratio

631 1386 845 1461 entis
902 1391 1029 1460 θεῖ
1091 1382 1603 1478 imperfecta3
1666 1399 1868 1472 ergo
1928 1382 2171 1463 Deus,

630 1503 1113 1598 inquantum
1182 1521 1350 1582 ens,
1422 1519 1582 1572 non
1678 1497 1900 1589 agit;
1972 1515 2173 1589 ergo

631 1639 810 1694 esse
860 1640 1022 1693 non
1059 1623 1185 1694 θεῖ
1234 1616 1571 1692 effectus
1612 1616 1781 1689 Dei.
1828 1617 2008 1688 Non
2040 1635 2174 1686 va-

628 1737 766 1819 let,
804 1737 1158 1832 inquam,
1198 1734 1386 1828 quia
1414 1756 1591 1807 esse
1621 1733 1977 1809 divinum
2011 1752 2173 1805 non

630 1857 756 1928 θεῖ
814 1856 1258 1947 receptum,
1320 1873 1575 1944 neque
1636 1848 2169 1943 participans,

632 1969 766 2044 sed
799 1973 1271 2063 separatum
1330 1971 1409 2041 et
1461 1987 1604 2061 per
1656 1988 1739 2039 se
1783 1965 2170 2047 existens,

632 2089 712 2160 et
744 2106 890 2179 per
920 2084 1071 2157 hoc
1109 2083 1321 2159 ratio
1352 2078 1563 2155 entis
1596 2082 1674 2155 in
1706 2085 1871 2156 Deo
1895 2086 2019 2155 θεῖ
2055 2101 2176 2153 ra-

633 2202 750 2277 tio
783 2200 1407 2296 perfectissima.
1466 2200 1647 2272 Ideo
1700 2218 1883 2271 cum
1936 2198 2174 2290 quod-

606 2318 826 2405 libet
858 2323 1051 2412 agat
1093 2317 1527 2391 secundum
1562 2315 1969 2393 rationem
2001 2335 2173 2408 per-

628 2436 952 2518 fectam,
1010 2438 1093 2509 et
1147 2435 1364 2507 Deus
1418 2430 1589 2524 agit
1651 2436 1739 2504 ut
1812 2433 1936 2504 est
1996 2451 2164 2513 enS,

627 2550 798 2625 ideo
847 2571 989 2624 ens
1038 2550 1514 2642 inquantum
1557 2568 1724 2628 ens,
1767 2553 1893 2620 est
1937 2546 2171 2625 effec-

624 2672 757 2743 tus
798 2668 944 2742 Dei
989 2694 1004 2739 ε
1054 2665 1270 2740 ratio
1324 2667 1599 2738 autem
1644 2664 1855 2738 entis
1906 2663 2168 2745 creati

621 2784 863 2858 habet
895 2783 1432 2864 contrarium,
1474 2780 1683 2855 sicut
1723 2779 1915 2852 dixi.

716 2901 945 2981 Item,
990 2897 1184 2971 illud
1217 2898 1425 2991 quod
1474 2896 1864 2991 competit
1908 2896 2166 2971 trian-

622 3018 839 3112 gulo,
883 3018 1362 3110 inquantum
1404 3015 1899 3107 triangulus,
1946 3038 2166 3089 com-

624 3134 827 3231 petit
861 3134 1082 3210 omni
1111 3132 1528 3225 triangulo
1564 3158 1580 3216 ;
1618 3152 1816 3225 ergo
1852 3133 1924 3206 id
1959 3133 2164 3225 quod

621 3257 744 3328 θεῖ
778 3274 1025 3327 causa
1056 3253 1291 3336 cntiS‚
1329 3252 1804 3345 inquantum
1839 3254 1959 3324 θεῖ
1993 3272 2160 3333 θῐιε,

619 3376 746 3446 θεῖ
784 3391 1032 3446 causa
1080 3371 1336 3446 totius
1378 3370 1590 3442 entis
1627 3396 1641 3439 ε
1678 3368 1848 3441 haec
1890 3373 2162 3442 autem

619 3491 1023 3562 creaturae
1065 3491 1529 3580 competere
1577 3505 1737 3558 non
1793 3487 2158 3578 possunt,

622 3605 810 3697 quia
870 3609 1060 3679 tunc
1139 3606 1353 3677 esset
1413 3623 1663 3677 causa
1725 3601 2156 3694 suiipsius;

619 3742 820 3812 crgo
862 3743 1005 3794 nec
1055 3723 1177 3794 θεῖ
1233 3741 1480 3794 causa
1530 3719 1765 3801 entiS,
1831 3719 2163 3810 inquan-

621 3840 797 3911 tum
837 3857 1004 3910 ens.

717 3950 799 4024 Si
843 3950 1203 4044 objicias,
1247 3970 1447 4042 ergo
1480 3969 1623 4022 nec
1663 3950 1905 4030 Deus,
1972 3948 2162 4041 quia

623 4071 840 4140 esset
909 4086 1152 4139 causa
1213 4065 1362 4138 sui.
1432 4066 1612 4138 Non
1670 4065 1911 4146 valet,
1975 4065 2163 4157 quia

622 4204 805 4256 cum
846 4182 1171 4262 dicitur,
1228 4182 1431 4273 quod
1485 4181 1677 4252 illud
1733 4182 1995 4253 solum
2037 4185 2160 4253 θεῖ

622 4317 871 4369 causa
922 4295 1159 4378 entis,
1221 4294 1699 4386 inquantum
1742 4316 1909 4376 ens,
1955 4297 2160 4388 quod

618 4415 742 4484 cst
801 4432 1048 4483 causa
1098 4410 1353 4483 totius
1402 4411 1638 4492 entis,
1695 4411 1823 4483 liic
1866 4411 2162 4504 accipi-

617 4530 759 4601 tur
815 4530 1079 4601 totum
1142 4547 1310 4608 ens,
1384 4547 1532 4619 pro
1588 4532 1772 4600 ente
1849 4530 2154 4610 creato,

624 4643 859 4737 quale
937 4647 1058 4716 θεῖ
1143 4644 1409 4717 omnis
1494 4647 1910 4726 creatura,
2000 4664 2160 4715 non

526 4809 551 4839 ι,
620 4764 895 4835 autem
960 4761 1199 4834 Deus.
1267 4762 1449 4833 Ideo
1510 4760 1903 4852 sequitur,
1955 4764 2161 4853 quod

620 4881 1003 4952 creatura
1035 4880 1247 4950 essct
1288 4897 1540 4950 causa
1597 4878 1746 4958 sui,
1800 4897 1959 4948 non
2018 4899 2160 4952 au-

615 4997 782 5067 tem
830 4995 1201 5085 sequitur
1251 4995 1455 5086 quod
1505 4995 1718 5066 Deus
1756 4992 1859 5065 sit
1911 5014 2160 5068 causa

615 5115 765 5188 sui.

704 5232 823 5304 Ex
862 5228 988 5304 his·
1026 5230 1393 5303 omnibus
1432 5231 1677 5322 patet,
1727 5230 1930 5320 quod
1973 5251 2156 5303 cum

619 5343 880 5416 omnis
913 5344 1245 5416 effectus
1276 5345 1556 5418 creatu
1572 5363 1705 5422 rae,
1745 5347 2159 5434 quantum·

618 5482 957 5552 cumque
988 5481 1271 5544 novus,
1321 5460 1678 5552 aliquam
1729 5461 2157 5534 entitatem

622 5581 1230 5674 praesupponat,
1311 5575 1673 5669 alioquin
1761 5580 1976 5648 essct
2067 5578 2160 5649 de

1792 372 1897 441 DE
1942 370 2213 442 RERUM
2255 367 2645 439 ritmcwlo

2300 561 2554 635 nihilo
2605 589 2619 632 z
2670 582 2847 655 quae
2890 560 3208 653 quidem
3256 558 3558 633 entitas
3601 554 3840 631 simui

2298 796 2542 870 efficit
2587 796 2964 870 effectum
3010 796 3448 887 integrum,
3512 815 3834 867 necesse

2296 917 2418 985 θεῖ
2461 914 2729 986 dicere
2764 913 2970 1005 quod
3001 914 3214 985 Deus
3260 933 3580 985 omnem
3614 909 3836 983 effec-

2292 1032 2468 1102 tum
2523 1029 2983 1103 immediate
3044 1028 3462 1121 producat,
3533 1048 3677 1101 nec
3719 1031 3835 1100 ta-

2293 1141 2392 1216 lis
2470 1142 2971 1217 immediatio
3036 1142 3255 1215 tollit
3322 1139 3834 1233 cooperatio·
3909 1234 3914 1241 .
3987 1180 3993 1190 ·

2290 1280 2498 1342 nem,
2548 1264 2634 1333 ut
2675 1259 2866 1330 dixi.

2921 1560 3323 1620 SCHOLIUM.

2355 1748 2580 1802 Omnes
2629 1747 2829 1801 ferme
2878 1746 3171 1813 rationeS‚
3221 1759 3374 1817 quas
3425 1743 3526 1801 hic
3581 1742 3838 1801 adducit

2287 1846 2521 1912 Doctor,
2558 1848 2622 1901 ut
2652 1842 2868 1916 probet
2897 1845 3174 1915 primum
3225 1844 3610 1916 principium
3659 1858 3833 1915 posse

2285 1944 2504 2016 plures
2533 1948 2852 2000 creaturas
2874 1941 3232 2001 immediate
3254 1942 3623 2014 producere,
3647 1945 3834 2001 attin-

2288 2042 2377 2113 git
2408 2043 2472 2097 in
2517 2042 2565 2097 1.
2598 2040 2740 2099 dist.
2772 2044 2826 2097 2.
2873 2047 3091 2112 quaest.
3141 2045 3195 2097 2.
3245 2046 3306 2099 et
3354 2040 3565 2115 quodi.
3614 2045 3672 2098 7.
3725 2040 3825 2097 ubi

2283 2138 2542 2196 illarum
2585 2139 2739 2206 vim,
2791 2143 2851 2196 et
2901 2140 3247 2199 efficaciam
3307 2141 3667 2197 accuratius
3714 2154 3823 2195 ex-

2286 2236 2523 2309 pendit.

2763 2531 3195 2590 ARTICULUS
3252 2530 3351 2587 111.

2281 2717 2662 2803 Inesficaccs
2692 2738 2824 2782 esse
2865 2716 3217 2781 Avicemzae
3245 2715 3561 2793 ratione-5,
3599 2714 3831 2801 quibus

2365 2831 2529 2919 prob
2547 2853 2648 2897 ire
2688 2830 3020 2897 nitebatur
3048 2830 3130 2896 ab
3159 2852 3291 2896 uno
3316 2831 3665 2917 principio
3696 2850 3829 2896 non

2360 2969 2549 3035 posse
2583 2947 2810 3034 plures
2859 2957 3200 3013 creaturas
3252 2946 3638 3012 immediate
3663 2968 3824 3033 pro-

2365 3064 2612 3131 cedere.

2367 3251 2604 3325 Circa
2635 3251 2998 3333 tertium,
3037 3251 3242 3344 quod
3277 3251 3686 3325 Avicenna
3725 3273 3822 3324 ex
3941 3269 4014 3320 26.

2279 3370 2449 3441 suis
2483 3369 3145 3442 rationibus-non
3188 3368 3599 3443 concludit
3635 3390 3823 3463 pro-

2279 3484 2663 3577 positum,
2749 3487 2881 3558 scd
2969 3489 3238 3581 potius
3322 3487 3818 3580 oppositum.

2275 3600 2501 3673 Dixit
2560 3600 2775 3673 enim
2837 3604 3247 3677 Avicenna
3307 3606 3423 3693 (ut
3464 3604 3638 3696 jam
3693 3625 3823 3698 pa-

2278 3716 2461 3805 tuit)
2495 3720 2699 3809 quod
2741 3742 2924 3792 cum
2967 3742 3216 3793 causa
3262 3722 3552 3814 prima,
3593 3722 3824 3796 intel-

2277 3832 2593 3922 ligendo
2666 3858 2749 3908 se
2807 3859 2985 3910 esse
3040 3858 3372 3911 causam
3437 3840 3816 3933 primam,

2276 3951 2671 4043 producat
2727 3953 3076 4046 primam
3135 3956 3815 4047 Intelligentia1n3

2278 4067 2347 4140 si
2388 4067 2468 4139 in
2504 4068 2650 4142 hac
2699 4072 3256 4164 Intelligcntia
3297 4082 3513 4149 θεεθῖ
3560 4076 3819 4148 (liver-

2277 4184 2505 4264 sitas,
2546 4192 2968 4279 oporteret
3001 4193 3468 4265 nccessario
3512 4213 3819 4286 ponere

2276 4299 2638 4392 aliquam
2696 4303 3259 4379 diversitatem
3321 4308 3400 4379 in
3457 4310 3819 4383 csscntia

2275 4436 2544 4488 causae
2609 4419 2916 4510 primae.
2984 4424 3101 4492 Ex
3162 4444 3317 4515 quo
3377 4425 3812 4507 concludit,

2276 4535 2480 4624 quod
2542 4535 2922 4627 primuni,
2990 4540 3196 4629 quod
3258 4541 3523 4614 solum
3582 4548 3710 4617 cst
3772 4562 3818 4612 a

2275 4668 2524 4720 causa
2558 4651 2848 4743 prima,
2885 4657 3009 4725 θεῖ
3044 4674 3289 4727 unum
3323 4677 3692 4740 numero,
3739 4663 3817 4731 ot

2273 4764 2447 4856 ejus
2497 4767 2853 4841 essentia
2895 4772 2975 4842 et
3028 4771 3423 4862 quidditas
3473 4780 3598 4849 θεῖ
3650 4776 3816 4848 uni-

2273 4884 2401 4953 tas
2468 4903 2631 4955 non
2706 4889 3182 4968 numerata;
3257 4888 3372 4962 ita
3442 4892 3650 4983 quod
3719 4892 3816 4965 ab

2274 4995 2449 5088 ipso
2492 5018 2653 5070 non
2701 5004 3143 5093 procedunt
3196 5005 3460 5098 plura,
3506 5029 3652 5083 nec
3702 5030 3815 5082 εθ-

2271 5113 2614 5185 cundum
2657 5125 3128 5202 numerum,
3184 5141 3328 5196 nec
3381 5127 3814 5199 secundum

2269 5228 2772 5329 divisionem.
2844 5237 2910 5306 V
2920 5241 3103 5313 ooat
3173 5244 3377 5328 plura
3459 5247 3815 5312 secundum

2269 5348 2688 5432 divisionem,
2757 5353 3069 5441 quando
3133 5353 3211 5425 in
3262 5376 3421 5428 uno
3472 5378 3812 5432 numero
3907 5415 3916 5420 -

2272 5467 2459 5537 sunt
2496 5464 2730 5556 plura
2764 5468 3193 5562 principia,
3231 5478 3320 5546 ut
3374 5495 3674 5567 corpus
3733 5481 3811 5552 et

2271 5578 2544 5651 anima
2589 5582 2668 5653 in
2719 5583 3069 5659 homine.
