4252 6393
1795 430 2050 497 CAPUT
2094 434 2169 494 ltt

397 589 478 651 ab
510 588 1011 654 accidentaliter
1040 590 1378 667 ordinatiS,
1413 599 1480 656 et
1511 594 1791 675 qualiter
1819 595 1942 658 alia

393 701 494 757 est.
534 699 934 775 comparatio
982 700 1231 773 talium,
1283 706 1348 762 et
1391 700 1513 762 alia
1561 718 1778 763 causae
1824 720 1943 782 per

389 819 485 877 se,
537 802 623 865 ad
674 821 939 866 causam
973 823 1092 885 per
1123 808 1453 871 accidens.
1491 811 1565 871 Et
1594 812 1779 887 ponit
1811 816 1940 872 tres

394 912 901 991 propositioneS,
936 931 1216 992 quarum
1247 917 1454 996 prima
1497 923 1620 988 est,
1662 917 1841 998 quod
1873 923 1942 980 ln

385 1020 807 1084 essentialiter
847 1024 1164 1085 ordinatis
1232 1026 1429 1086 datur
1469 1030 1694 1098 statue,
1743 1042 1942 1104 quam

386 1129 675 1207 appellat
705 1135 775 1204 Α,
809 1134 875 1191 et
903 1130 1138 1208 probat
1180 1148 1326 1193 eam
1368 1135 1621 1195 ratione
1672 1135 1940 1213 quintu-

386 1237 558 1314 plici,
605 1254 771 1318 quas
816 1244 1091 1301 conatur
1123 1241 1342 1302 Frater
1371 1242 1754 1305 Guillelmus
1811 1243 1933 1303 Oc·

386 1347 576 1408 cham
602 1346 992 1428 infringere,
1027 1347 1421 1425 Quodlibeto
1443 1353 1500 1413 2.
1536 1356 1758 1431 quaest.
1792 1351 1846 1412 l.
1873 1356 1940 1412 et

386 1456 509 1518 alia
539 1456 606 1518 in
635 1457 760 1519 hoc
792 1474 1131 1535 processu,
1166 1465 1240 1520 ut
1269 1456 1431 1521 infra
1468 1465 1758 1538 tangam,
1816 1458 1938 1521 sed

388 1567 711 1643 quantum
757 1564 1036 1642 profecit
1079 1564 1166 1627 ibi
1214 1565 1452 1629 dicam.

167 1679 241 1730 ω.
467 1671 771 1734 Secunda
826 1673 1182 1750 propositio
1235 1680 1359 1749 est,
1412 1673 1591 1753 quod
1650 1679 1714 1735 ln
1762 1677 1932 1737 acci-

386 1779 732 1842 dentaliter
773 1782 1092 1842 ordinatis
1124 1788 1329 1858 polest
1375 1800 1499 1844 non
1538 1784 1690 1846 dari
1711 1786 1936 1855 ειαιιιε,

389 1902 588 1966 quam
618 1887 909 1965 appellat
945 1893 1012 1963 B,
1041 1891 1105 1950 in
1131 1889 1319 1970 cujus
1346 1890 1757 1968 probatione,
1792 1906 1939 1951 cum

394 1992 584 2068 dicit;
640 1995 814 2059 Talis
840 1996 1120 2073 infinitas
1147 2000 1561 2061 successionis
1590 2004 1675 2060 esc
1706 1999 1937 2074 impos-

386 2103 614 2177 sibilis,
667 2109 797 2168 etc.
849 2106 1088 2181 Quaere
1140 2105 1221 2168 ad
1265 2107 1389 2167 hoc
1420 2108 1479 2170 8.
1513 2107 1938 2187 physicorum

393 2212 549 2271 text.
587 2226 755 2272 com.
787 2210 889 2272 53.
923 2215 990 2272 et
1017 2211 1118 2272 78.
1155 2213 1221 2269 et
1256 2211 1348 2271 12.
1385 2209 1747 2290 MetaphyS.
1777 2212 1933 2270 text.

393 2332 562 2380 com.
595 2318 693 2380 29.
731 2323 798 2379 et
826 2318 1288 2397 sequentibus,
1344 2322 1409 2377 et
1459 2321 1510 2380 l.
1566 2318 1747 2388 Coeli,
1784 2323 1849 2379 et
1875 2318 1933 2378 2.

95 2431 331 2506 ,Infinitqs
391 2425 476 2487 de
520 2426 986 2501 Generatione‚
1037 2427 1150 2488 ubi
1199 2443 1397 2505 supra
1461 2433 1525 2488 et
1557 2427 1730 2489 alibi.
1768 2425 1941 2486 Con-

64 2509 132 2603 22’1‘
154 2510 362 2615 ἷῗζῗιῗ-
386 2539 751 2613 sequenter
776 2534 864 2596 ibi
900 2553 913 2595 ε
948 2534 1132 2595 nulla
1163 2539 1331 2595 enim
1360 2535 1774 2609 dae'fformz'tas,
1812 2540 1934 2597 etc-

68 2621 343 2744 imfflfsffif,
387 2641 684 2723 pondera
715 2643 779 2704 in
812 2642 1004 2706 simili
1036 2645 1098 2704 in
1129 2646 1186 2704 4.
1230 2641 1509 2704 distinct.
1566 2643 1660 2702 12.
1713 2647 1939 2721 quaest.

146 2745 225 2794 ‘²⁸-
379 2755 440 2815 3.
474 2754 540 2815 in
574 2754 923 2816 solutione.
958 2752 1174 2814 Tertia
1210 2754 1564 2831 propositio
1601 2758 1721 2823 est,
1759 2751 1939 2829 quod

380 2856 788 2934 Simpliciter
817 2865 905 2918 esc
940 2858 1360 2933 impossibilis
1388 2858 1674 2932 infinitas
1705 2860 1768 2917 in
1789 2876 1934 2919 cau·

370 2967 480 3041 ⁸1⁶³,
555 2965 745 3046 cujus
797 2964 1244 3043 probationem
1292 2966 1463 3027 bene
1508 2965 1934 3043 examinabis

372 3073 580 3135 Prima
626 3090 787 3153 ergo
835 3073 1171 3136 conclusio
1205 3075 1391 3149 ponit
1419 3073 1482 3132 in
1518 3074 1783 3135 entibus
1815 3090 1927 3135 na-

381 3185 590 3246 turam
636 3181 1030 3244 effectivam.
1080 3180 1383 3243 Secunda
1428 3184 1614 3260 ponit
1645 3181 1930 3260 primita-

376 3297 508 3354 tem
557 3290 722 3371 ejuS.
769 3291 979 3352 Tertia
1034 3291 1653 3352 incausabilitatem.
1691 3291 1934 3366 Quarta

374 3399 789 3461 existentiam
819 3398 1175 3470 actualem,
1205 3403 1272 3460 et
1301 3397 1485 3460 addit
1515 3399 1933 3461 corollarium

376 3513 622 3588 quartae
664 3506 1099 3579 conclusioni,
1148 3507 1495 3568 continens
1537 3507 1720 3586 quasi
1767 3522 1931 3585 qua-

69 3634 180 3682 orao
221 3650 346 3685 oon-
379 3622 526 3680 tuor
583 3615 792 3677 dictas
852 3616 1341 3677 conclusiones.
1422 3615 1674 3676 Deinde
1745 3613 1930 3675 addit

62 3695 346 3748 ⁸“‘⁸⁸⁰'“‘'”·
388 3724 543 3786 alias
573 3723 736 3785 :luas
780 3723 1238 3785 conclusiones
1282 3721 1741 3788 incidentales.
1790 3738 1929 3799 quae

378 3847 763 3893 communes
817 3835 974 3892 sunt
1027 3831 1259 3907 triplici
1307 3829 1502 3891 dictae
1552 3830 1859 3907 primitati
1910 3847 1922 3888 ε

371 3958 644 4020 quarum
671 3940 875 4019 prima
920 3941 1102 4017 ponit
1151 3939 1612 4000 necessitatem
1665 3937 1930 3999 essendi

368 4047 809 4119 incausabilis,
854 4051 922 4136 et
950 4045 1241 4108 secunda
1286 4046 1600 4106 unitatem
1647 4053 1924 4123 naturae,

382 4174 523 4237 quae
553 4172 636 4219 ex
665 4172 739 4218 se
773 4162 875 4217 est
905 4172 1182 4218 necesse
1219 4170 1366 4216 esse
1399 4178 1416 4226 ‚·
1458 4159 1642 4234 cujus
1687 4156 1923 4233 proba-

376 4266 583 4327 tiones
612 4264 985 4345 s1ngulares
1032 4263 1219 4324 valde
1254 4265 1535 4337 notabiS,
1572 4269 1638 4324 et
1667 4263 1927 4339 specia-

371 4374 517 4436 liter
562 4373 886 4441 ultimam,
941 4388 1091 4450 quae
1147 4372 1367 4442 currit,
1416 4377 1483 4432 et
1514 4370 1926 4432 confirmabis

371 4483 647 4543 maxime
678 4478 1040 4541 secundam
1075 4494 1156 4539 ex
1186 4480 1245 4540 8.
1281 4478 1538 4557 Pliysic.
1591 4481 1658 4538 et
1695 4481 1743 4540 l.
1782 4478 1922 4537 Coe-

369 4596 432 4670 li,
468 4602 537 4658 et
573 4597 665 4659 12.
701 4596 1124 4676 Metapliysic.
1176 4612 1338 4674 quas
1383 4597 1579 4656 etiam
1634 4594 1923 4655 Occham

366 4713 730 4794 infringere
761 4718 1059 4775 conatur.
1094 4711 1254 4773 Vide
1289 4728 1443 4773 eum
1475 4710 1829 4787 Quodlibet
1865 4713 1916 4772 l.

367 4836 604 4910 quaest.
645 4831 670 4889 l
708 4835 773 4891 et
803 4829 913 4890 ubi
944 4845 1171 4906 supra.
1206 4834 1271 4889 et
1305 4826 1594 4889 distinct.
1626 4808 1688 4888 2.
1726 4827 1912 4905 prim.

366 4948 588 5025 quaest.
645 4944 730 5007 de
785 4946 1039 5008 unitate
1098 4944 1234 5005 Dei.
1282 4946 1380 5006 Tu
1423 4950 1644 5005 tamen
1702 4940 1921 5005 fortifi-

366 5063 544 5124 cabis
574 5068 970 5141 argumenta
1017 5063 1337 5135 DoctoriS,
1387 5066 1453 5122 et
1498 5060 1918 5140 itnpugnabis

361 5180 728 5241 solutiones
773 5179 940 5258 ejus.
991 5180 1061 5240 ln
1112 5177 1439 5256 aliquibus
1488 5177 1918 5257 originalibus

364 5296 740 5374 assignatur
797 5294 1138 5375 quoddam
1196 5311 1472 5374 parvum
1529 5296 1745 5364 Extra,
1806 5293 1911 5367 ibi,

365 5404 543 5484 quod
588 5406 680 5467 sic
711 5405 939 5481 incipit
973 5423 986 5464 ε
1021 5405 1135 5463 Hic
1177 5404 1477 5476 instatur,
1528 5405 1653 5463 etc.
1701 5417 1916 5480 usque

360 5524 534 5586 illuc,
563 5526 740 5595 Icern,
763 5523 824 5582 si
841 5524 1272 5595 dzcaenmurae,
1300 5525 1425 5581 etc.
1447 5524 1513 5580 et
1533 5518 1708 5581 aliud
1726 5518 1915 5590 infra,

360 5640 476 5703 ibi:
512 5644 794 5701 liz-statur
822 5641 899 5701 de
917 5639 1212 5714 personis
1243 5638 1497 5712 divinis,
1536 5641 1669 5697 etc.
1701 5652 1912 5715 usque

3473 433 3582 499 761

2069 596 2224 659 illuc
2268 599 2521 660 :Juxta
2558 605 2841 677 quatuor
2882 598 3336 674 conclusiones,
3383 600 3508 661 etc.
3558 599 3626 659 et

2057 721 2194 766 non
2230 707 2393 766 sunt
2427 705 2509 767 de
2542 706 2782 780 littera,
2814 723 3038 785 neque
3070 706 3350 770 multum
3392 723 3598 769 neces

2047 813 2218 872 saria
2271 829 2287 882 ;
2346 812 2468 873 sed
2499 812 2552 874 si
2584 813 2869 874 volueris
2900 813 3130 893 legere
3165 819 3397 887 totum,
3433 813 3621 891 plura

2046 917 2349 990 .notabi8,
2400 923 2468 979 et
2511 918 2722 982 addes
2779 918 3151 999 diligenter.
3186 918 3347 982 Vide
3378 923 3435 982 2.
3469 921 3528 982 5.
3561 922 3622 983 8.

2050 1024 2149 1085 26.
2177 1030 2243 1084 et
2269 1026 2365 1086 33.
2398 1024 2686 1090 distinct.
2719 1029 2771 1089 1.
2803 1032 2869 1088 et
2900 1029 2959 1088 5.
2987 1031 3213 1106 quaest.
3243 1025 3620 1102 Quodlibet.

2048 1137 2106 1192 et
2136 1131 2289 1193 alibi
2328 1149 2527 1211 saepe,
2561 1151 2678 1212 pro
2703 1133 3150 1197 declaratione
3173 1134 3345 1195 illius
3366 1135 3623 1208 litterae,

2049 1246 2116 1302 et
2145 1242 2203 1302 3.
2241 1240 2526 1303 distinct.
2570 1244 2621 1304 l.
2661 1249 2728 1305 et
2756 1246 2813 1304 2.
2852 1247 2921 1305 et
2951 1259 3154 1320 super
3182 1246 3241 1306 7.
3272 1245 3619 1324 Metaphy-

2048 1349 2163 1409 sic.
2203 1348 2456 1410 Deinde
2492 1349 2676 1428 ponit
2706 1350 2869 1413 alias
2916 1357 3198 1429 quatuor
3245 1353 3613 1416 conclusio-

2052 1470 2175 1515 nes
2230 1455 2484 1517 similes
2544 1457 2770 1534 primis
2829 1465 3108 1536 quatuor
3160 1456 3246 1519 de
3290 1460 3619 1538 primitate

2044 1559 2313 1634 finitiva,
2354 1567 2419 1625 et
2451 1563 2615 1624 alias
2651 1569 2938 1642 quatuor
2971 1563 3054 1626 de
3088 1563 3414 1643 primitate
3449 1566 3614 1629 emi-

2049 1671 2342 1740 nentiali‚
2393 1673 2456 1734 in
2505 1687 2784 1749 quarum
2828 1672 3148 1734 secundae
3195 1673 3614 1753 probatione,

2048 1783 2203 1840 nota
2238 1780 2518 1857 qualiter
2547 1783 2832 1858 species,
2872 1781 2978 1843 vel
3008 1779 3239 1843 formae
3271 1784 3618 1845 suntsicut

2050 1885 2328 1946 numeri.
2366 1886 2527 1950 Vide
2560 1903 2765 1965 super
2808 1890 2867 1949 8.
2915 1889 3198 1967 Metapli.
3251 1888 3317 1950 in
3371 1894 3606 1969 quaest.
3687 1915 3892 1965 Conve-

2050 1999 2116 2055 et
2146 1993 2211 2053 in
2245 1996 2295 2055 1.
2334 1993 2614 2055 distinct.
2657 1996 2749 2056 17.
2785 2002 3023 2075 quaest.
3058 1996 3303 2070 ultima,
3336 1996 3604 2060 solven-
3634 1978 3948 2101 ῃζζξὶἷξζέξζζ,

2052 2100 2135 2162 do
2187 2104 2458 2177 primum
2506 2103 2890 2181 principale,
2924 2109 2989 2164 et
3016 2103 3079 2165 in
3110 2108 3171 2168 2.
3221 2103 3499 2168 distinct.
3534 2105 3595 2164 3.
3630 2104 3792 2215 ⁶1⁶ka
3783 2110 3945 2213 ‹ifinw-

2052 2215 2289 2290 quaest.
2323 2212 2381 2272 7.
2417 2216 2482 2273 et
2528 2212 2622 2274 10.
2658 2215 3059 2276 conveniunt
3102 2213 3277 2274 enim
3318 2212 3598 2287 numeri,
3855 2202 3866 2213 '

2052 2324 2119 2379 et
2167 2320 2425 2396 species
2478 2319 2699 2398 quoad
2747 2322 2986 2383 resolvi
3040 2321 3105 2382 in
3158 2319 3596 2395 indivisibilia,

2053 2426 2273 2503 quoad
2320 2443 2450 2487 non
2485 2429 2614 2505 pati
2649 2427 3061 2501 divisionem,
3098 2428 3321 2507 quoad
3349 2429 3597 2490 habere

2053 2551 2176 2612 per
2204 2550 2276 2594 se
2309 2537 2647 2606 unitatem,
2686 2534 2909 2613 quoad
2938 2553 3070 2597 non
3100 2536 3437 2614 suscipere
3471 2554 3603 2598 ma-

2051 2642 2156 2717 gis
2188 2644 2254 2699 et
2313 2639 2552 2711 minus,
2617 2638 2930 2702 differunt
2961 2646 3185 2702 autem
3228 2644 3293 2703 in
3338 2642 3501 2715 aliie,
3536 2648 3608 2704 ut

2051 2748 2244 2808 nosti.
2278 2746 2595 2826 Adjungit
2627 2748 2818 2808 etiam
2867 2748 3136 2811 cuilibet
3183 2751 3601 2826 quaternario

2050 2873 2246 2917 suum
2304 2856 2745 2928 corollarium,
2805 2862 2880 2919 ut
2956 2859 3190 2934 primo,
3276 2863 3341 2921 et
3388 2858 3607 2922 littera

2049 2967 2208 3027 satis
2239 2970 2438 3041 patet.
2482 2965 2547 3024 ln
2580 2963 2908 3042 aliquibus
2940 2964 3394 3044 originalibuS,
3430 2970 3613 3045 poni·

2053 3076 2157 3132 tur
2189 3069 2501 3150 quaedatn
2532 3071 2773 3145 littera,
2810 3088 2960 3149 quae
2992 3072 3084 3132 sic
3116 3073 3343 3150 incipit
3377 3093 3391 3134 :
3428 3077 3607 3146 Item,

2044 3180 2122 3241 de
2146 3180 2365 3254 primo
2397 3177 2779 3249 emt'nent·'ae,
2814 3181 2939 3238 etc.
2992 3177 3224 3253 Quam,
3276 3180 3428 3258 quia
3472 3193 3605 3240 non

2046 3286 2329 3346 multum
2360 3282 2443 3345 ad
2477 3286 2913 3363 propositum,
2949 3284 3313 3347 dimisimus
3364 3305 3378 3358 ;
3428 3286 3621 3367 adde·

2043 3394 2096 3454 si
2147 3396 2263 3455 vis,
2318 3391 2820 3471 Consequenter
2864 3396 3050 3470 ponit
3104 3395 3402 3474 quinque
3448 3395 3607 3455 alias

2043 3500 2502 3562 conclusiones
2552 3520 2565 3561 :
2618 3517 2895 3578 quarum
2944 3501 3242 3562 ultimam
3280 3503 3595 3580 appellat,

2040 3609 2326 3671 fructum
2382 3608 2578 3689 hujus
2637 3609 2925 3684 capituli,
3002 3609 3219 3670 eidem
3268 3610 3597 3681 videlicet,

2039 3722 2321 3789 naturae,
2375 3720 2443 3778 et
2488 3716 2703 3777 unicae
2758 3716 3179 3778 attribuendo
3227 3717 3603 3795 praedictam

2041 3824 2362 3903 triplicem
2412 3825 2841 3902 primitatem,
2878 3841 3076 3903 quam
3113 3826 3602 3888 conclusionem

2040 3931 2196 3994 dicit
2225 3943 2675 4012 praegnantem
2704 3935 2964 3993 senario
2999 3932 3182 3995 foetu.
3220 3933 3394 3996 Alias
3439 3952 3593 3996 vero

2039 4045 2345 4118 quatuor,
2395 4041 2583 4119 quasi
2658 4039 3137 4112 confirmativas
3184 4050 3250 4102 et
3294 4042 3593 4105 declara·

2049 4150 2211 4211 tivas
2244 4147 2408 4227 ejus
2441 4146 2767 4226 adjungit,
2828 4147 2938 4210 ubi
2971 4153 3105 4209 tota
3148 4149 3359 4210 littera
3406 4150 3600 4212 valde

2038 4254 2453 4333 dependens,
2487 4263 2557 4318 et
2586 4256 2896 4325 resoluta,
2935 4260 3000 4316 et
3031 4256 3386 4335 singularis
3432 4257 3589 4319 doc-

2054 4368 2239 4427 trinoe
2272 4366 2512 4438 existit,
2573 4364 2758 4426 affuit
2790 4369 2967 4425 certe
3001 4366 3249 4427 calamo
3278 4366 3594 4429 Paracleti

2035 4470 2305 4551 digitus.
2344 4473 2410 4533 ln
2439 4471 2569 4533 fine
2603 4488 2758 4533 vero
2793 4472 2979 4551 quasi
3005 4472 3409 4553 epilogando
3435 4492 3596 4536 con·

2034 4578 2237 4641 cludit
2268 4583 2595 4641 intentum
2628 4580 2827 4658 liujus
2861 4581 3147 4659 capituli.

2113 4678 2294 4738 Circa
2329 4676 2496 4739 dicta
2534 4680 2597 4739 in
2632 4679 2755 4740 hoc
2789 4680 3074 4757 capitulo
3120 4686 3391 4759 possent
3420 4699 3585 4744 non·
3748 4683 3824 4732 18-

2031 4786 2209 4848 nulla
2243 4785 2441 4847 dubia
2473 4786 2745 4858 moveri,
2775 4787 2945 4848 sicut
2988 4790 3152 4849 circa
3205 4788 3586 4867 praeceden-

2034 4895 2116 4953 tia
2155 4911 2170 4953 :
2205 4890 2328 4952 sed
2361 4893 2537 4970 quia,
2572 4894 2644 4952 ut
2676 4891 2809 4952 dixi
2856 4893 3035 4970 prius
3078 4894 3143 4955 in
3188 4895 3247 4954 2.
3299 4894 3587 4957 distinct.

2034 5003 2085 5061 l.
2125 4999 2390 5077 copiose
2424 4998 2868 5077 disputantur,
2903 5006 2976 5062 ut
3004 5002 3091 5065 ibi
3123 5003 3370 5080 saepius
3404 5008 3585 5064 nota·

2027 5110 2112 5180 vi,
2193 5112 2260 5167 et
2336 5106 2716 5177 adversarii,
2787 5113 2990 5188 atque
3014 5126 3340 5187 sequaces
3390 5111 3587 5190 liujus

2031 5218 2437 5291 pertractant
2466 5213 2605 5277 fere
2637 5216 2880 5291 omnia,
2929 5220 2995 5278 et
3036 5220 3322 5279 maxime
3361 5218 3581 5279 Nomi-

2029 5323 2237 5395 naleS,
2297 5340 2576 5402 quorum
2654 5328 3048 5403 argumenta
3108 5328 3175 5385 et
3219 5325 3585 5388 solutiones

2029 5430 2133 5491 liic
2178 5436 2578 5507 pertractare
2610 5432 2885 5510 longum
2927 5437 3125 5503 esset,
3160 5431 3312 5494 ideo
3363 5437 3584 5496 omnia

2028 5540 2257 5601 omitto
2291 5538 2521 5600 lectori
2552 5540 2922 5619 ingenios0,
2957 5546 3021 5602 et
3052 5537 3137 5599 ad
3167 5539 3289 5600 alia
3312 5540 3581 5612 festin0‚

2025 5644 2138 5706 ubi
2171 5645 2633 5708 declarationis
2666 5646 3033 5723 prolixioris
3066 5651 3259 5726 urget
3290 5651 3576 5712 necessi-
