4252 6393
510 1825 586 1879 13.

413 1894 663 1958 Objeoeio.

400 2897 705 2963 Responsio.

525 5020 601 5072 Η.

426 5082 585 5130 Color·
638 5086 720 5135 vel

394 5145 413 5193 l
423 5159 494 5192 ’ω
537 5123 698 5197 deberi·

745 368 860 441 18ss

821 537 1181 613 Secunda.
1212 535 1655 620 conclusiO,
1703 536 1908 629 quod
1943 536 2011 608 si
2055 536 2272 609 inter

733 676 905 728 rem
937 655 1223 736 visam,
1261 660 1340 728 et
1384 655 1826 749 speculum,
1862 654 1985 725 vel
2020 653 2269 727 etiam

728 773 1020 853 visum,
1068 771 1174 844 sit
1232 770 1723 863 dia-phanum
1778 770 2267 849 coloratum,

736 910 869 961 res
930 887 1335 960 videbitur
1398 887 1722 960 mixtim
1794 885 1939 957 sub
1996 885 2273 959 colore

737 1002 992 1096 ipsius
1028 1000 1361 1094 speculi,
1399 1006 1479 1075 et
1516 1001 1660 1074 sub
1704 1001 1983 1074 colore
2038 999 2274 1073 medii

731 1119 1136 1214 diaphani.
1205 1122 1439 1193 Patet
1509 1120 1603 1191 ad
1653 1118 2269 1211 experientiam,

736 1237 924 1329 quia
1007 1243 1348 1330 propter
1417 1237 1567 1309 hoc
1647 1236 1918 1329 parics
2016 1235 2269 1316 albuS,

739 1375 984 1448 supe-r
1052 1375 1290 1446 quem
1354 1354 1631 1427 incidit
1697 1352 1967 1425 radius
2031 1351 2271 1433 Solis,

734 1471 1144 1546 transiens
1200 1492 1345 1564 per
1382 1471 1716 1551 vitrum,
1763 1472 2105 1562 apparet
2150 1490 2275 1539 ru-

733 1588 952 1660 beus.
1007 1592 1270 1660 Causa
1302 1592 1426 1661 est
1476 1588 1752 1658 eadem
1795 1606 1976 1658 cum
2029 1606 2277 1658 causa

737 1705 1265 1798 praecedente.

830 1822 977 1896 Sed
1019 1827 1312 1895 contra
1359 1822 1774 1914 objicitur,
1816 1820 2004 1913 quia
2058 1820 2277 1912 poni-

737 1942 874 2011 tur
970 1938 1179 2030 quod
1265 1938 1682 2031 speculum
1754 1938 1862 2011 sit
1943 1937 2279 2010 fortiter

733 2057 1222 2136 coloratum,
1285 2056 1412 2126 vel
1485 2055 2008 2137 luminosum,
2084 2059 2275 2128 tunc

733 2172 1105 2264 sequitur
1148 2172 1354 2262 quod
1385 2172 1619 2244 color
1665 2171 1784 2242 rei
1839 2172 2276 2263 speculatae

732 2311 891 2363 non
971 2289 1322 2361 movebit
1394 2288 1659 2359 visum
1722 2288 2111 2360 reflexum
2180 2288 2278 2358 ab

733 2408 875 2482 illo
929 2406 1281 2500 speculo,
1348 2406 1537 2498 quia
1599 2406 1919 2477 colores
1986 2404 2277 2478 directi

736 2525 1129 2599 fortiores
1200 2526 1387 2595 sunt
1441 2522 1853 2596 coloribus
1925 2522 2272 2602 reflexis,

739 2647 819 2716 et
870 2642 937 2713 si
999 2639 1164 2713 sint
1206 2638 1623 2721 fortioreS,
1674 2638 2132 2719 movebunt,
2195 2642 2278 2711 et

735 2756 1169 2833 debiliores
1210 2777 1396 2828 non.

830 2875 1403 2967 Respondetur
1495 2894 1654 2944 uno
1745 2874 1975 2945 modo
2074 2873 2280 2965 quod

739 2992 1304 3067 conclusiones
1350 2991 1946 3082 intelliguntur,
2012 2991 2280 3084 posito

743 3110 952 3204 quod
994 3109 1411 3203 speculum
1447 3108 1555 3182 sit
1611 3108 2021 3180 moderate
2071 3108 2282 3179 colo-

744 3235 1020 3304 ratum
1085 3247 1131 3299 a
1174 3226 1461 3308 lucide,
1507 3231 1585 3301 et
1634 3248 1791 3299 non
1858 3225 2101 3298 nimis
2156 3248 2284 3298 ex-

744 3352 1082 3434 cessivo,
1148 3348 1336 3442 quia
1375 3366 1534 3418 non
1595 3344 1841 3418 aliter
1898 3343 2111 3414 visui
2169 3364 2283 3414 re-

750 3471 1303 3563 praesentatur
1354 3487 1482 3537 res
1520 3461 1936 3557 speculata
1970 3459 2114 3531 sub
2155 3479 2282 3534 co-

738 3588 918 3659 lore
951 3584 1283 3679 speculi,
1329 3586 1409 3657 et
1452 3582 1573 3654 rei
1612 3580 1832 3651 visae.

829 3703 1094 3775 Aliter
1160 3701 1489 3780 dicitur,
1576 3697 1783 3791 quod
1863 3700 2284 3787 quantum-

741 3839 1085 3910 cumque
1164 3817 1406 3890 f'ortis
1468 3815 1574 3888 sit
1633 3814 1888 3895 color,
1950 3811 2074 3885 vel
2146 3812 2284 3884 lux

742 3934 1075 4028 speculi,
1132 3938 1408 4009 tamen
1450 3931 1866 4024 speculum
1919 3950 2080 4000 non
2124 3950 2285 4001 mo-

737 4050 955 4124 vebit
1026 4071 1171 4142 per
1240 4071 1324 4120 se
1401 4047 1833 4119 secundum
1922 4045 2285 4118 colorem

742 4187 1005 4250 suum,
1047 4166 1180 4238 sed
1215 4165 1649 4238 secundum
1684 4165 2051 4237 colorem
2089 4163 2285 4233 mix-

739 4289 914 4357 tum
991 4303 1089 4354 ex
1160 4303 1332 4363 suo,
1397 4284 1476 4353 et
1545 4280 1821 4352 colore
1892 4278 2287 4350 incidente

742 4421 990 4493 super
1061 4398 1372 4490 ipsum;
1438 4401 1518 4470 et
1590 4396 1757 4468 ideo
1827 4394 1962 4467 lux
2044 4393 2287 4466 fortis

744 4515 1054 4610 speculi
1128 4501 1710 4606 quodammodo
1803 4511 2284 4592 remittitur,

741 4640 821 4709 et
905 4633 1380 4706 debilitatur
1470 4634 1805 4723 propter
1884 4629 2289 4701 incessum

749 4749 1092 4824 alterius
1161 4748 1495 4828 coloris,
1573 4747 1740 4819 sive
1814 4746 2115 4819 fortior
2185 4744 2291 4816 sit

754 4868 924 4939 sive
974 4866 1342 4938 debilior.

829 4987 1176 5075 Propter
1197 4982 1402 5074 quod
1423 4981 1856 5060 sciendum,
1888 4980 2092 5070 quod
2125 4980 2289 5058 lux,

754 5101 878 5172 vel
968 5099 1202 5173 color
1288 5096 1934 5191 quadrupliciter
2026 5098 2295 5186 potest

395 5214 548 5256 “M‘'
578 5226 720 5273 ΨΜ·
751 5216 1186 5290 debilitari.
1224 5215 1397 5286 Uno
1450 5214 1680 5285 modo
1729 5234 1868 5305 per
1909 5210 2297 5283 commix-

393 5277 518 5318 tuoe·

397 5334 496 5385 cle‘s.

604 5289 650 5323 m
664 5291 718 5323 >-

753 5335 1059 5408 tionem
1134 5333 1227 5403 ad
1297 5330 1548 5403 alium
1617 5329 2008 5409 colorem,
2084 5328 2297 5400 sicut

741 5452 914 5542 jam
952 5454 1264 5524 tactum
1299 5453 1447 5521 est.
1487 5446 1666 5518 Alio
1705 5446 1934 5516 modo
1974 5465 2116 5536 per
2148 5444 2297 5515 dis-

748 5566 1342 5659 gregationem,
1390 5568 1469 5637 et
1508 5563 1675 5634 ideo
1730 5561 1953 5636 unita.
1996 5560 2299 5635 sortior

1914 376 2056 439 LlB.
2109 377 2207 439 ΙΙΙ.
2252 374 2793 441 ME’I‘EORORUM

2388 541 2515 609 est
2582 536 2760 609 luce
2815 538 3208 631 dispersa,
3257 543 3334 613 et
3379 543 3719 632 propter
3774 537 3917 615 hoc

2390 652 2595 725 radii
2629 653 2959 726 luminis
3010 654 3218 729 uniti
3262 655 3342 726 in
3385 655 3712 747 speculo
3745 679 3918 729 eon-

2387 790 2586 842 cavo
2656 771 2751 841 ad
2824 791 3071 843 unum
3151 775 3540 864 punctum
3619 772 3921 849 faciunt

2390 887 3057 960 combustionem.
3123 888 3400 962 Tertio
3474 891 3705 961 modo
3786 910 3925 983 per

2392 1004 2942 1086 reflexionem,
3008 1005 3193 1097 quia
3248 1006 3324 1077 in
3385 1007 3754 1079 omnibus
3800 1028 3926 1080 ac-

2390 1122 2744 1196 tionibus
2774 1123 3288 1197 naturalibus
3321 1128 3664 1200 conatus
3698 1145 3924 1216 agen-

2391 1240 2497 1313 tis
2564 1240 3036 1314 debilitatur
3094 1262 3193 1312 ex
3265 1242 3703 1314 reflexione
3766 1265 3923 1315 suae

2390 1357 2751 1431 virtutis.
2856 1363 3163 1441 Quarto
3256 1358 3487 1430 modo
3592 1364 3926 1454 propter

2391 1474 2994 1564 elongationem
3040 1494 3085 1545 a
3157 1495 3302 1546 suo
3363 1474 3611 1556 fonte,
3668 1476 3836 1549 sive
3885 1499 3927 1551 a

2394 1612 2540 1663 suo
2602 1592 3032 1684 principie,
3082 1593 3295 1667 sicut
3348 1592 3621 1665 radius
3679 1615 3930 1667 remo-

2394 1707 2561 1782 tior
2601 1728 2645 1778 a
2711 1708 3113 1780 luminoso
3177 1714 3302 1783 est
3354 1709 3696 1782 debilior
3756 1731 3931 1803 pro-

2396 1826 2720 1918 pinquo.
2790 1828 2905 1897 Ex
2968 1826 3255 1917 quibus
3324 1830 3669 1919 apparet
3730 1829 3933 1918 quod

2392 1944 2660 2017 forma
2722 1944 3022 2016 reflexa
3069 1944 3412 2017 debilior
3477 1950 3603 2019 est
3669 1946 3934 2018 forma

2397 2061 3342 2154 incidentepropterduo,
3365 2062 3677 2136 scilicet
3702 2083 3934 2156 prop·

2392 2182 2522 2250 ter
2559 2176 3106 2258 reflexionem,
3152 2181 3232 2249 et
3289 2181 3633 2270 propter
3678 2196 3933 2248 remo·

2394 2296 2695 2369 tionem
2737 2296 2836 2367 ab
2866 2301 3182 2385 agente.

2489 2413 2767 2485 Tertia
2860 2413 3317 2486 differentia
3411 2411 3930 2505 speculorum
4022 2410 4175 2537 31¹2„-

2392 2534 2540 2612 est,
2598 2530 2783 2622 quia
2834 2529 3224 2622 quoddam
3266 2532 3391 2603 est
3448 2530 3811 2611 densum,
3857 2530 3934 2601 et
3961 2537 4188 2649 'wem

2396 2648 2785 2740 quoddam
2892 2648 3409 2741 diaphanum,
3511 2648 3724 2721 sicut
3827 2649 3933 2720 vi·
3982 2662 4187 2726 phuam*

2396 2771 2646 2849 trum,
2716 2766 2843 2837 vel
2904 2765 3377 2857 crystalluS,
3442 2768 3523 2840 et
3592 2770 3785 2839 tunc
3844 2766 3934 2839 de

2396 2882 2548 2955 hoc
2600 2882 2707 2955 sit
2758 2882 3204 2963 conclusio,
3262 2883 3470 2974 quod
3514 2882 3932 2975 speculum

2394 2995 2915 3088 diaphanum,
2955 2996 3160 3088 quod
3201 3016 3362 3067 non
3404 2998 3527 3069 est
3558 2996 3935 3070 notabili-

2399 3117 2527 3185 ter
2582 3112 2940 3193 densum,
3013 3132 3173 3184 non
3245 3113 3591 3187 reflectit
3655 3112 3935 3205 imagi-

2397 3251 2581 3302 nem
2619 3229 2737 3302 rei
2771 3231 3234 3322 speculatae,
3273 3230 3430 3302 nisi
3473 3230 3726 3304 fuerit
3760 3231 3940 3303 sub-

2397 3347 2768 3428 ductum,·
2811 3347 3084 3438 aliquo
3143 3368 3495 3440 corpore
3562 3347 3939 3421 densiore

2403 3463 2960 3544 obumluante,
3051 3463 3279 3535 verbi
3345 3464 3643 3554 gratia,
3729 3464 3941 3538 sieut

2400 3579 2706 3654 vitrum
2743 3579 2811 3651 si
2846 3580 3342 3654 subducatur
3402 3580 3762 3673 plumbo,
3819 3580 3941 3652 be-

2400 3717 2497 3768 ne
2572 3697 2917 3770 reflectit
2978 3697 3438 3787 imaginem.
3502 3697 3939 3771 Conclusio

2402 3817 2625 3906 patet
2668 3815 2762 3885 ad
2822 3812 3439 3906 experientiam,
3486 3817 3567 3886 et
3633 3813 3943 3888 vitrum

2406 3951 2699 4023 purum
2735 3931 2811 4002 in
2847 3951 3035 4002 aere
3085 3950 3245 4001 non
3281 3930 3628 4003 reflectit
3663 3930 3945 4022 imagi-

2404 4067 2610 4118 nem.
2688 4048 3074 4126 Secundo,
3150 4046 3336 4138 quia
3422 4046 3501 4118 in
3592 4046 3947 4140 speculis

2404 4163 2992 4243 communibus,
3080 4163 3148 4235 si
3220 4163 3657 4255 plumbum,
3747 4165 3947 4256 quod

2405 4279 2903 4361 subducitur,
2941 4285 3155 4354 esset
3180 4279 3590 4362 abrasum,
3638 4301 3802 4353 non
3832 4302 3945 4353 re-

2406 4395 2765 4468 flectitur
2809 4395 3079 4486 imago
3134 4395 3249 4467 rei
3296 4396 3528 4477 visam
3575 4401 3655 4469 et
3699 4418 3947 4469 causa

2405 4518 2531 4585 est
2560 4513 2744 4594 ista,
2784 4512 2972 4603 quia
3008 4534 3152 4604 per
3196 4513 3356 4586 talc
3381 4533 3684 4606 corpus
3732 4535 3946 4606 pers-

2408 4629 2758 4722 picuum,
2797 4630 2865 4700 si
2906 4650 3064 4700 non
3110 4629 3359 4703 suerit
3404 4634 3632 4703 retro
3679 4631 3948 4702 obum-

2406 4747 2677 4826 brans,
2718 4747 3018 4819 transit
3051 4745 3187 4817 lux
3219 4747 3548 4830 directe,
3579 4748 3952 4840 quamvis

2408 4863 2681 4954 aliqua
2721 4863 2852 4933 lux
2893 4862 3388 4945 reflectatur,
3444 4868 3524 4937 et
3578 4865 3769 4956 quia
3815 4864 3946 4935 lux

2407 4982 2715 5053 directa
2778 4984 2905 5053 est
2978 4979 3283 5052 sortior
3362 4981 3522 5054 ista
3602 4982 3778 5053 luce
3838 5001 3947 5051 re-

2409 5098 2642 5176 flexa,
2716 5117 2873 5168 non
2921 5097 3180 5187 magis
3225 5101 3569 5189 apparet
3613 5119 3771 5178 res,
3828 5095 3951 5168 vel

2414 5215 2682 5304 imago
2733 5213 2873 5294 rei,
2913 5213 3254 5286 sccundu
3272 5234 3343 5284 m
3379 5212 3676 5284 lineam
3703 5213 3951 5284 direc-

2413 5336 2605 5412 tam,
2646 5351 2886 5421 quam
2933 5330 3364 5401 secundum
3414 5328 3824 5400 reflexam.

2504 5447 2645 5518 Sed
2707 5452 2999 5519 contra,
3044 5446 3253 5520 istud
3298 5445 3707 5538 objicitur,
3767 5444 3947 5536 quia
4015 5445 4188 5572 &3254

2412 5560 2654 5636 homo
2736 5563 2947 5641 videt
3037 5561 3472 5652 imaginem
3556 5582 3787 5638 suam
3872 5561 3948 5636 in
