4252 6393
1627 329 1987 406 QUAES'PIO
2032 333 2194 396 xvn

338 488 750 560 secundum
784 486 1160 579 speciem,
1215 493 1305 563 ut
1341 491 1712 566 caliditas
1738 515 1864 568 ae-

340 613 400 684 ri
436 615 512 684 et
581 609 747 698 igni
796 607 1166 678 :nullum
1236 615 1505 685 tamen
1576 637 1861 688 eorum

334 734 440 800 est
482 748 627 820 per
666 728 958 800 nudam
1013 730 1471 811 materiam,
1525 736 1654 805 sed
1706 735 1865 806 for-

334 863 449 914 ma
509 845 1028 919 substantiali
1097 846 1452 921 indutam
1500 850 1684 930 ista,
1738 853 1862 924 vel

336 961 452 1031 illa
494 987 508 1029 :
555 981 755 1050 ergo
791 963 1004 1036 sicut
1058 965 1645 1040 universaliter
1694 990 1867 1040 cor-

332 1079 562 1165 rupta
612 1075 880 1148 forma
941 1080 1488 1162 substantiali,
1538 1088 1864 1174 oportet

331 1190 897 1267 universaliter
947 1196 1147 1269 talia
1189 1199 1636 1274 accidentia
1690 1223 1865 1274 cor-

330 1310 613 1401 rumpi,
705 1312 820 1384 sic
916 1320 1312 1407 corrupta.
1390 1317 1536 1390 hac
1598 1319 1865 1391 forma

328 1426 861 1509 substantiali,
936 1435 1212 1523 utpote
1282 1432 1550 1504 forma
1625 1436 1860 1526 ignis,

327 1561 643 1613 necesse
664 1550 786 1617 est
821 1545 1026 1619 lianc
1051 1548 1554 1639 qualitatem,
1583 1555 1866 1645 utpote

324 1658 489 1750 ejus
532 1660 1031 1735 caliditatem
1075 1668 1525 1759 corrumpi.
1582 1671 1681 1741 Et
1741 1675 1863 1742 est

322 1774 582 1846 virtus
647 1778 1014 1861 rationis,
1063 1781 1275 1855 sicut
1320 1784 1655 1875 primae:
1702 1806 1862 1857 non

321 1892 527 1963 enim
626 1896 1194 1988 corrumpitur
1281 1900 1864 1974 universaliter

323 2006 477 2078 tale
519 2009 914 2092 accidens,
959 2020 1354 2106 corrupta
1390 2016 1865 2089 universali-

323 2130 445 2195 ter
503 2124 772 2199 forma
832 2130 1379 2213 substantiali,
1452 2134 1608 2206 nisi
1678 2136 1864 2226 quia

321 2240 476 2313 tale
520 2243 891 2316 accidens
927 2245 1163 2320 habet
1203 2271 1337 2317 esse
1381 2251 1864 2324 universali-

316 2363 443 2430 ter
480 2380 528 2431 a
574 2364 751 2433 toto
784 2364 1242 2455 composito
1275 2387 1370 2437 ex
1406 2369 1750 2440 materia
1785 2374 1862 2442 et

315 2474 584 2547 forma
628 2477 1175 2552 substantiali.

431 2594 667 2674 Item,
744 2595 1004 2671 innuit
1083 2598 1327 2670 aliam
1411 2602 1860 2683 rationem;

316 2708 502 2797 quia
573 2730 737 2780 non
814 2716 937 2784 est
1007 2713 1220 2785 aliud
1308 2736 1394 2786 re
1483 2718 1866 2790 termina-

314 2823 453 2905 tio,
514 2826 688 2898 sive
766 2830 1065 2916 gradus
1140 2830 1326 2902 talis
1396 2833 1862 2914 accidentis,

311 2941 431 3012 vel
509 2944 765 3015 etiam
828 2965 957 3015 res
1039 2946 1292 3038 ipsius
1379 2950 1860 3029 acci‹lentis;

308 3062 386 3128 et
462 3059 641 3130 ideo
713 3061 924 3133 sicut
977 3062 1137 3134 tale
1196 3065 1563 3138 accidens
1614 3087 1659 3138 a
1719 3068 1866 3140 tali

306 3172 584 3246 forma
650 3176 890 3250 habet
941 3182 1633 3266 terminationem,
1699 3185 1865 3257 sive.

304 3294 688 3379 gradum,
783 3296 899 3370 ita
968 3299 1217 3371 etiam
1282 3299 1517 3374 babet
1587 3303 1684 3373 ab
1772 3324 1865 3373 eo

304 3432 551 3482 suum
613 3436 769 3493 esse,
827 3418 913 3485 ut
996 3415 1383 3497 dicamus,
1446 3419 1649 3508 quod
1707 3418 1867 3491 tale

302 3528 689 3599 accidens
762 3532 839 3600 et
913 3531 1701 3615 determinationem,
1791 3541 1869 3608 et

303 3666 463 3725 esse,
527 3666 708 3736 quae
762 3652 949 3721 sunt
1023 3648 1143 3720 illi
1216 3650 1444 3731 idem,
1511 3651 1746 3723 habet
1823 3672 1869 3722 a

304 3762 626 3835 forma:
665 3784 863 3855 crgo
900 3765 1111 3838 sicut
1143 3771 1537 3858 corrupta
1573 3766 1865 3845 forma,

303 3881 431 3951 vel
487 3884 679 3954 toto
713 3881 1168 3972 composito
1220 3903 1318 3953 ex
1385 3884 1730 3955 materia
1792 3888 1871 3955 et

301 3996 617 4076 forma,
666 3996 831 4070 tale
874 3998 1242 4069 accidens
1298 3999 1655 4072 admittit
1717 4004 1873 4073 ter-

301 4113 882 4192 minationem,
930 4113 1045 4186 sic
1104 4116 1395 4187 saltem
1469 4136 1612 4207 per
1671 4117 1871 4188 acci-

299 4228 530 4307 dens,
617 4249 761 4320 per
829 4228 1171 4319 subjecti
1255 4230 1871 4321 corruptionem

300 4345 640 4418 amittit
681 4366 915 4416 suum
959 4369 1114 4426 esse,
1153 4349 1228 4417 et
1293 4346 1595 4420 inducit
1656 4346 1873 4418 simi-

305 4460 499 4533 lem.

394 4580 518 4650 Ad
587 4578 1156 4670 probationem
1218 4576 1615 4665 majoris:
1688 4577 1874 4667 quia

298 4696 528 4768 sieut
581 4697 853 4766 forma
888 4692 1452 4766 substantialis
1495 4692 1878 4783 simplici-

301 4823 436 4888 ter
511 4819 888 4907 accepta,
950 4833 1106 4883 non
1170 4812 1434 4883 solum
1476 4812 1610 4884 dat
1676 4812 1879 4883 inde·

295 4932 999 5005 termina-tionem
1043 4931 1329 5002 forma>
1364 4929 1874 5020 simpliciter,

295 5051 478 5123 sive
549 5047 1142 5120 universaliter
1200 5047 1578 5136 acceptae,
1653 5046 1879 5135 quasi

296 5168 400 5237 ab
444 5166 637 5238 alio
681 5164 967 5236 habeat
1000 5188 1154 5245 esse,
1201 5169 1280 5235 et
1323 5164 1420 5233 ab
1479 5163 1640 5232 alio
1678 5162 1881 5233 inde-

293 5282 1026 5361 terminationem,
1077 5280 1237 5351 imo
1280 5281 1412 5352 dat
1458 5280 1761 5350 sibiesse
1801 5283 1880 5352 et

298 5398 1189 5475 indeterminationem
1254 5424 1266 5466 ε
1367 5397 1536 5467 ideo
1636 5419 1882 5468 causa

295 5515 672 5590 formali
698 5512 1217 5587 substantiali
1251 5520 1671 5605 corrupta,
1710 5537 1883 5588 cor-

550 5648 836 5709 Tounlv.

3429 346 3551 408 609

1983 501 2397 591 rumpitur
2456 501 3034 577 universaliter
3085 507 3249 578 tale
3317 508 3520 580 acci-

1978 615 2197 694 dens,
2249 618 2530 707 utpote
2592 617 3031 707 quantitas,
3103 624 3184 693 et
3255 622 3527 694 omnia

1981 731 2143 803 alia
2231 733 2702 814 accidentia,
2793 738 2963 807 tam
3046 737 3521 827 symbolica,

1983 869 2224 939 quam
2293 871 2451 923 non
2513 852 2985 941 symbolica,
3040 874 3199 925 non
3262 856 3527 928 solum

1982 972 2372 1055 quantum
2416 967 2509 1038 ad
2561 969 3351 1052 determinationem,
3398 973 3532 1044 sed

1979 1080 2231 1152 ctiam
2303 1086 2695 1173 quantum
2737 1084 2832 1154 ad
2872 1108 3027 1153 esse.
3099 1087 3223 1159 Ita
3276 1087 3527 1159 etiam

1983 1195 2149 1268 liaeo
2198 1197 2466 1272 forma
2509 1220 2668 1272 non
2703 1201 2969 1272 solum
3020 1203 3156 1275 dat
3188 1201 3373 1274 huic
3410 1224 3532 1275 ac-

1980 1314 3082 1398 cidentideterminationem,
3117 1318 3248 1390 sed
3279 1318 3529 1391 etiam

1978 1453 2133 1499 esse.
2178 1431 2359 1503 Ideo
2397 1433 2556 1505 ista
2589 1432 2858 1504 forma
2891 1435 3314 1525 corrupta,
3349 1455 3528 1508 cor-

1982 1554 2479 1640 rumpuntur
2503 1550 2775 1622 omnia
2800 1551 3247 1623 accidentia
3267 1552 3527 1642 quoad

1978 1661 2770 1745 determinationem,
2815 1669 2895 1739 et
2940 1666 3199 1757 quoad
3240 1687 3395 1737 esse.

2073 1779 2300 1859 Item,
2347 1784 2740 1872 corrupto
2774 1780 3038 1872 priori
3072 1782 3525 1875 corrumpi-

1980 1898 2118 1967 tur
2186 1897 2624 1987 posterius,
2730 1898 3040 1988 quando
3115 1899 3524 1990 posterius

1979 2032 2138 2083 non
2185 2013 2418 2094 inest,
2464 2034 2607 2085 nec
2668 2016 2793 2086 est
2850 2013 3005 2086 nisi
3067 2035 3213 2106 per
3271 2016 3523 2109 prius.

1945 2120 2367 2201 ⁴Accidens
2410 2135 2681 2204 autem
2727 2131 2889 2204 tale
2922 2151 3083 2202 non
3119 2132 3326 2206 inest
3369 2152 3529 2204 ma-

1981 2246 2235 2326 tor-im,
2283 2267 2426 2319 nec
2473 2247 2710 2320 habet
2765 2271 2919 2329 esse,
2965 2247 3123 2319 nisi
3179 2269 3325 2341 per
3367 2249 3532 2320 for-

1983 2383 2224 2436 mam.
2268 2364 2449 2436 Ideo
2484 2366 2796 2455 quando
2833 2364 3096 2437 forma
3129 2384 3289 2436 non
3323 2364 3531 2437 inest

1982 2480 2377 2562 materiae,
2415 2501 2559 2552 nec
2596 2480 2831 2552 habet
2852 2504 3007 2562 esse,
3049 2485 3136 2554 ut
3160 2487 3309 2558 est.
3346 2482 3533 2552 dum

1985 2615 2115 2666 res
2176 2597 2767 2689 corrumpitur,
2825 2617 3155 2668 necesse
3226 2598 3375 2675 est,
3446 2601 3533 2670 ut

1984 2733 2219 2784 omne
2252 2711 2621 2784 accidens
2655 2716 3247 2805 corrumpatur
3282 2737 3297 2792 ;
3344 2711 3535 2784 licet

1984 2827 2148 2907 illa,
2198 2850 2371 2921 quae
2432 2849 2592 2900 non
2652 2828 2943 2901 liabent
2987 2828 3528 2910 contrarium,

1982 2966 2138 3015 non
2184 2949 2830 3038 corrumpantur
2872 2965 3017 3037 per
3068 2967 3176 3025 se,
3222 2946 3355 3017 sed
3392 2965 3534 3036 per

1983 3061 2323 3153 subjecti
2411 3062 3057 3153 corruptionem.
3150 3061 3529 3136 Omnium

1985 3177 2333 3252 istarum
2384 3177 2794 3250 rationum
2837 3177 3104 3252 virtus
3147 3179 3296 3257 est,
3345 3177 3533 3269 quia

1985 3294 2431 3367 accidentia
2491 3293 2785 3365 habent
2852 3318 2985 3362 esse
3044 3312 3091 3362 a
3133 3293 3526 3387 subjecte,

1982 3431 2143 3481 non
2186 3412 2451 3482 solum
2507 3411 2940 3482 secundum
2983 3408 3351 3499 gradum,
3399 3410 3531 3482 sed

1983 3534 2060 3601 et
2120 3530 2809 3603 terminationem.

2075 3649 2256 3720 Alia
2315 3650 2436 3719 est
2486 3646 2785 3738 opinio,
2826 3667 2999 3736 quae
3058 3646 3278 3727 dicit,
3325 3646 3532 3737 quod

1987 3765 2401 3854 quantitas
2466 3764 2833 3833 remanet
2873 3762 3146 3833 eadem
3192 3781 3535 3833 numero

1988 3880 2066 3951 in
2103 3884 2493 3969 generato
2528 3882 2608 3952 et
2640 3881 3065 3969 corrupto,
3120 3900 3263 3950 nec
3301 3898 3537 3971 prop-

1991 4000 2116 4069 ter
2149 3996 2299 4068 hoc
2330 3999 2454 4067 est
2498 3994 2575 4065 in
2634 3992 2931 4085 duplici
2976 3992 3362 4085 subjecto.
3428 3995 3539 4067 Si-

1990 4112 2300 4185 militer
2332 4109 2778 4183 accidentia
2802 4108 3254 4199 symbolica
3284 4128 3539 4181 rema-

1989 4232 2181 4301 nent
2221 4228 2497 4299 eadem
2556 4246 2925 4306 numero,
2991 4226 3122 4297 sed
3164 4246 3326 4297 non
3362 4247 3539 4319 pos-

1991 4349 2178 4418 sunt
2232 4349 2569 4435 propter
2631 4341 2779 4414 hoc
2848 4341 3174 4412 omnino
3234 4342 3387 4415 dici
3460 4342 3539 4414 in

1992 4461 2354 4553 subjecto
2394 4459 2718 4550 duplici.

2082 4579 2195 4651 Ad
2229 4576 2434 4667 quod
2469 4575 3068 4655 advertendum,
3124 4597 3304 4647 cum
3342 4597 3546 4668 pura

1994 4692 2345 4766 materia
2385 4694 2500 4777 (ut
2542 4691 2739 4761 bene
2771 4690 2964 4764 dicit
3012 4691 3309 4783 positio
3346 4712 3545 4783 prae-

1992 4809 2233 4897 dicta)
2274 4828 2434 4879 non
2496 4805 2599 4877 sit
2673 4805 3125 4897 subjectum
3197 4807 3547 4902 alicujus

1996 4923 2463 5001 accidentis,
2495 4921 2627 4993 sed
2662 4923 2930 4992 totum
2956 4922 3541 5013 compositum;

1999 5040 2169 5110 ideo
2208 5036 2473 5129 primo
2533 5039 2657 5106 est
2708 5033 2837 5106 hio
2879 5034 3302 5107 videndum
3363 5038 3551 5129 quid

1998 5158 2103 5227 sit
2170 5153 2624 5245 subjectum
2688 5151 3270 5240 generationiS,
3345 5155 3553 5244 quod

1996 5277 2120 5344 cst
2146 5288 2574 5343 commune
2607 5270 2997 5357 generato
3022 5269 3100 5339 et
3125 5275 3547 5363 corrupto,

2000 5390 2357 5463 Secundo
2405 5386 2902 5460 resolvendae
2954 5387 3139 5455 sunt
3189 5388 3550 5461 rationes

2002 5508 2404 5604 prfedictw
2442 5503 2896 5598 positionis.

3302 5639 3364 5688 30

3686 3668 3763 3721 27.
