4252 6393
615 406 733 469 746

603 587 976 644 causarum,
1023 576 1152 633 etc.
1201 577 1265 632 et
1320 573 1471 651 quta
1520 590 1651 635 non
1692 578 1832 633 erat
1869 572 2147 634 multum

602 680 998 753 necessaria,
1024 694 1148 740 nec
1172 680 1561 752 communiS,
1603 683 1942 744 omisimus
1977 697 2140 742 eam.

602 784 817 847 Addat
884 788 1092 848 lector
1147 789 1200 848 si
1255 788 1532 850 voluerit
1601 794 1830 849 totum.
1911 788 2145 850 Ultimo

603 896 923 972 quantum
972 893 1056 954 ad
1108 895 1275 958 hanc
1321 900 1606 974 partem,
1657 894 1948 956 ostendit
1977 894 2148 957 ordi-

603 1018 760 1063 nem
813 1017 1154 1064 causarum
1212 1004 1295 1065 ad
1350 1007 1656 1074 invicem,
1715 1010 1781 1065 et
1841 1006 2013 1082 quiS,
2082 1007 2149 1064 et

604 1109 812 1184 qualis
856 1109 959 1182 sit,
1012 1116 1078 1172 et
1119 1110 1487 1172 secundum
1543 1110 1701 1189 quid
1757 1109 2145 1180 attenditur,

605 1214 891 1276 dicens:
945 1220 1233 1288 Quacum·
1283 1235 1522 1294 ρεηυνα
1579 1235 1956 1289 causarum,
2020 1226 2147 1279 etc.

606 1343 805 1411 quam
834 1327 1096 1408 probat,
1131 1334 1198 1389 et
1245 1344 1326 1388 ex
1361 1326 1882 1404 praecedentibus
1916 1332 2149 1404 etspe-

608 1440 754 1502 ciali
801 1440 1210 1517 probatione.
1271 1437 1388 1498 Ubi
1438 1435 1808 1514 digreditur
1853 1435 2150 1512 singula-

603 1550 857 1612 rissime
913 1543 1368 1627 pertractando
1422 1542 1718 1606 ordinem
1779 1560 2147 1616 causarum,

605 1661 670 1715 ct
709 1655 1029 1716 unitatem
1060 1667 1310 1724 earum,
1357 1654 1424 1711 et
1467 1647 1731 1712 modum
1777 1647 2047 1721 ordiniS,
2085 1653 2151 1710 et

600 1763 1100 1825 intrinsecarum
1153 1756 1237 1821 ad
1297 1757 1724 1827 extrinsecaS,
1760 1760 1828 1818 et
1860 1758 2030 1817 inter
2076 1769 2149 1815 se

601 1868 975 1946 utrobique.
1041 1866 1138 1927 Ad
1192 1881 1342 1945 quae
1400 1863 1633 1928 clarius
1691 1863 2145 1942 intelligenda,

599 1975 748 2039 vide
794 1976 979 2054 plura
1011 1976 1069 2036 2.
1107 1975 1431 2049 I'hyse‘cor.
1467 1980 1525 2034 ec
1563 1975 1622 2037 5.
1661 1973 2148 2049 Mecaphysicor.

602 2086 754 2145 1712.
790 2082 1005 2149 etiam,
1057 2083 1198 2142 dist.
1248 2083 1346 2142 37.
1404 2087 1459 2144 el
1503 2082 1566 2140 ίη
1614 2082 1674 2140 4.
1730 2086 1946 2157 quoesl.
1997 2080 2048 2141 1.
2088 2086 2152 2140 et

602 2189 754 2251 alibi
811 2205 1008 2265 saepe,
1059 2191 1127 2249 et
1175 2189 1457 2248 maxime
1514 2189 1580 2248 in
1644 2187 2038 2263 quaestz'onib.
2089 2189 2149 2249 9.

608 2296 879 2372 ΜοιαρΙι.
919 2293 1192 2375 egregie
1240 2295 1420 2372 plura
1467 2294 1742 2357 habebis
1785 2293 1868 2356 ad
1912 2310 2150 2371 propo·

610 2406 828 2467 situm.

292 2532 381 2580 An
409 2529 551 2582 hunc
697 2512 976 2577 Adverte
1030 2512 1273 2574 ibidem
1327 2507 1495 2572 infra
1545 2525 1693 2571 cum
1750 2506 1926 2582 dicit,
1987 2509 2159 2569 sicut

262 2601 566 2718 ’ᾭῗξζζζξ-’βι
616 2622 767 2685 alibi
798 2621 882 2683 de
916 2624 1130 2683 causis
1180 2618 1622 2680 essentialiter
1670 2616 1985 2678 ordinatis
2028 2614 2151 2676 dif-

263 2719 589 2831 αζξὲξηαΤιῙξζ·
616 2729 822 2791 fusius
854 2727 1194 2806 explicavi,
1228 2725 1386 2788 illud
1418 2726 1583 2786 alibi
1610 2730 1834 2803 posset
1863 2725 2154 2802 assigna-

615 2837 666 2898 ri
734 2837 801 2897 in
851 2832 1391 2896 Theorematibus
1445 2837 1511 2893 et
1563 2829 1631 2892 in
1687 2831 2149 2910 Metaphysica,

612 2949 678 3005 et
722 2943 833 3004 ubi
861 2958 1060 3020 supra
1091 2943 1157 3002 in
1187 2940 1542 3002 Sententiis
1579 2957 1592 2999 ε
1629 2939 1751 3001 sed
1783 2938 1837 3000 si
1866 2940 2156 3001 volueris

611 3052 786 3113 hunc
810 3053 1155 3112 tractatum
1190 3046 1574 3127 praecedere
1606 3046 1738 3122 illa,
1760 3063 1976 3127 quiere
2000 3062 2153 3108 eum

613 3161 678 3222 in
710 3156 1021 3238 Physicis,
1067 3161 1362 3233 utsupra
1395 3168 1577 3231 saepe
1612 3152 1817 3234 tetigi.

385 3274 462 3325 ⁴4.
693 3264 976 3328 Adverte
1009 3264 1226 3335 etiam,
1261 3261 1440 3342 quod
1472 3262 1580 3324 illa
1611 3260 1817 3323 littera
1852 3263 1940 3326 ibi
1975 3281 1987 3320 ε
2027 3261 2159 3322 Sed

611 3375 877 3435 ulterius
923 3372 1228 3450 intellige,
1283 3379 1406 3433 etc.
1448 3387 1663 3450 usque
1711 3371 1865 3436 illuc
1907 3390 1919 3430 :
1971 3370 2157 3432 nulla

603 3499 802 3544 causa
832 3486 917 3541 est
951 3478 1243 3555 aequalis,
1278 3484 1404 3540 etc.
1461 3480 1728 3556 ponitur
1772 3476 2019 3540 additio
2073 3479 2155 3540 ab

605 3589 961 3668 aliquibus,
1016 3586 1171 3647 satis
1229 3593 1448 3648 tamen
1496 3587 1666 3647 bona
1739 3589 1806 3647 et
1848 3585 2021 3647 bene
2073 3584 2156 3646 ad

608 3695 1042 3773 propositum.
1105 3692 1199 3754 Ab
1253 3692 1401 3753 hinc
1459 3707 1616 3753 vero
1674 3691 1948 3762 scilicet,
2009 3691 2094 3752 ibi
2142 3710 2154 3750 :

618 3801 814 3863 Nulla
864 3817 1064 3863 causa
1107 3806 1195 3860 est
1237 3800 1528 3876 aequatis,
1577 3802 1701 3859 etc.
1749 3814 1962 3877 usque
2023 3799 2154 3859 ibi:

272 3930 413 3980 Ordo
441 3946 575 3980 cau-
622 3911 959 3986 expedito,
999 3907 1260 3971 videtur
1306 3910 1569 3971 omnino
1618 3913 1797 3969 extra
1836 3927 1849 3967 ε
1885 3910 2007 3971 sub
2057 3910 2163 3971 iila

317 4007 532 4051 ⁸‘²''‘“'⁷³’
627 4019 801 4078 enim
834 4016 1172 4078 additione
1220 4017 1444 4095 (quam
1479 4022 1694 4077 tamen
1729 4014 1909 4097 lege)
1939 4023 2167 4080 osten·

269 4059 596 4115 emmenum,

271 4130 380 4166 ⁷10⁷·
408 4119 604 4180 ἀσμενι-
634 4122 728 4184 dit
772 4125 918 4202 quis
959 4124 1041 4185 sit
1068 4122 1232 4184 ordo
1269 4139 1638 4196 causarum,
1671 4138 1792 4183 seu
1841 4125 2167 4185 causatio-

328 4180 541 4232 ἅψῃ
631 4247 789 4293 num
822 4230 1250 4292 causarumin
1277 4229 1631 4301 causando,
1681 4228 1835 4307 quia
1863 4226 2173 4289 videlicet

626 4351 755 4397 non
790 4333 1283 4411 dependentiae,
1325 4333 1462 4395 sed·
1479 4337 1878 4398 eminentiae.

703 4443 1208 4522 Consequenter
1231 4445 1648 4522 prosequitur
1682 4443 1763 4505 de
1796 4444 1936 4505 aliis
1968 4460 2169 4504 mem·

624 4552 756 4612 bris
815 4548 1339 4613 subdivisionum
1396 4551 1711 4613 sccundae
1767 4552 2168 4630 principalis,

628 4657 937 4737 ponendo
986 4662 1117 4719 tres
1163 4659 1648 4730 conclusioneS‚
1697 4676 1839 4738 quae
1869 4662 2026 4721 satis
2061 4676 2169 4737 pa·

275 4782 600 4835 Conclns.1o.
632 4767 795 4838 tent,
829 4764 1035 4842 prima
1070 4764 1155 4825 ibi
1191 4783 1205 4823 :
1245 4767 1412 4836 Quia
1437 4768 1493 4826 si
1522 4767 1673 4836 duo,
1700 4771 1829 4828 etc.
1868 4766 2170 4828 Secunda

427 4848 506 4901 ¹¹·
630 4872 713 4933 ibi
751 4890 763 4930 :
802 4874 937 4933 Νοη
982 4887 1164 4932 omne
1213 4878 1573 4945 causacum,
1624 4877 1749 4933 etc.
1801 4878 1866 4932 et
1897 4873 2174 4934 deberet

633 4978 994 5041 continuari
1050 4978 1261 5041 littera
1317 4980 1643 5048 textualis,
1697 4997 1910 5057 usque
1969 4981 2169 5042 illuc:

631 5090 1009 5150 :lutee-edens
1036 5090 1252 5164 hujus,
1286 5091 1413 5148 etc.
1451 5101 1644 5163 quam
1682 5085 1929 5162 probat,
1965 5086 2171 5162 primo

634 5197 978 5274 exempto;
1027 5193 1323 5257 secundo
1381 5194 1658 5260 ratione,
1733 5208 1876 5271 quic
1955 5199 2176 5253 tamen

638 5321 766 5363 non
811 5302 1090 5364 habetur
1139 5301 1572 5365 communiter
1610 5301 1676 5361 in
1720 5300 2170 5380 originalibuS‚

293 5378 614 5509 ssjfff'm‘ffisssm
642 5411 762 5472 nisi
807 5411 1172 5472 inclioative
1220 5415 1488 5471 tantum.
1525 5408 1745 5470 Potest
1774 5419 1991 5471 autem
2025 5428 2176 5487 sup-

275 5503 421 5551 “‘'3‘'³
463 5527 596 5559 ⁰⁰³1-
647 5519 804 5594 pleri
835 5517 1238 5579 recurrendo
1272 5516 1517 5587 adina,
1564 5533 1703 5594 quae
1734 5515 1902 5579 dicta
1933 5519 2174 5578 suntin

275 5574 614 5689 ...gelant-...fb
640 5625 924 5705 capitulo
991 5621 1422 5704 praecedenti,
1476 5620 1828 5688 dividendo
1875 5623 2174 5687 ordinem

1782 412 1885 473 DE
1929 410 2171 473 PRIMO
2219 410 2603 475 PluNcwlO

2266 573 2762 652 dependentiae,
2798 574 2910 653 qui
2940 574 3106 634 alius
3128 577 3236 633 est
3265 572 3515 633 causati
3545 570 3632 632 ad
3663 587 3814 633 cau·
3838 599 4032 648 altus
4073 609 4237 645 cau-

2257 696 2422 750 sam,
2458 682 2622 743 alius
2656 681 2902 743 causati
2936 679 3325 757 posterioris
3354 677 3437 740 ad
3473 683 3816 740 causatum
3840 659 4240 785 “gffffl'g?

2256 789 2460 867 priuS.
2526 792 2707 851 Tunc
2750 791 3052 868 arguitur
3107 789 3199 850 sic
3251 807 3263 846 ε
3318 787 3371 848 si
3431 785 3808 864 oppositum
4035 790 4045 795 ’

2256 898 2452 977 hujus
2488 897 2929 960 conclusionis
2960 901 3145 958 esset
3186 911 3444 969 verum,
3485 910 3808 972 sequere-

2263 1009 2368 1066 tur
2424 1004 2601 1084 quod
2659 1006 2956 1066 membra
3021 1005 3196 1067 iltius
3273 1001 3613 1065 divisionis
3683 1017 3816 1064 nou

2259 1119 2743 1191 repugnarent,
2810 1114 2940 1175 imo
3001 1109 3484 1184 coinciderent,
3541 1116 3618 1171 ut
3646 1113 3828 1187 patet

2258 1222 2649 1299 speculanti.
2699 1223 2763 1282 Sl
2815 1221 3093 1282 volueris
3143 1218 3265 1280 alio
3310 1217 3510 1280 modo
3541 1217 3826 1279 formare

2261 1345 2432 1404 eam,
2476 1330 2733 1407 inquire
2784 1329 2976 1390 attius
3013 1328 3394 1391 Utinensem
3436 1324 3522 1388 ad
3568 1341 3811 1387 arcem.

2260 1438 2476 1499 Tertia
2525 1437 2859 1498 conclusio
2889 1434 2978 1498 ibi
3016 1453 3029 1494 :
3068 1433 3242 1497 Nihil
3274 1435 3578 1510 dependet
3610 1451 3817 1496 essen-

2260 1544 2528 1616 tialiter,
2579 1550 2708 1605 etc.
2745 1559 2947 1622 quam
2980 1543 3217 1620 probat
3247 1543 3406 1606 satis
3440 1538 3822 1604 efficaciter.

2347 1652 2600 1713 Deinde
2635 1653 2820 1731 ponit
2865 1656 3150 1730 quatuor
3192 1648 3661 1712 conclusiones
3695 1648 3820 1713 de·
4016 1642 4123 1693 ⁴5·

2264 1760 2604 1824 clarativas
2637 1760 3087 1822 membrorum
3141 1757 3373 1837 primae
3425 1755 3768 1818 divisionis
3805 1773 3820 1815 ε

2262 1885 2541 1948 quarum
2588 1869 2793 1946 prims
2841 1872 2943 1929 est
2993 1868 3079 1928 ibi
3118 1887 3130 1927 :
3169 1868 3306 1926 Non
3359 1883 3551 1927 omne
3600 1880 3820 1926 exces-

2263 1990 2431 2047 sum,
2480 1981 2607 2037 etc.
2640 1974 2754 2035 ubi
2795 1972 3088 2036 ostendit
3126 1972 3422 2034 membra
3468 1986 3601 2033 non
3635 1972 3819 2032 coin·

2267 2083 2519 2155 cidere,
2557 2086 2685 2145 imo
2716 2097 3094 2161 repugnare
3127 2085 3194 2142 et
3241 2081 3594 2159 separatim
3630 2094 3830 2156 repe-

2265 2191 2397 2263 riri,
2467 2206 2663 2268 quam
2729 2189 2965 2267 probat
3033 2205 3155 2250 suo
3214 2187 3438 2250 modo.
3512 2184 3827 2247 Secunda

2269 2295 2601 2358 conclusio
2661 2294 2745 2356 ibi
2800 2313 2812 2354 ε
2870 2297 3008 2357 Νοη
3065 2309 3251 2356 omne
3315 2293 3671 2369 dependens
3715 2299 3812 2352 est
3857 2313 4252 2366 spadum&

2268 2418 2620 2474 excessum,
2675 2409 2801 2464 etc.
2850 2416 2999 2480 quae
3042 2406 3144 2461 est
3199 2414 3520 2462 conversa
3566 2412 3816 2476 praece·

2268 2509 2485 2571 dentis
2542 2516 2609 2570 et
2662 2507 2965 2570 notabilis
3035 2506 3253 2574 valde.
3318 2521 3521 2583 quam
3570 2504 3812 2582 probat

2265 2617 2633 2694 ingeniose.
2680 2615 2896 2676 Tertia
2944 2615 3030 2675 ibi
3067 2633 3081 2674 :
3128 2615 3473 2689 Nunquam
3516 2611 3811 2689 plurale·-
3856 2612 4250 2665 conclusit.

2261 2731 2382 2794 tas,
2434 2730 2562 2784 etc.
2632 2739 2776 2802 qua:
2826 2725 2929 2782 est
2979 2719 3229 2782 famosa
3276 2720 3456 2797 apud
3497 2721 3820 2782 Aristote-

2264 2830 2394 2893 lem
2449 2833 2501 2893 l.
2550 2831 2880 2906 Phys-icor.
2942 2834 3101 2890 ceoec.
3165 2844 3331 2890 com.
3376 2829 3479 2890 50.
3542 2833 3609 2890 et
3664 2826 3833 2889 alibi

2265 2953 2472 3016 saepe,
2506 2941 2695 2999 etest
2720 2935 3111 3015 principium
3166 2934 3303 2996 rere
3359 2934 3707 3005 Scoticum,
3763 2932 3838 2992 in

2267 3063 2396 3125 qua
2429 3043 2720 3108 ostendit
2749 3043 3211 3108 sufficientiam
3242 3044 3414 3106 itlius
3467 3045 3682 3122 primae
3715 3040 3821 3101 di-

2265 3153 2554 3227 visioniS,
2630 3170 2824 3234 quam
2898 3153 3135 3233 probat
3190 3152 3506 3215 resolute.
3581 3151 3827 3216 Ultima

2269 3263 2602 3327 conclusio
2649 3268 2751 3323 est
2799 3263 3246 3341 comparativa
3294 3263 3490 3323 unius
3533 3261 3819 3322 membri

2267 3374 2494 3449 primae
2533 3370 2887 3440 divisioniS,
2934 3368 3021 3431 ad
3080 3386 3288 3431 unum
3319 3367 3637 3430 secundae
3669 3385 3829 3447 quae

2268 3480 2570 3542 notabilis
2616 3479 2808 3542 valde
2867 3484 2989 3552 est,
3051 3485 3340 3557 etquam
3388 3476 3832 3556 singularissi-

2269 3604 2376 3647 me
2422 3586 2729 3654 ostendit,
2768 3592 2834 3647 et
2880 3586 3125 3665 objicit,
3175 3592 3243 3647 et
3284 3585 3518 3646 solvit:
3568 3588 3634 3645 et
3684 3590 3819 3645 tota

2272 3694 2479 3756 littera
2534 3699 2635 3754 est
2682 3693 2837 3753 satis
2863 3694 3142 3754 sincera.
3193 3690 3495 3754 Pondera
3540 3692 3605 3752 in
3636 3690 3821 3752 solu·
3865 3684 4252 3735 conclusit}-

2273 3803 2449 3861 tione
2506 3800 2900 3879 objectionis
2965 3800 3050 3861 de
3131 3799 3478 3876 multiplici
3535 3799 3686 3867 tine,
3759 3804 3838 3860 ut

2270 3908 2437 3968 infra
2485 3911 2693 3986 magis
2727 3913 3029 3985 tangam.
3066 3905 3241 3967 etde
3279 3906 3572 3967 bonitate
3603 3906 3830 3966 multi·

2281 4014 2425 4096 plici
2485 4021 2692 4076 actus.
2743 4016 2971 4088 Quaere
3028 4014 3094 4073 in
3148 4015 3348 4089 prim.
3395 4013 3540 4074 ἀίει.
3607 4012 3701 4074 17.
3762 4018 3835 4074 et

2279 4130 2495 4202 quaesc.
2547 4121 2631 4183 de
2662 4120 2868 4198 praxi,
2917 4126 2985 4181 et
3029 4121 3095 4180 in
3139 4120 3199 4181 2.
3249 4120 3522 4182 distinet.
3566 4121 3626 4181 7.
3661 4125 3731 4182 et
3761 4123 3835 4181 in

2282 4232 2673 4311 quodlibeto,
2709 4236 2923 4307 quaest.
2963 4228 3058 4291 16.
3102 4230 3195 4290 17.
3232 4232 3299 4289 et
3326 4229 3420 4290 18.

2362 4339 2431 4398 In
2474 4336 2604 4399 fine
2636 4337 2900 4414 capituli
2946 4337 3213 4414 ponitur
3249 4336 3317 4397 in
3348 4335 3677 4415 aliquibus
3704 4338 3837 4397 ori·

2280 4445 2609 4527 ginalibus
2641 4443 2936 4524 quaedam
2963 4441 3237 4518 additio,
3273 4458 3423 4521 quae
3448 4444 3540 4504 sic
3563 4442 3833 4523 incipit:

2287 4558 2482 4616 Omne
2510 4552 3042 4614 eaecessumhabel
3065 4568 3356 4625 causam,
3392 4557 3516 4612 etc.
3549 4555 3614 4612 et
3634 4548 3842 4612 durat

2282 4677 2497 4739 usque
2557 4659 2641 4721 ad
2697 4657 2921 4729 finem,
2973 4676 3171 4739 quam
3207 4659 3429 4734 etiam,
3494 4661 3642 4737 quia
3692 4675 3836 4720 non

2287 4772 2426 4829 erat
2473 4769 2751 4828 multum
2804 4766 3190 4840 communis,
3247 4782 3373 4828 nec
3426 4768 3837 4838 necessaria,

2285 4875 2624 4938 omisimus
2657 4893 2672 4935 ε
2709 4890 2862 4934 nam
2892 4874 3059 4936 sicut
3088 4875 3462 4935 necessaria
3494 4875 3840 4943 omittere,

2284 4984 2369 5044 ita
2402 4998 2532 5043 non
2566 4983 2714 5044 talia
2756 4981 3005 5043 addere
3056 4981 3404 5042 videbatur
3436 4998 3554 5058 per
3584 4996 3837 5057 pecca·

2285 5097 2446 5153 tum.
2509 5092 2737 5151 Lector
2791 5106 2947 5152 vero
3008 5089 3211 5151 addat
3260 5090 3313 5149 si
3365 5091 3711 5155 invenerit.
3767 5097 3841 5153 et

2288 5199 2504 5258 omnia
2538 5195 2864 5258 subtiliter
2901 5196 3311 5273 ponderabit.

2358 5304 2532 5365 Circa
2563 5302 2727 5365 dicta
2750 5306 2813 5366 in
2840 5304 2962 5365 hoc
2992 5304 3287 5365 secundo
3320 5305 3534 5382 capite
3555 5312 3842 5380 possent
4000 5322 4100 5372 ω.

2290 5413 2469 5489 plura
2531 5413 2789 5489 inquiri,
2843 5417 2909 5471 et
2955 5417 3175 5472 contra
3237 5427 3314 5472 ea
3360 5412 3582 5491 objici.
3637 5412 3839 5474 etad

2287 5518 2638 5589 hominem,
2682 5525 2747 5581 et
2794 5518 2876 5579 ad
2927 5536 3066 5579 rem
3104 5537 3116 5577 ε
3154 5535 3361 5595 pauca
3413 5526 3631 5582 tamen
3684 5528 3836 5582 tan·

2287 5643 2460 5708 gam.
2530 5626 2738 5690 Primo
2782 5633 3014 5706 posset
3067 5626 3331 5706 inquiri,
3395 5642 3601 5707 quare
3650 5626 3847 5706 prius
