4252 6393
696 372 777 434 50
854 332 859 335 ’
1868 374 1988 436 me
2067 379 2109 439 ι.
2159 376 2706 443 Mssrssououun

694 530 1015 616 refiunt,
1061 537 1142 608 et
1172 531 1845 630 corrumpuntur,
1885 542 1972 611 ut
2007 541 2230 630 patet

688 669 835 740 per
874 651 1493 744 experientiam.

361 749 555 874 Opifigo
584 813 633 860 4·
774 770 1085 849 Quarta
1165 770 1438 862 opinio
1509 775 1657 852 est,
1726 772 1932 864 quod
1998 773 2229 845 calor

337 874 654 936 neretum.
682 889 1076 956 causatur
1128 906 1273 977 per
1330 891 1642 960 motum
1696 893 2034 982 propter
2095 912 2226 984 op-

682 998 992 1090 positas
1066 1001 1635 1077 inclinationes
1709 1010 2003 1078 motus.
2079 1008 2225 1077 Sed

682 1115 755 1187 id
788 1137 946 1188 non
998 1119 1344 1202 videtur,
1384 1121 1574 1213 quia
1625 1127 1816 1197 tunc
1852 1145 2223 1216 sequere-

681 1237 818 1307 tur
850 1236 1057 1326 quod
1099 1256 1348 1328 grave
1383 1239 1728 1333 simplex
1763 1262 1921 1315 non
1947 1247 2221 1335 posset

681 1350 1064 1425 calefieri.
1113 1360 1633 1448 Consequens
1667 1358 1991 1431 falsum.
2032 1363 2222 1434 Pro-

678 1462 924 1538 batur
987 1470 1596 1562 consequentia,
1681 1473 1870 1565 quia
1969 1494 2222 1565 grave

681 1578 1026 1674 simplex
1060 1607 1221 1660 non
1264 1586 1501 1663 habet
1558 1589 2022 1684 hujusmodi
2089 1615 2221 1688 op-

678 1699 991 1789 positas
1079 1703 1673 1778 inclinationes.
1748 1711 1849 1781 Et
1918 1709 2068 1784 hoc
2129 1712 2220 1783 de

682 1835 978 1906 pruno.

1166 2166 1600 2226 ARTICULUS
1647 2170 1717 2225 ΙΙ.

675 2418 1071 2507 Ᾱεείφιαιιιι·
1132 2422 1375 2487 veritas
1413 2421 1597 2489 modi
1634 2421 2095 2509 calefac-lionis
2135 2448 2218 2491 ea:

1158 2548 1335 2602 motu
1365 2538 1685 2623 corporis.

475 2780 523 2829 6.
766 2756 879 2829 De
922 2759 1265 2829 secundo
1335 2758 1745 2832 sciendum
1794 2765 1942 2841 est,
2009 2763 2213 2854 quol

328 2836 652 2954 Agssissss-'afss‘
677 2872 968 2965 duplex
1015 2878 1138 2947 est
1194 2880 1460 2948 motus
1532 2876 1845 2965 localis,
1892 2878 2214 2972 quidam

329 2965 484 3033 ‘’m'’
677 3011 861 3062 eum
898 3011 1191 3082 magna
1224 2992 1840 3076 confricatione,
1878 2999 1957 3068 et
1990 2996 2213 3068 colli-

674 3106 900 3179 sione
944 3108 1301 3202 partium
1343 3108 1564 3181 illius
1608 3112 1816 3203 quod
1839 3117 2214 3186 movetur

672 3225 766 3296 ad
808 3225 1136 3319 aliquod
1180 3226 1398 3298 aliud
1441 3227 1591 3301 sibi
1636 3229 2205 3323 propinquum.

672 3340 905 3415 Alter
940 3348 1064 3418 est
1099 3349 1367 3417 motus
1403 3345 1714 3427 localis,
1752 3346 1831 3418 in
1866 3370 2021 3439 quo
2048 3370 2208 3422 non

669 3459 760 3531 fit
830 3456 1291 3548 hujusmodi
1365 3458 1716 3543 collisio,
1805 3483 1942 3533 seu
2022 3486 2209 3537 con-

669 3573 1023 3647 fricatio.

322 3717 642 3830 δίοιὶοηξᾍ...
761 3690 1209 3762 Secundum
1244 3690 1393 3763 hoc
1433 3699 1847 3785 ponuntur
1887 3696 2207 3768 conclu-

322 3849 409 3889 Μ,
450 3841 640 3891 beau„
670 3808 978 3880 siones:
1034 3806 1311 3878 Prima
1351 3813 1502 3889 est,
1550 3810 1754 3901 quod
1794 3814 2062 3884 motus
2099 3811 2205 3881 lo-

318 3912 637 4015 {ffimfffiw
667 3926 860 3997 calis
912 3929 1035 3998 est
1086 3925 1557 3997 causativus
1627 3925 1953 3998 caloris.
2015 3928 2205 3999 Pro-

666 4042 908 4115 batur
940 4041 1497 4134 experientiis.
1538 4042 1838 4122 Primo,
1876 4044 2062 4134 quia
2093 4045 2205 4117 vi-

662 4161 937 4232 demus
981 4178 1216 4230 axem
1254 4164 1455 4232 rotae
1500 4159 1909 4250 quadrigae
1961 4181 2202 4252 quan-

660 4278 917 4370 doque
955 4297 1100 4369 per
1142 4281 1453 4351 motum
1514 4276 2032 4351 inflammari.
2073 4283 2200 4352 Se-

661 4394 944 4475 cunde,
992 4392 1357 4465 videmus
1410 4392 1722 4465 ferrum
1766 4394 2220 4468 molendini·

656 4509 885 4582 valde
930 4509 1241 4583 intense
1282 4509 1664 4582 calefieri.
1725 4512 2023 4595 Tertio,
2086 4514 2197 4585 vi-

655 4629 931 4700 demus
975 4628 1179 4719 quod
1214 4627 1281 4698 si
1316 4627 1711 4699 carbones
1756 4627 1990 4719 igniti
2036 4652 2195 4702 mo-

654 4751 1003 4820 veantur
1103 4766 1248 4838 per
1372 4766 1645 4818 aerem
1748 4747 2194 4821 intenditur

658 4861 893 4954 ignis.
960 4864 1294 4944 Quarto,
1350 4860 1712 4933 videmus
1757 4863 1961 4955 quod
2012 4884 2191 4935 can-

651 4980 827 5052 dela
867 4979 1229 5052 extincta.
1266 4999 1408 5070 per
1439 4999 1737 5060 aerem,
1777 4979 1845 5050 si
1883 5002 2191 5053 movea-

653 5102 793 5170 tur
846 5117 988 5188 per
1020 5116 1293 5168 aerem
1337 5094 1637 5168 iterum
1702 5095 2183 5172 incenditur.

652 5211 821 5282 Hoc
896 5214 1195 5301 p1·aete1·
1283 5209 1874 5301 experientiam
1958 5213 2189 5287 docet

648 5326 1137 5399 Aristoteles
1183 5325 1261 5395 in
1307 5326 1462 5397 isto
1502 5325 1792 5417 primo,
1824 5327 1957 5418 qui
1989 5328 2186 5402 dicit

649 5444 952 5536 quodsi
997 5443 1303 5534 sagitta
1342 5444 1704 5516 velocius
1765 5445 2186 5522 deferatur

647 5585 793 5657 per
835 5583 1132 5641 aerem,
1204 5559 1515 5653 liquefit
1558 5561 1969 5652 plumbum
2030 5565 2183 5636 cir·

2341 536 2865 610 cumveniens
2933 535 3222 629 ipsam.
3293 535 3390 606 Et
3469 522 3890 603 ad'istam

2342 652 2957 726 conclusionem
3010 649 3430 723 sufficiunt
3470 645 3890 740 experien-

2341 770 2502 852 tiae,
2561 770 2746 862 quia
2784 769 3150 842 rationes
3205 786 3362 839 non
3402 766 3742 858 possunt
3780 764 3887 835 in-

2343 888 2707 968 troduci;
2829 888 3000 958 ideo
3090 884 3284 958 dicit
3325 902 3330 905 ·
3397 880 3924 956 Aristoteles

2341 1003 2545 1094 quod
2578 1008 2703 1076 est
2763 1001 3202 1076 infirmitas
3249 999 3612 1091 <puellam
3635 1028 3638 1031 >
3660 996 3884 1069 intel-
3917 1046 3920 1051 -

2342 1120 2631 1193 lectus.
3565 1134 3566 1137 ’
3907 1136 3914 1143 ‘
4043 1172 4085 1222 7.

2400 1238 2756 1309 Secunda
2788 1236 3230 1317 conclusi0‚
3268 1232 3887 1327 quodconi'rica·
3952 1238 4170 1351 etQ-2·

2335 1353 2478 1435 tio,
2537 1376 2677 1426 seu
2721 1353 3043 1427 collisio
3094 1352 3457 1447 partium
3501 1353 3883 1444 corporis

2339 1471 2542 1545 moti
2603 1471 2700 1543 ad
2762 1476 3039 1563 partes
3109 1468 3489 1561 corporis
3561 1469 3884 1561 propin-

2336 1587 2496 1678 qui,
2549 1593 2674 1661 est
2729 1587 3077 1680 praecisa
3121 1606 3370 1659 eausa.
3420 1605 3673 1676 quare
3722 1607 3882 1657 mo·

2334 1707 2467 1777 tus
2510 1708 2800 1777 causat
2848 1704 3241 1782 calorem,
3288 1707 3367 1775 et
3410 1699 3560 1773 hoc
3597 1722 3744 1793 per
3787 1701 3882 1773 is·
3942 1796 3948 1803 ι

2334 1823 2509 1893 tum
2556 1823 2895 1899 motum,
2953 1818 3142 1911 quia
3196 1839 3338 1912 per
3390 1818 3639 1892 talem
3699 1838 3882 1889 con·

2331 1934 2853 2009 fricationem
2923 1935 3282 2029 partium
3367 1935 3881 2007 diversorum

2332 2073 2778 2145 corporum
2805 2054 3098 2146 aliquze
3137 2058 3416 2146 partes
3453 2073 3539 2123 ra
3556 2054 3873 2133 renunt,

2330 2175 2411 2243 et
2446 2169 2539 2240 ad
2577 2168 2925 2244 istorum
2964 2170 3496 2243 resactionem
3530 2174 3723 2244 nata
3755 2173 3877 2242 est

2328 2285 2715 2378 consequi
2738 2286 3136 2368 caliditas,
3177 2290 3264 2359 ut
3297 2286 3472 2359 vult
3496 2286 3876 2358 Albertus

2325 2427 2526 2492 snper
2556 2407 2681 2472 isto
2703 2408 2952 2493 prium),
2992 2403 3204 2477 Sicut
3237 2403 3625 2483 videmus,
3664 2401 3875 2475 Sicut

2331 2523 2553 2611 patet
2580 2517 2657 2591 in
2685 2521 3211 2612 percussione
3232 2519 3580 2614 alicujus
3605 2519 3699 2590 ad
3724 2520 3876 2590 fer-

2333 2656 2537 2709 rum.
2595 2638 3005 2711 Probatur
3050 2638 3659 2730 consequentia,
3712 2638 3873 2730 pri·

2330 2773 2486 2834 mo,
2516 2754 2698 2846 quia
2729 2755 2888 2827 nisi
2920 2755 3416 2829 confricatio
3440 2759 3659 2827 esset
3691 2775 3872 2827 cau-

2329 2890 2416 2941 sa
2444 2870 2633 2943 talis
2659 2871 2988 2953 caloris,
3017 2877 3500 2964 sequeretur
3524 2872 3730 2963 quod
3756 2869 3871 2945 sic

2325 3005 2486 3058 non
2543 2993 2760 3062 esset
2811 2989 3329 3070 confricatio,
3397 2988 3528 3060 sed
3593 2987 3865 3059 omnia

2325 3123 2680 3196 corpora
2733 3110 3261 3179 moverentur
3306 3105 3674 3199 partibus
3735 3103 3868 3176 ha·

2323 3220 2696 3316 bentibus
2763 3222 3130 3294 eumdem
3186 3223 3434 3296 situm
3505 3223 3598 3294 ad
3670 3222 3864 3294 invi-

2322 3358 2522 3416 cem,
2563 3337 2751 3430 quia
2786 3338 3039 3410 adhuc
3085 3359 3228 3431 per
3283 3345 3595 3414 motum
3637 3359 3865 3428 gene·

2325 3458 2659 3527 raretur
2690 3455 2944 3527 calor.
2984 3459 3502 3549 Consequens
3535 3455 3859 3537 falsum,

2323 3571 2510 3661 quia
2546 3569 2614 3643 si
2668 3570 2847 3643 axis
2910 3575 3113 3645 rotae
3174 3572 3588 3665 quadrigae
3647 3577 3865 3646 esset

2318 3689 2528 3760 fixus
2572 3688 2911 3770 circulo,
2953 3689 3088 3781 qui
3124 3710 3371 3782 super
3400 3689 3665 3782 ipsum
3697 3692 3861 3763 vol·

2317 3805 2566 3884 vitur.
2617 3825 2776 3878 non
2844 3805 3281 3888 calefieret,
3346 3806 3476 3878 sed
3538 3806 3860 3880 confor-

2320 3925 2566 3998 miter
2599 3930 3093 4008 moveretur,
3130 3926 3316 3999 dato
3361 3927 3565 4018 quod
3597 3930 3860 4002 totum

2318 4046 2792 4116 moveretur
2829 4046 3054 4115 motu
3086 4043 3387 4115 veloci:
3426 4064 3571 4115 nec
3605 4043 3764 4116 etia
3783 4066 3857 4116 m

2315 4157 2627 4230 ferrum
2720 4158 3156 4230 molendini
3246 4160 3693 4242 calefieret,
3789 4160 3858 4233 si

2313 4277 2856 4352 conformiter
2925 4282 3397 4351 moveretur
3455 4300 3640 4350 cum
3711 4278 3856 4370 lig-

2312 4417 2441 4478 no,
2488 4395 2585 4467 ad
2628 4394 2832 4487 quod
2863 4393 3405 4469 confricatur.

2400 4509 2781 4590 Secundo,
2855 4509 3013 4582 nisi
3068 4510 3562 4586 confricatio
3635 4517 3854 4587 esset

2308 4647 2584 4706 causa,
2642 4632 3122 4719 sequeretur
3165 4628 3373 4721 quod
3419 4633 3696 4721 partes
3741 4629 3853 4701 in-

2311 4741 2663 4815 teriores
2696 4743 3074 4836 corporis
3107 4744 3486 4820 calefacti
3521 4747 3664 4838 per
3686 4764 3851 4816 mo·

2307 4869 2481 4938 tum
2553 4864 3045 4939 calefierent.
3119 4871 3634 4960 Consequens
3706 4869 3850 4944 sal·

2305 4988 2506 5061 tum,
2556 4981 2713 5053 nisi
2773 4981 2923 5053 hoc
2968 4982 3217 5057 fuerit
3285 5002 3383 5055 ex
3444 4990 3841 5078 sequenti,

2305 5100 2420 5174 sic
2466 5100 2671 5192 quod
2718 5105 2991 5192 partes
3020 5098 3479 5176 exteriores
3503 5106 3844 5180 calefac-

2303 5220 2405 5288 tm.
2438 5213 2923 5288 calefaciant
2983 5214 3447 5296 interiores,
3512 5221 3592 5289 et
3671 5217 3846 5290 ideo

2303 5336 2579 5424 partes
2653 5331 3092 5404 interiores
3168 5332 3346 5404 axis
3408 5354 3568 5405 non
3633 5336 3840 5407 eale-

2297 5451 2525 5530 fiunt,
2600 5453 2688 5521 ut
2749 5452 2973 5540 patet
3027 5469 3172 5541 per
3211 5448 3833 5542 experientiam.

2299 5564 2706 5638 Probatur
2737 5565 3343 5657 consequentia,
3382 5565 3566 5658 quia
3610 5588 3840 5661 aeque
