4252 6393
461 1961 549 2014 30.

410 2027 498 2076 Aa
524 2026 577 2077 5.

408 3238 498 3286 Aa
524 3235 579 3288 6.

708 386 825 450 478

699 548 1220 638 operandum,
1296 552 1568 622 tamen
1618 545 2070 620 elicitivum
2120 567 2247 618 ae-

698 667 829 737 tus
863 669 987 738 est
1020 664 1479 738 substantia
1508 683 1667 736 non
1700 664 1791 736 de
1825 685 1934 744 se,
1983 664 2115 735 sed
2160 667 2247 737 ut

696 781 1057 856 existens
1093 781 1237 852 sub
1287 782 1610 855 ratione
1652 784 2098 873 respectus.
2147 783 2248 853 Et

697 896 892 970 illud
952 919 1339 991 expresse
1418 901 1643 991 patet
1703 898 1783 970 in
1869 895 2244 989 personis

695 1016 1012 1099 diviniS,
1080 1036 1255 1107 quae
1315 1036 1461 1108 per
1524 1013 1967 1087 relationes
2018 1033 2245 1086 cons-

696 1132 1148 1214 tituuntur,
1225 1137 1314 1205 ut
1385 1131 1939 1204 communiter
2024 1135 2245 1204 tene—

700 1253 861 1331 tur,
934 1253 1013 1328 et
1066 1252 1339 1322 tamen
1384 1248 1827 1322 relationes
1860 1268 2022 1320 non
2056 1251 2245 1321 sunt

701 1386 846 1457 per
914 1387 997 1437 se
1069 1365 1561 1458 principium
1635 1365 2044 1456 operandi,
2116 1364 2244 1437 vel

701 1483 1131 1565 terminuS,
1180 1483 1311 1558 sed
1361 1482 1539 1576 ipsa
1609 1481 2028 1574 producta,
2104 1503 2243 1555 seu

697 1600 1163 1693 supposita;
1228 1601 1478 1678 etiam
1534 1599 1897 1692 potentia
1947 1601 2244 1672 eonsti-

700 1719 878 1789 tuta
912 1715 1338 1797 relatione,
1376 1718 1499 1787 est
1535 1713 2026 1805 principium
2064 1735 2243 1807 ope-

698 1831 952 1915 randi,
1000 1851 1160 1904 non
1203 1831 1374 1923 ipse
1420 1835 1865 1923 respectus.

785 1950 898 2021 Ad
959 1949 1332 2041 quintum
1397 1949 1601 2029 dico,
1667 1948 1875 2039 quod
1943 1946 2241 2020 falsum

693 2069 843 2148 est,
883 2066 1245 2157 quinimo
1281 2063 1582 2137 diversi
1616 2066 2035 2156 respectus
2072 2080 2242 2132 rea-

664 2181 810 2253 -les
872 2186 1311 2255 sumuntur
1362 2182 1442 2254 in
1501 2181 1778 2254 eadem
1834 2178 2236 2259 realitate,

695 2298 827 2370 sed
868 2318 1030 2371 non
1078 2301 1455 2390 respectu
1500 2294 1763 2376 uniuS,
1812 2295 1944 2366 sed
1985 2293 2239 2365 diver·

695 2434 1003 2496 sorum,
1052 2418 1139 2487 ut
1191 2433 1441 2506 supra
1482 2411 1843 2483 eamdem
1894 2429 2238 2481 numero

695 2528 1193 2611 albedinem,
1261 2525 1710 2601 similitudo
1761 2528 1842 2598 et
1892 2523 2238 2597 dissimi-

695 2644 974 2727 litud0,
1033 2645 1168 2737 qui
1228 2649 1416 2717 sunt
1464 2641 1764 2716 diversi
1822 2643 2239 2733 respectus

697 2766 987 2847 reales,
1046 2786 1395 2858 quorum
1450 2764 1787 2836 realitas
1846 2761 2001 2834 etsi
2046 2760 2154 2834 sit
2195 2781 2241 2832 a

695 2881 1083 2973 subjecto,
1128 2881 1562 2955 diversitas
1632 2884 1903 2954 tamen
1963 2881 2086 2951 est
2140 2899 2239 2951 ex

698 2997 974 3071 ordine
1017 2998 1109 3069 a‘l
1154 2997 1509 3080 diversa,
1575 2997 1692 3069 sic
1751 2999 1875 3067 est
1927 2993 2006 3065 in
2059 3014 2241 3085 pro-

697 3113 992 3207 posite.

785 3231 898 3303 Ad
946 3233 1292 3313 sextum,
1350 3229 1556 3321 quod
1620 3227 1686 3299 si
1737 3246 2048 3317 organa
2099 3226 2242 3297 ho-

696 3347 939 3419 minis
986 3346 1521 3440 accipiantur,
1569 3348 1655 3418 ut
1705 3343 2242 3436 perficiuntur

696 3464 774 3536 in
807 3489 943 3534 esse
982 3464 1250 3557 primo
1300 3484 1348 3536 a
1408 3461 1868 3535 substantia
1916 3459 2234 3538 animae,

692 3580 806 3654 sic
848 3602 1007 3653 non
1039 3580 1423 3654 differunt
1456 3579 1671 3653 inter
1704 3600 1811 3660 se,
1851 3577 2063 3651 sicut
2094 3596 2238 3648 nec

690 3697 964 3770 anima
1024 3698 1102 3770 in
1146 3696 1682 3778 informando,
1748 3695 1880 3767 sed
1941 3714 2099 3764 uno
2159 3695 2239 3765 et

687 3812 963 3884 eodem
997 3814 1332 3903 aspectu
1369 3809 1703 3903 respicit
1738 3828 1856 3890 ea,
1896 3807 2039 3879 sub
2079 3826 2239 3877 uno

688 3932 768 4002 et
818 3929 1093 4001 eodem
1176 3928 1429 4019 gradu
1492 3923 2084 4018 complexionis
2161 3926 2241 3996 et

690 4051 1332 4133 commixtioniS,
1380 4056 1465 4125 ut
1527 4050 1769 4143 paulo
1831 4052 2073 4122 antea
2128 4045 2239 4118 vi-

694 4199 873 4250 sum
914 4182 1063 4251 est.
1115 4177 1196 4251 Si
1247 4180 1522 4249 autem
1565 4174 2102 4267 accipiantur,
2153 4179 2241 4248 ut

695 4304 1235 4397 perficiuntur
1305 4302 1402 4374 ab
1471 4301 1767 4383 anima,
1853 4305 2239 4392 tanquam

694 4430 1333 4505 instrumentum
1400 4428 1928 4519 conjunctum
1981 4447 2029 4499 a
2072 4447 2242 4498 mo-

694 4563 901 4639 tore,
951 4558 1035 4628 ut
1088 4558 1276 4629 sunt
1338 4554 1597 4626 media
1651 4553 2060 4646 operandi,
2128 4574 2241 4625 se-

693 4683 1040 4757 cundum
1088 4702 1325 4773 quem
1377 4680 1700 4752 modum
1754 4678 2087 4771 proprie
2136 4677 2242 4751 di-

694 4813 1393 4899 cunturorgana,
1457 4805 1573 4878 sic
1625 4805 1841 4878 inter
1894 4826 1976 4876 sc
2029 4803 2244 4877 diffe-

696 4936 915 5015 runt,
963 4934 1049 5005 ut
1103 4932 1266 5006 sint
1321 4930 1599 5003 mediae
1663 4929 2244 5021 proportiones

697 5056 1230 5130 sensibilium.
1315 5058 1417 5128 Et
1493 5054 1654 5126 isto
1735 5054 1969 5126 modo
2046 5053 2246 5124 bene

703 5181 1142 5263 concludis,
1180 5179 1389 5273 quod
1435 5180 1763 5270 oportet
1826 5176 2034 5268 quod
2079 5174 2245 5246 ani·

702 5329 835 5382 ma
877 5308 983 5381 sit
1023 5307 1373 5388 diversa,
1411 5309 1500 5379 ut
1533 5303 1855 5398 perficit
1887 5323 1980 5375 ea
2016 5328 2031 5385 ;
2070 5322 2247 5396 per-

702 5435 871 5510 ficit
904 5431 1120 5506 enim
1160 5453 1257 5505 ea
1300 5432 1457 5504 isto
1512 5430 1744 5503 modo
1792 5430 1873 5502 in
1926 5429 2249 5502 ratione

706 5560 1115 5659 potentia),
1165 5579 1341 5653 quae
1375 5556 1594 5631 ratio
1627 5561 1753 5630 cst
1792 5557 2116 5630 diversa
2169 5556 2251 5627 in
2362 5558 2704 5630 cundum
2792 5558 3260 5633 Anselmum
3330 5564 3375 5644 *,

1884 387 1986 450 DE
2029 386 2294 451 RERUM
2336 386 2721 453 PRINCIPIO

2359 547 2704 620 diversis
2768 549 3127 641 organis,
3182 556 3265 625 et
3326 551 3628 627 sufficit
3694 556 3874 645 quod

2361 663 2468 736 sit
2510 664 2617 736 ibi
2649 665 3086 740 diversitas
3123 667 3493 741 relativa.

2448 780 2560 851 Ad
2631 781 3101 873 septimum,
3174 783 3592 856 dicendum
3696 784 3879 876 quod

2360 896 2455 966 ad
2489 898 3044 972 reductionem
3089 899 3508 974 inferioris
3542 903 3637 974 ad
3679 922 3879 994 supe-

2363 1009 2557 1092 rius,
2619 1017 2699 1087 et
2761 1014 3220 1107 imperfecti
3273 1017 3367 1089 ad
3424 1016 3878 1108 perfectum,

2358 1131 2824 1204 necessaria
2851 1136 3035 1205 sunt
3062 1133 3345 1215 media,
3375 1139 3462 1208 ut
3490 1136 3878 1225 arguitur,

2358 1244 2489 1316 sed
2531 1266 2690 1317 non
2733 1268 2877 1339 per
2910 1249 3170 1321 media
3210 1249 3294 1320 in
3344 1251 3771 1330 causando,
3807 1255 3883 1322 ut

2358 1364 2699 1447 scilicet,
2736 1366 2877 1438 illa
2913 1367 3171 1440 media
3215 1367 3378 1441 sint
3420 1387 3667 1440 causa
3709 1367 3884 1439 infe-

2359 1480 2719 1564 riorum,
2785 1504 2960 1574 quae
3026 1486 3525 1558 reducuntur
3575 1504 3719 1576 per
3754 1505 3881 1567 ea,

2359 1595 2491 1666 sed
2534 1597 2797 1668 solum
2846 1602 3033 1672 sunt
3088 1599 3346 1672 media
3395 1605 3738 1682 naturae,
3784 1623 3886 1673 se·

2355 1712 2698 1784 cundum
2743 1714 2949 1805 quod
2981 1714 3176 1788 dicit
3218 1719 3833 1790 Commentator
3867 1724 3926 1742 ··

2353 1827 2443 1897 de
2485 1828 2795 1908 Causis,
2862 1829 3068 1920 quod
3120 1832 3335 1902 Deus
3383 1834 3695 1905 creavit
3737 1832 3889 1904 ani-

2358 1961 2572 2012 mam
2629 1942 3027 2016 mediante
3082 1945 3659 2036 Intelligentia‚
3717 1947 3890 2040 quia

2356 2057 2667 2130 scilicet
2714 2059 3266 2150 Intelligentia
3301 2066 3519 2137 tenet
3555 2065 3889 2136 medium

2354 2177 2693 2267 gradum
2766 2178 2981 2251 inter
3030 2179 3387 2251 animam
3449 2184 3529 2254 et
3588 2183 3890 2261 Deum;

2356 2291 2472 2363 sie
2552 2292 2924 2365 accidens
2985 2294 3239 2366 fluens
3320 2298 3742 2370 reducitur
3806 2298 3893 2369 ad

2356 2409 2902 2482 substantiam
2993 2412 3392 2485 mediante
3489 2414 3894 2490 accidente

2357 2530 2906 2618 permanente,
2951 2549 3111 2600 non
3171 2530 3641 2614 causaliter,
3708 2532 3890 2624 quia

2354 2642 2814 2715 substantia
2901 2643 3364 2718 immediate
3440 2651 3566 2720 est
3652 2666 3893 2719 causa

2354 2759 2700 2853 alicujus
2779 2765 3035 2834 actus.

2443 2874 2555 2946 Ad
2599 2878 2975 2947 octavum
3015 2874 3458 2959 dicendum,
3515 2879 3724 2970 quod
3768 2876 3891 2949 ubi

2353 2993 2724 3061 extrema
2759 2989 3099 3062 realiter
3140 2996 3329 3064 sunt
3377 2996 3741 3085 accepta,
3777 2992 3893 3064 be-

2353 3126 2450 3177 ne
2499 3104 3013 3180 concluditur
3088 3109 3294 3200 quod
3371 3111 3717 3183 medium
3777 3113 3896 3182 est

2356 3222 2620 3313 magis
2673 3244 2945 3305 unum,
2995 3229 3074 3297 et
3135 3225 3340 3298 idem
3401 3248 3585 3299 cum
3648 3226 3898 3319 quoli-

2351 3340 2507 3421 bet,
2555 3360 2796 3433 quam
2842 3340 2983 3412 illa
3023 3341 3240 3416 inter
3280 3366 3389 3428 se,
3445 3345 3655 3419 sicut
3720 3345 3902 3419 cali·

2351 3456 2561 3529 ditas
2623 3461 2747 3530 est
2807 3458 3154 3530 medium
3210 3459 3426 3533 inter
3493 3462 3766 3552 ignem
3826 3465 3902 3533 et

2352 3572 2996 3660 calefactionem,
3040 3579 3121 3648 et
3164 3576 3427 3666 magis
3471 3577 3675 3650 idem
3720 3599 3901 3653 eum

2356 3688 2564 3779 igne.
2645 3688 2794 3760 Ubi
2871 3694 3145 3763 autem
3223 3711 3383 3763 non
3462 3701 3904 3769 sumuntur

2355 3804 2719 3887 realiter,
2761 3806 2893 3878 sed
2936 3806 3140 3879 idem
3174 3811 3605 3882 secundum
3647 3811 3904 3885 diver-

2355 3941 2486 3991 sas
2563 3921 3113 4012 acceptiones,
3188 3926 3406 3996 tenet
3488 3926 3902 4000 rationem

2351 4040 2941 4118 extremorum,
2980 4037 3192 4111 sicut
3241 4044 3364 4113 est
3409 4041 3489 4112 in
3531 4043 3903 4135 proposi·

2352 4154 2437 4224 to
2495 4150 2588 4223 de
2651 4151 3110 4225 substantia
3164 4154 3456 4226 animae
3498 4158 3576 4228 et
3624 4162 3905 4249 poten-

2352 4269 2491 4350 tia,
2546 4269 2737 4342 illud
2788 4276 2912 4345 est
2956 4272 3277 4356 falsum,
3326 4275 3514 4365 quia
3548 4278 3904 4349 medium

2356 4385 2434 4456 in
2467 4384 2615 4456 tali
2650 4387 3118 4478 acceptione
3153 4392 3273 4461 est
3322 4410 3451 4461 res
3495 4391 3766 4464 altera
3809 4392 3907 4464 ab

2354 4503 2620 4576 altero
2665 4506 3070 4585 extremm
3117 4509 3572 4579 extremum
3627 4514 3906 4582 autem

2354 4643 2513 4695 non
2563 4623 2722 4695 nisi
2792 4626 3226 4697 secundum
3301 4628 3736 4701 rationem.
3807 4633 3907 4702 Et

2356 4740 2505 4814 hoc
2559 4744 2778 4833 patet
2825 4743 3253 4817 manifeste
3302 4745 3486 4817 dum
3532 4748 3909 4838 potentia

2358 4879 2442 4929 se
2495 4857 2906 4949 intelligit,
2974 4859 3078 4931 ibi
3141 4860 3355 4933 enim
3408 4882 3567 4935 non
3630 4867 3908 4956 potest

2356 4974 2641 5064 negari
2714 4973 2960 5047 realis
3042 4973 3420 5049 identitas
3497 4984 3907 5054 extremo·

2360 5111 2567 5174 rum,
2620 5096 2700 5165 et
2771 5095 3040 5164 tamen
3102 5094 3446 5166 medium
3528 5100 3738 5189 quod
3781 5104 3910 5172 est

2360 5212 2589 5281 actus
2624 5207 3145 5299 intelligendi,
3187 5210 3525 5285 realiter
3552 5211 3828 5287 differt
3863 5233 3911 5284 a

2361 5323 2750 5416 potentia.
3995 5349 4133 5405 Λᾶς.

2452 5441 2564 5513 Ad
2596 5460 2898 5512 nonum
2941 5445 3479 5534 respondetur
3528 5449 3736 5538 quod
3791 5433 4189 5556 sci-mu&

3467 5564 3601 5655 qui
3679 5565 3904 5647 dicit,
3931 5564 3981 5614 '⁷-

3949 791 4014 841 Aa
4033 792 4071 841 Ἰ.

3937 1735 4083 1787 propos.
4095 1722 4128 1770 5.

4012 2887 4073 2936 31.

3971 2951 4040 3001 Aa
4064 2948 4098 2997 8.
