4252 6393
572 459 690 521 744

566 621 860 694 unione
896 621 1273 702 efficitur,
1318 622 1396 692 et
1431 621 1695 692 totum
1736 618 2115 692 efficitur.

650 741 953 810 Verum
1045 740 1168 811 est
1242 738 1521 829 igitur,
1605 738 1809 830 quod
1851 755 2121 809 causae
2234 735 2555 807 efficere
2599 736 3135 808 mutationem
3191 733 3570 827 praecedit
3613 731 3786 803 sine

207 837 539 898 Explicatur

226 910 523 949 cansarum

211 961 340 1011 ordo
369 967 415 1006 et
437 959 524 1019 ef-

240 1023 510 1086 ficieneia.

564 855 1045 928 extrinsecae
1109 856 1565 948 praecedant
1603 854 2119 927 intrinsecas

571 970 761 1062 quia
820 974 1161 1044 causant
1213 969 1776 1043 causationem
1843 966 2123 1040 11111111-

572 1107 843 1161 secam
879 1088 1057 1160 :sed
1104 1088 1561 1180 praecedunt
1610 1086 1686 1157 in
1720 1084 2123 1158 causando

570 1208 999 1281 causatum
1041 1226 1490 1286 commune,
1520 1204 1708 1298 quia
1741 1204 1911 1276 sine
1944 1223 2125 1276 con-

567 1323 1052 1397 tradictione
1111 1322 1183 1395 id
1227 1322 1331 1395 sit
1389 1323 1786 1400 effectum,
1830 1327 1910 1395 et
1969 1339 2126 1391 11011
2241 1322 2445 1413 quod
2507 1324 2629 1393 est
2702 1321 3247 1395 contradictio
3311 1320 3389 1392 in
3460 1339 3787 1413 separa-

576 1440 653 1512 in
690 1443 870 1513 actu
904 1438 1335 1531 :quuendo
1370 1440 1650 1509 nonde
1685 1435 2120 1516 communi,

578 1558 710 1628 scd
750 1558 840 1630 de
891 1556 1042 1628 hoc
1085 1555 1394 1636 effecto,
1435 1555 1639 1648 quod
1672 1574 1825 1626 non
1888 1557 2011 1625 est
2048 1553 2126 1623 in

581 1678 766 1747 actu
810 1673 968 1745 nisi
1031 1694 1174 1766 per
1220 1672 1594 1752 sormam,
1646 1671 1895 1742 etiam
1967 1690 2126 1741 non

585 1793 850 1886 potest
886 1791 1056 1862 sine
1088 1789 1731 1864 contradictione
1765 1807 2129 1861 055011111-

583 2045 1006 2109 converse,
1044 2025 1232 2118 quia
1262 2025 1485 2096 nulla
1523 2045 1710 2118 pars
1745 2024 1920 2096 sola
1951 2042 2130 2096 eon-

586 2143 830 2216 sistit.
886 2144 1177 2215 Totum
1240 2142 1495 2233 igitur
1556 2141 1633 2212 in
1695 2161 1988 2231 genere
2032 2139 2130 2211 si-

589 2261 755 2332 mul
826 2262 1183 2351 quatuor
1251 2279 1517 2332 causae
1578 2262 1940 2337 causant,
2018 2258 2134 2330 ita

591 2376 797 2469 quod
831 2381 955 2450 est
987 2375 1527 2448 contradictio
1575 2374 1649 2446 in
1686 2373 2134 2465 separatio-

591 2512 689 2564 ne
747 2490 1313 2566 causationum
1375 2491 1858 2569 aetivarum,
1926 2489 2134 2561 sicut

596 2609 1136 2702 passivarum.
1174 2611 1469 2680 Tamen
1505 2609 1692 2690 ista,
1740 2628 1913 2699 quze
1949 2608 2134 2678 sunt

596 2747 884 2808 causae,
910 2726 1201 2798 habent
1232 2725 1593 2797 ordinem
1619 2723 2131 2795 eminentem.

600 2843 996 2918 Similiter
1029 2841 1485 2915 causationi
1544 2842 1892 2914 aliarum
1937 2861 2137 2934 prze-

599 2960 1089 3053 supponitur
1150 2958 1343 3031 ordo
1403 2956 1957 3047 dependentife,
2013 2956 2137 3028 vel

602 3077 809 3149 alius
866 3076 1086 3157 ordo,
1144 3075 1451 3147 seilicet
1509 3075 1800 3168 objecti
1863 3075 1956 3147 ad
2013 3095 2141 3167 po-

601 3192 941 3268 tentiam
979 3220 993 3263 2
1049 3191 1257 3265 sicut
1303 3192 1758 3266 causationi
1800 3191 2143 3264 efficien-

601 3311 709 3383 tis
743 3310 1408 3404 prfesupponitur
1432 3311 1639 3382 velle
1673 3310 1935 3391 finem,
1966 3330 2147 3383 cau-

605 3425 904 3498 sationi
978 3425 1612 3498 intrinsecarum
1687 3445 2148 3517 praesuppo-

603 3542 831 3615 nitur
871 3538 1252 3621 efficiens,
1313 3541 1498 3633 quia.
1555 3540 1723 3612 unit
1766 3544 1843 3613 et
1909 3539 2151 3611 simul

604 3660 889 3730 causat
912 3655 1468 3728 causationem
1501 3656 1871 3728 istarum.
1899 3660 2154 3738 Quan—

604 3772 699 3843 do
779 3771 1034 3862 igitur
1103 3771 1508 3861 arguitur,
1612 3771 1817 3863 quod
1888 3792 2155 3843 causae

607 3893 793 3963 sunt
876 3888 1292 3970 ordinatae,
1359 3889 1546 3980 quia
1620 3889 1822 3962 tales
1869 3910 2158 3982 propo-

607 4006 947 4079 sitiones
980 4007 1551 4090 conceduntur,
1587 4011 1744 4095 quia
1777 4009 1948 4089 volo,
2015 4010 2161 4074 idco

606 4149 755 4214 ayo,
858 4122 1006 4195 hoc
1110 4143 1266 4194 non
1360 4123 1704 4205 videtur,
1782 4127 1867 4195 ut
1941 4124 2161 4214 patet

609 4258 884 4332 supra.

707 4356 1072 4429 Ulterius
1131 4377 1314 4428 cum
1374 4356 1696 4437 dicitur,
1758 4356 1944 4448 quia
2003 4356 2164 4428 efii-

627 4476 844 4548 ciens
866 4473 1139 4555 efficit,
1176 4472 1346 4545 ideo
1383 4473 1732 4546 materia
1769 4477 2161 4557 mutatur,

627 4612 789 4663 non
819 4594 942 4664 est
980 4611 1293 4673 verum,
1341 4591 1525 4682 quia
1559 4591 1806 4664 officit
1869 4591 2163 4681 ignem,

628 4709 760 4780 sed
803 4708 986 4800 quia
1037 4708 1285 4782 eflicit
1332 4710 1864 4781 mutationem
1923 4711 2167 4780 mate·

625 4824 819 4897 riae:
884 4826 961 4895 01
1010 4826 1103 4897 ad
1147 4824 1295 4896 hoc
1342 4825 1534 4897 illud
1595 4829 1716 4898 est
1769 4845 2168 4916 exponen-

619 4941 829 5021 dum,
877 4940 1064 5031 quia
1107 4940 1347 5011 simul
1411 4960 1606 5011 vera
1660 4944 1844 5011 sunt
1913 4946 2167 5013 muta-

619 5057 925 5130 tionem
977 5056 1323 5138 efficere,
1388 5059 1540 5128 010
1592 5060 1877 5128 contra
1924 5057 2164 5141 eflici,

623 5174 752 5246 sed
789 5173 1454 5267 praeintolligitur
1498 5173 1788 5246 relatio
1827 5174 1901 5244 in
1937 5194 2170 5263 agen-

624 5296 701 5364 te
746 5294 1082 5383 propter
1138 5291 1657 5383 prioritatem
1712 5290 2172 5362 fundamen-

626 5407 714 5479 ti.
743 5408 959 5480 Unde
991 5406 1118 5479 hic
1152 5413 1275 5480 051
1302 5426 1609 5487 50115115,
1640 5427 1785 5499 per
1815 5407 2172 5480 efficiens

631 5523 976 5596 materia
1019 5528 1389 5596 mutatur
1432 5550 1444 5592 :
1487 5522 1618 5594 ubi
1682 5524 1890 5596 510111
1922 5523 2174 5596 efiice-

634 5661 720 5713 re
790 5640 1054 5733 ignem
1124 5659 1282 5711 non
1346 5638 1727 5733 praecedit
1798 5642 2176 5725 mutatio-

1743 459 1845 520 DE
1889 458 2131 520 PRIMO
2178 454 2566 520 PRINCIPIO

2234 639 2417 690 nem
2480 618 2652 690 sine
2721 618 3391 697 contradictione,
3457 617 3570 689 ita
3639 637 3783 687 nec

2236 852 2905 925 contradictione.
2979 852 3257 928 Omnis
3325 851 3577 942 igitur
3619 850 3788 922 sive

2237 969 2329 1040 ad
2372 969 2944 1062 compositum,
2974 969 3142 1041 sive
3174 969 3270 1040 ad
3306 967 3790 1041 relationem

2241 1086 2599 1179 partium
2678 1086 2889 1160 inter
2968 1108 3074 1169 se,
3137 1086 3264 1159 vel
3341 1085 3435 1157 ad
3494 1088 3786 1164 10111111,

2242 1204 2531 1288 01111115,
2570 1204 2924 1295 inquam,
2969 1209 3093 1277 est
3129 1204 3370 1276 simul
3405 1223 3626 1284 vera,
3676 1203 3790 1275 ita

2235 1437 2482 1510 tione.

2331 1554 2687 1625 Contra:
2736 1570 3005 1624 causae
3041 1570 3197 1621 non
3262 1551 3578 1624 tantum
3632 1568 3791 1620 non

3971 1548 4075 1597 3⁸).

3864 1615 3963 1663 An
3998 1611 4158 1659 unio

2243 1668 2516 1751 unitae,
2582 1669 2714 1741 sed
2771 1669 3016 1744 unitae
3071 1671 3256 1741 sunt
3303 1667 3620 1760 priores
3662 1674 4109 1739 na·2›<21·¹t‘21m

3816 1738 4107 1801 proeceda
4116 1746 4137 1784 t

2245 1791 2433 1860 tura
2460 1787 2635 1879 ipso
2664 1790 2861 1870 tote,
2902 1786 3090 1879 quia
3114 1786 3303 1859 unio
3332 1804 3797 1879 praesuppo·
3848 1809 4071 1849 comm.

582 1909 971 1982 teriatum
1023 1913 1102 1982 et
1162 1928 1316 1980 non
1380 1906 1853 1988 formatum,
1901 1927 2044 1978 nec
2088 1927 2131 1976 e
2242 1903 2470 1977 nitur
2503 1904 2805 1977 actuali
2850 1903 3303 1977 causationi
3340 1929 3354 1984 ;
3392 1921 3593 1993 ergo
3636 1902 3796 1973 for-

2247 2040 2461 2092 mam
2532 2021 2985 2094 informare
3058 2023 3438 2114 prae-cedit
3499 2027 3791 2097 totum.

2247 2139 2722 2229 Respondeo
2761 2164 2774 2208 :
2821 2137 3009 2211 unio
3052 2137 3369 2229 agentis
3427 2143 3507 2213 et
3550 2145 3798 2213 mate-

2251 2254 2416 2335 riae,
2466 2276 2639 2346 quae
2711 2260 2899 2329 sunt
2948 2276 3213 2328 causae
3275 2257 3801 2348 praeexisten-

2250 2376 2395 2453 tes,
2442 2377 2565 2444 est
2609 2372 3245 2463 approximatio,
3283 2371 3452 2444 haec
3499 2393 3799 2466 praeee-

2245 2488 2359 2562 dit
2390 2493 2471 2561 et
2502 2487 2981 2580 separabilis
3005 2493 3129 2561 est
3162 2489 3333 2561 sine
3356 2489 3807 2563 contradic-

2249 2605 2468 2677 tione
2504 2630 2518 2673 :
2560 2605 2691 2675 sed
2739 2604 2924 2675 unio
2972 2605 3337 2679 materiae
3373 2611 3454 2679 et
3489 2605 3803 2687 formae,

2253 2743 2427 2813 quae
2506 2725 2627 2793 est
2701 2742 2844 2815 per
2917 2721 3606 2804 informationem,
3680 2729 3809 2796 est

2255 2839 2494 2911 simul
2528 2859 2725 2911 vera
2758 2860 2941 2911 cum
2976 2843 3177 2921 toto,
3215 2842 3292 2911 et
3329 2840 3570 2912 simul
3611 2860 3811 2911 vera

2255 2976 2436 3027 011111
2514 2956 2993 3029 causatione
3062 2955 3367 3030 actuali
3438 2957 3809 3049 ipsarum

2256 3091 2718 3143 causarum.

2349 3190 2427 3263 Si
2474 3189 2800 3262 omnino
2866 3189 2991 3263 vis
3063 3190 3360 3263 habere
3431 3192 3809 3263 unionem

2259 3306 2545 3378 forma>
2584 3307 3270 3400 praesuppositum
3320 3308 3805 3389 causationi,

2259 3424 2461 3504 dico,
2528 3424 2731 3515 quod
2775 3428 2897 3497 est
2952 3424 3387 3516 prfesentia
3447 3426 3809 3516 quaedam

2268 3540 2421 3633 ipsi
2467 3540 2831 3613 materiae
2879 3540 2953 3611 in
2998 3541 3300 3615 actuali
3342 3541 3811 3624 existentia,

2268 3681 2442 3751 quae
2499 3658 2935 3752 praesentia
2985 3679 3143 3731 non
3185 3658 3378 3733 dicit
3432 3660 3821 3732 informa-

2270 3777 2600 3858 tionem,
2677 3778 2887 3850 sicut
2952 3776 3030 3847 in
3100 3777 3374 3849 anima
3440 3780 3658 3869 patet
3739 3777 3821 3848 in

2275 3893 2643 3971 instanti,
2702 3895 2835 3966 sed
2892 3892 3079 3985 quia
3150 3894 3827 3987 prae-supponitur

2278 4009 2623 4084 materia-
2660 4010 2876 4081 omni
2902 4009 3360 4082 causationi
3391 4009 3825 4083 efficientis

2275 4127 2536 4219 hujus.
2582 4128 3081 4219 RespondeO,
3122 4128 3307 4221 quia
3352 4149 3829 4220 praesuppo-

2276 4247 2502 4320 nitur
2580 4244 3039 4337 composito
3083 4245 3287 4337 quod
3357 4244 3676 4327 efficiet,
3739 4249 3827 4318 et

2276 4383 2436 4434 non
2480 4366 2746 4453 potest
2785 4362 3215 4434 materiam
3246 4362 3591 4435 efficere.

2370 4483 2702 4560 Contra,
2742 4477 2932 4570 quia
2965 4497 3125 4549 non
3169 4477 3416 4549 efficit
3458 4476 3833 4549 1115111111-

2281 4602 2451 4669 tum
2518 4596 2896 4677 formam,
2960 4594 3148 4687 quia
3192 4594 3433 4667 istam
3495 4592 3837 4664 omnino

2282 4713 2520 4787 habet
2564 4715 2638 4786 in
2682 4714 2989 4785 virtute
3039 4731 3184 4782 sua
3226 4709 3521 4790 activa,
3565 4713 3645 4782 et
3696 4728 3842 4800 po·

2278 4831 2440 4901 test
2491 4851 2668 4901 esse
2705 4849 2847 4921 per
2891 4849 2972 4899 se
3016 4828 3184 4899 sine
3230 4824 3600 4905 materia,
3656 4823 3841 4897 sine

2283 4946 2950 5023 contradictione,
2986 4949 3063 5017 et
3090 4943 3355 5016 forma
3393 4939 3616 5035 prius
3654 4960 3844 5031 pro-

2282 5063 2606 5135 ducitur
2641 5081 2881 5154 quam
2919 5059 3285 5133 materiae
3329 5057 3688 5137 uniatur,
3756 5062 3847 5129 et

2287 5201 2525 5272 quani
2570 5178 3112 5271 compositum
3166 5178 3627 5267 generetur,
3676 5178 3844 5247 010.

2757 5453 3365 5519 ANNOTATIONES

2370 5649 2677 5731 Sequitur
2711 5648 3066 5728 capitulum
3110 5644 3505 5719 secundum,
3539 5644 3608 5706 in
3651 5646 3858 5726 eujus

4020 4477 4103 4525 ⁴0.
