4252 6393
134 1073 317 1130 Mum
345 1083 389 1135 5.

1748 434 2107 517 QUAEs‘l‘lo
2158 430 2175 501 l
3466 440 3578 501 221

417 604 489 677 in
541 605 817 679 eodem
853 605 1130 697 genita
1189 604 1482 676 habent
1544 603 1942 675 modicam

416 720 945 795 differentiam
1033 721 1114 793 in
1182 719 1471 812 specie,
1548 718 1661 791 ita
1740 716 1945 809 quod

418 836 784 911 videntur
862 837 1094 929 quasi
1188 835 1545 928 ejusdem
1647 833 1944 926 speciei

420 954 749 1026 omnia?

501 1070 594 1143 Et
638 1070 947 1162 quinto,
987 1089 1240 1161 quare
1285 1069 1449 1142 sint
1490 1071 1656 1140 tam
1690 1066 1946 1138 diver-

423 1203 504 1254 sa
585 1186 662 1257 in
729 1185 1022 1277 figura,
1090 1206 1340 1257 unum
1401 1189 1527 1258 est
1578 1184 1941 1273 longum,

440 1305 518 1374 ut
553 1302 1028 1383 lumbricus,
1084 1306 1164 1375 et
1208 1306 1492 1394 postea
1575 1300 1949 1392 sequitur

435 1435 656 1492 unum
752 1421 997 1492 breve
1081 1424 1162 1493 et
1231 1419 1524 1499 latum,
1596 1421 1679 1491 et
1767 1422 1948 1510 post

444 1552 658 1610 unum
743 1536 1088 1628 gracile,
1173 1540 1255 1610 et
1341 1539 1626 1628 postea
1699 1555 1948 1606 unum

452 1667 819 1739 grossum,
882 1658 963 1727 et
1042 1652 1482 1725 secundum
1525 1650 1949 1723 diversita-

461 1773 592 1842 tem
625 1773 979 1864 capitum
1018 1771 1364 1844 multum
1395 1769 1795 1847 ‚differunt
1827 1773 1862 1839 ⁶?

137 1896 370 1949 owr‘um
403 1896 440 1948 ⁶·
530 1890 770 1970 Sexto,
844 1907 1098 1980 quare
1170 1888 1372 1961 utin
1444 1886 1812 1980 pluribus
1853 1906 1951 1957 ex

231 2711 293 2762 2⁷

121 2750 411 2830 Adria.

454 2004 901 2079 animalibus
972 2004 1460 2097 putrefactis
1505 2006 1953 2093 generatur

452 2122 711 2194 animal
796 2120 1161 2203 volatile,
1237 2126 1324 2194 ut
1382 2141 1676 2213 vespae,
1732 2140 1948 2211 apes,

450 2244 682 2311 etnon
720 2238 1173 2330 gressibile,
1217 2258 1400 2310 cum
1443 2242 1617 2310 tum
1661 2235 1955 2326 gressi·

451 2353 582 2425 bile
644 2354 754 2428 sic
798 2354 1150 2427 similius
1206 2352 1646 2443 gressibili,
1713 2371 1954 2443 quam

448 2471 844 2561 gressibile
936 2470 1282 2553 volatili,
1386 2470 1598 2544 sicut
1701 2488 1955 2560 equus

445 2588 738 2681 vespis?

519 2706 621 2776 Ad
671 2705 828 2778 ista
893 2705 1131 2777 dubia
1175 2709 1443 2798 potest
1484 2702 1640 2775 dici
1682 2720 1956 2772 secun-

436 2819 602 2891 dum
649 2820 1185 2895 intentionem
1254 2819 1756 2900 AristoteliS,
1823 2815 1956 2908 qui

439 2936 755 3012 intendit
831 2938 1239 3030 complete
1325 2942 1695 3012 tractare
1775 2952 1954 3004 cau-

437 3074 593 3126 sam
675 3055 1234 3145 generationis
1313 3054 1796 3127 animalium
1865 3075 1955 3124 ex

438 3170 931 3261 putrefactis,
980 3172 1294 3264 quando
1326 3171 1524 3245 dicit
1577 3170 1784 3263 quod
1849 3170 1956 3241 in-

438 3293 871 3361 nascuntur
922 3288 1137 3360 enim
1221 3285 1612 3360 animalia
1673 3287 1754 3358 in
1824 3305 1956 3378 pu-

443 3403 791 3479 trefactis
850 3427 951 3478 ex
1018 3427 1138 3486 eo,
1201 3405 1408 3496 quod
1474 3404 1957 3495 disgregans

449 3519 818 3603 caliditas,
856 3541 1043 3594 cum
1092 3524 1287 3594 nata
1330 3520 1437 3593 sit
1477 3520 1809 3601 distare,
1847 3520 1956 3590 fa-

453 3635 548 3709 cit
606 3639 1094 3730 disgregata,
1172 3638 1361 3730 quia
1438 3639 1774 3712 effectus
1833 3640 1958 3710 est

458 3758 849 3840 naturalis,
893 3761 974 3830 et
1008 3758 1183 3832 vult
1222 3757 1574 3830 debitam
1646 3777 1956 3828 mensu-

465 3884 611 3941 ram
642 3874 1114 3967 requisitam
1200 3874 1299 3945 ab
1367 3874 1535 3954 illo,
1611 3872 1746 3965 qui
1827 3893 1957 3964 pu-

471 3984 730 4073 trescit,
766 3995 848 4065 et
879 4012 968 4063 ex
995 3991 1532 4084 proportione
1564 3990 1740 4083 ejus
1773 4008 1957 4061 cum

472 4093 738 4180 humido
775 4106 1172 4199 requisita
1202 4106 1561 4188 dimissa,
1601 4111 1792 4179 tunc
1834 4108 1959 4177 est

472 4224 852 4310 proportio
916 4223 1156 4297 istius
1216 4223 1521 4297 caloris
1567 4220 1957 4315 superflui

467 4345 847 4414 remanens
927 4339 1368 4424 humidum,
1441 4344 1521 4413 et
1608 4340 1769 4411 ista
1835 4340 1959 4409 est

454 4446 830 4561 §ufficiens
873 4461 968 4532 ad
1027 4458 1645 4550 generationem
1716 4457 1959 4528 alicu-

432 4570 547 4635 Jus
590 4576 968 4648 animalis
1016 4576 1418 4648 mediante
1460 4574 1778 4646 virtute
1811 4594 1961 4644 coe-

428 4658 640 4766 ¹⁰St13
688 4697 764 4767 et
807 4696 999 4767 tunc
1035 4691 1225 4785 quia
1275 4695 1576 4765 natura
1638 4708 1962 4781 semper

409 4772 610 4868 13¹0st
664 4808 866 4898 quod
901 4807 1192 4880 melius
1236 4811 1385 4888 est,
1434 4806 1606 4879 ideo
1639 4802 1962 4877 desistit

394 4896 1282 5027 ³⁶¹·Dutrefactionem,
1353 4927 1434 4996 et
1516 4927 1963 5013 generatur

385 5019 762 5128 fmlmah
801 5044 883 5113 et
924 5061 1082 5112 non
1126 5039 1479 5132 amplius
1540 5039 1961 5132 disgregat

385 5118 608 5218 fflud
672 5157 1110 5239 humidum,
1179 5157 1394 5230 sicut
1453 5156 1681 5249 prius
1736 5156 1954 5240 fecit,

383 5247 530 5374 ⁸01}
586 5270 785 5348 tunc
830 5277 1311 5364 congregat,
1347 5277 1428 5346 et
1488 5272 1778 5346 miscet
1822 5272 1960 5343 hu-

395 5369 716 5462 mulum
777 5411 964 5463 cum
1037 5388 1280 5469 sicco,
1340 5391 1420 5460 et
1491 5386 1605 5459 sic
1669 5387 1960 5479 recipit

429 5483 655 5610 e{flor
705 5508 858 5581 iste
900 5506 1301 5581 virtutem
1343 5504 1955 5587 informantem,

446 5619 640 5695 Slssut
696 5626 967 5699 virtus
1011 5624 1092 5696 in
1154 5622 1480 5704 semine,
1544 5622 1673 5694 vel
1730 5622 1962 5698 calor

2057 602 2418 685 seminiS,
2481 606 2560 675 et
2603 598 2814 675 sicut
2874 598 3046 692 agit
3087 600 3391 673 animal
3453 600 3592 672 im·

2059 719 2509 811 perfectum
2590 719 2853 808 magis
2940 719 3328 810 frigidum
3401 719 3598 790 bene

2061 836 2383 909 ratione
2433 836 2739 909 caloris
2772 835 2967 909 facit
3000 835 3418 908 humidum
3480 854 3598 904 ex-

2059 953 2512 1026 trinsecum
2571 952 3252 1043 congregativum
3316 951 3394 1022 in
3443 949 3599 1044 pel-

2060 1069 2244 1149 lem,
2298 1073 2377 1142 ct
2421 1070 2700 1141 adhoc
2736 1069 2969 1159 juvat
3015 1068 3403 1159 frigidum
3463 1087 3597 1138 ex·

2059 1186 2317 1259 terius
2393 1186 2941 1278 comprimens
3018 1184 3457 1263 humidum,
3520 1187 3599 1256 et

2061 1311 2250 1378 tunc
2293 1304 2832 1394 disgregando
2875 1303 3175 1395 aliquid
3223 1303 3298 1374 in
3343 1300 3599 1374 humi·

2058 1420 2157 1491 do
2193 1419 2628 1501 subtiliori,
2669 1420 2933 1512 ipsum
2985 1418 3307 1509 digerit,
3354 1421 3433 1489 et
3493 1415 3601 1487 fa-

2060 1535 2173 1608 cit
2207 1536 2553 1628 speciem
2590 1536 2969 1608 animalis
3025 1534 3240 1609 infra
3282 1534 3598 1628 pellem,

2061 1658 2142 1725 et
2195 1652 2308 1723 sic
2379 1673 2536 1724 non
2581 1657 2704 1726 est
2746 1653 3290 1727 contradictio
3344 1652 3425 1724 in
3483 1651 3603 1727 lit-

2063 1770 2270 1847 tera,
2296 1767 2780 1859 disgregans
2824 1772 3210 1843 constare
3244 1767 3467 1840 facit.
3508 1770 3606 1841 Et

2066 1882 2255 1974 quia
2300 1883 2564 1974 primo
2598 1884 3041 1975 disgregat,
3075 1889 3354 1976 postea
3378 1904 3605 1956 cons·

2066 2004 2245 2073 tare
2298 1999 2519 2082 facit,
2583 2001 2710 2072 vel
2753 2002 3220 2084 condensat,
3266 2020 3426 2073 non
3505 1999 3603 2072 si·

2069 2119 2264 2199 mul,
2301 2138 2448 2190 nec
2490 2118 2769 2190 eodem
2805 2118 3067 2189 modo.

2157 2234 2485 2316 Quando
2577 2234 3001 2324 quaeritur,
3097 2254 3351 2326 quare
3448 2254 3605 2306 non

2068 2350 2230 2422 alia
2284 2351 2563 2431 mixta,
2601 2355 2689 2424 ut
2721 2371 3040 2433 aurum,
3087 2351 3212 2423 vel
3246 2351 3606 2444 lapides?

2069 2472 2333 2542 Causa
2375 2472 2525 2549 est,
2601 2468 2791 2559 quia
2849 2490 2937 2540 ex
3003 2467 3330 2541 humido
3383 2488 3608 2558 gros-

2071 2584 2274 2656 siori
2379 2588 2882 2675 generantur
2961 2585 3293 2658 metalla
3369 2604 3610 2676 quam

2072 2702 2393 2794 plantae,
2438 2707 2518 2776 et
2553 2703 2849 2795 plantae
2894 2722 3134 2793 quam
3194 2700 3608 2782 animalia,

2069 2823 2147 2891 et
2181 2817 2572 2890 animalia
2618 2817 3071 2910 inperfecta
3154 2838 3396 2910 quam
3439 2838 3611 2910 per-

2069 2932 2307 3017 fecta,
2369 2939 2450 3008 et
2518 2934 2599 3005 in
2659 2935 3196 3027 corruptione
3258 2934 3612 3006 aliorum

2075 3056 2440 3125 remanet
2473 3051 2723 3125 etiam
2750 3050 3165 3124 humidum
3202 3051 3607 3133 subtilius,

2071 3189 2313 3262 quam
2376 3169 2482 3243 sit
2558 3168 3002 3252 humidum,
3048 3192 3139 3243 ex
3181 3190 3336 3264 quo
3393 3169 3613 3263 plan·

2071 3293 2199 3370 tae,
2243 3293 2324 3362 et
2358 3288 2731 3370 metalla;
2782 3289 3088 3382 poterit
3131 3294 3406 3362 tamen
3441 3293 3611 3363 tan·

2067 3407 2244 3477 dem
2310 3406 2786 3496 contingere
2850 3406 3056 3498 quod
3117 3409 3615 3496 generentur

2071 3523 2432 3614 quaedam
2464 3522 2765 3615 plantae
2818 3521 3319 3614 imperfectae
3354 3521 3433 3593 in
3480 3542 3611 3613 pu-

2071 3638 2555 3712 trefactione
2621 3661 2850 3732 aquae
2912 3639 3232 3720 stantis,
3271 3639 3614 3731 quando-

2071 3777 2222 3848 que
2259 3755 2338 3827 in
2371 3756 2798 3848 superficie
2830 3757 3263 3847 contingit,
3313 3756 3446 3827 sed
3490 3775 3612 3827 ra·

2073 3894 2166 3944 ro
2227 3873 2636 3964 contingit
2668 3872 2845 3957 hoc,
2885 3876 3016 3947 sed
3053 3895 3263 3967 saepe
3304 3872 3612 3945 anima-

2070 3991 2205 4075 lia,
2243 4015 2652 4086 nunquam
2693 3994 3048 4076 metalla,
3098 4014 3241 4065 nec
3277 3991 3607 4085 lapides.

2071 4112 2172 4182 Et
2227 4132 2387 4182 non
2440 4111 2764 4183 videtur
2814 4131 3100 4182 verum
3161 4110 3366 4201 quod
3425 4107 3612 4181 dici-

2071 4230 2234 4307 tur,
2284 4227 2546 4317 magis
2586 4230 2711 4299 est
2751 4226 3018 4298 simile
3056 4246 3352 4297 aurum
3400 4245 3611 4296 mor-

2085 4349 2252 4425 tuo,
2342 4349 2493 4417 etc.
2573 4343 2843 4417 Etiam
2946 4343 3072 4415 ico
3150 4343 3357 4434 quod
3422 4361 3605 4423 non,

2077 4464 2470 4551 quantum
2513 4460 2607 4531 ad
2643 4460 3138 4553 principium
3184 4481 3348 4531 suae
3383 4479 3611 4550 gene-

2075 4577 2448 4658 rationis,
2493 4578 2683 4652 licet
2719 4578 2915 4649 illud
2952 4599 3127 4650 esse
3163 4578 3613 4650 inanimato

2073 4690 2227 4764 fuit
2289 4692 2552 4781 magis
2613 4691 2904 4774 simile,
2964 4713 3125 4764 non
3190 4697 3461 4766 tamen
3535 4692 3616 4763 in

2073 4808 2259 4880 aliis
2309 4831 2322 4874 :
2368 4813 2440 4882 et
2494 4809 2609 4881 sic
2654 4808 3041 4882 similiter
3071 4813 3292 4882 esset
3341 4808 3616 4881 diffici-

2073 4925 2231 4997 lius
2265 4924 2444 4997 fieri
2477 4925 2806 5008 animal,
2856 4946 3097 5018 quam
3131 4946 3451 5008 aurum,
3488 4925 3616 4997 vel

2076 5041 2466 5134 plantam,
2507 5046 2781 5116 tamen
2820 5063 2909 5113 ex
2953 5042 3301 5116 materia
3334 5041 3619 5116 taliter

2071 5158 2472 5251 disposita
2508 5157 2832 5232 facilius
2883 5159 2972 5232 fit
3005 5159 3334 5242 animal,
3375 5179 3614 5252 quam

2074 5296 2393 5360 aurum,
2440 5277 2565 5350 vel
2602 5277 2904 5370 planta,
2953 5277 3067 5349 sic
3112 5282 3334 5370 patet
3365 5276 3616 5350 etiam

2073 5391 2167 5461 ad
2208 5393 2667 5463 secundum.
3364 5463 3365 5466 ,

2160 5507 2275 5580 Ad
2318 5507 2683 5591 tertium,
2738 5507 3041 5581 dicitur
3101 5509 3307 5600 quod
3363 5526 3614 5581 causa

2070 5628 2196 5698 est
2236 5623 2525 5696 divisio
2559 5623 2863 5697 humidi
2896 5624 3259 5703 contenti
3304 5645 3350 5699 a
3399 5624 3611 5698 calo·

3772 5530 3854 5586 29.
