4252 6393
599 386 609 400 .
633 345 714 407 56
1812 340 1957 402 ΜΒ.
2006 340 2046 400 Ι.
2094 338 2639 403 METEORORUM

620 511 746 580 est
797 505 1202 578 infinitum
1244 503 1586 576 debilior
1646 500 1958 593 seipso:
2024 519 2168 570 nec

591 625 872 713 [etiam
895 623 1243 695 reflexus
1279 642 1424 714 per
1450 642 1533 693 se
1556 620 1679 696 est
1702 618 2171 691 debiliorin-

624 740 968 821 cidente;
1016 740 1276 830 igitur
1308 758 1449 810 nec
1498 733 2040 827 aggregatum
2074 756 2172 807 ex

625 859 768 932 eis.
809 859 993 931 siin
1036 857 1308 949 aliqua
1342 855 1880 949 proportione
1915 858 2169 934 certa,

627 981 818 1050 tunc
880 974 1346 1049 intendatur
1395 973 1670 1044 radius
1706 972 2061 1044 incidens
2097 972 2176 1044 in

598 1093 971 1182 *gradum
1010 1089 1344 1162 luminis
1407 1090 1483 1162 in
1527 1090 1802 1162 eadem
1838 1109 2176 1183 propor-

630 1208 885 1288 tione;
923 1208 1179 1299 igitur
1209 1212 1399 1281 tunc
1426 1207 1797 1300 producit
1817 1208 2179 1280 calorem

635 1306 809 1399 sine
859 1326 1288 1407 fractione,
1326 1327 1453 1397 vel
1499 1326 1961 1398 reflexione.

727 1443 841 1515 Ad
885 1443 1075 1515 illud
1126 1443 1448 1525 dicitur,
1488 1443 1691 1534 quod
1719 1442 1815 1514 ad
1849 1461 2181 1531 genera-

636 1560 943 1634 tionem
977 1559 1284 1632 caloris
1322 1559 1695 1639 multum,
1742 1557 1868 1630 vel
1910 1556 2184 1631 totali-

634 1681 788 1756 ter,
822 1674 1019 1749 facit
1055 1676 1464 1768 oppositio
1495 1675 1947 1755 radiorum;
1996 1694 2183 1746 nam

604 1794 851 1866 sicut
921 1792 1001 1864 in
1071 1792 1603 1882 generatione
1699 1791 2005 1864 caloris
2088 1813 2186 1863 ex

634 1914 856 1983 motu
893 1912 1325 2002 oportetut
1358 1908 1464 1980 sit
1495 1908 2074 1991 contrarietas,
2107 1913 2188 1982 et

632 2023 1148 2107 confricatio,
1202 2025 1315 2098 ita
1348 2024 1896 2099 consimiliter
1939 2026 2017 2098 in
2061 2047 2187 2116 ge-

634 2143 1061 2215 neratione
1096 2141 1402 2215 caloris
1442 2164 1541 2214 ex
1572 2142 1903 2223 lumine,
1954 2164 2188 2236 opor-

639 2263 757 2332 tet
802 2262 888 2332 ut
923 2258 1029 2331 sit
1060 2257 1879 2331 concursusduorum
1932 2260 2189 2332 radio-

646 2395 853 2455 rum,
916 2376 1045 2446 vel
1123 2375 1507 2468 plurium,
1574 2396 1922 2467 quorum
1984 2397 2190 2449 unus

647 2495 1091 2587 opponitur
1168 2491 1437 2571 alteri,
1523 2492 1734 2566 sicut
1802 2498 2027 2586 patet
2111 2496 2192 2569 in

642 2630 1001 2684 concavo
1047 2609 1399 2711 speculo,
1437 2608 1626 2700 quia
1669 2608 1879 2699 ignis
1924 2608 2029 2682 ibi
2063 2631 2190 2701 ge-

642 2733 987 2802 neratur
1058 2749 1157 2800 ex
1224 2747 1629 2823 concursu
1736 2729 2183 2814 radiorum,

646 2844 779 2935 qui
817 2842 1174 2917 incidunt
1201 2844 1295 2915 ad
1324 2837 1767 2936 speculum,
1801 2844 1893 2915 ad
1922 2844 2191 2917 radios

648 2960 783 3052 qui
836 2960 1371 3034 reflectuntur
1411 2981 1457 3032 a
1500 2960 1855 3053 speculo.

736 3081 1068 3160 Contra,
1146 3077 1332 3168 quia
1411 3097 1556 3170 per
1620 3097 1766 3149 vas
1834 3077 2193 3151 vitreum

646 3193 1135 3286 sphaericum
1162 3193 1487 3286 plenum
1520 3213 1728 3285 aqua
1754 3198 2198 3283 generatur

539 3342 543 3346 ·
655 3311 865 3400 ignis
910 3331 955 3382 a
989 3316 1222 3403 parte
1267 3309 1724 3392 remotiori,
1773 3329 2194 3403 acorpore

645 3427 1077 3507 luminoso,
1108 3431 1185 3499 et
1219 3431 1490 3500 tamen
1525 3426 1630 3499 ibi
1658 3448 1818 3500 non
1851 3433 1976 3503 cst
2004 3428 2194 3501 talis

653 3543 1064 3635 oppositio
1127 3542 1567 3624 radiorum,
1654 3544 1842 3635 quia
1914 3564 2193 3619 omnes

650 3662 857 3734 radii
892 3667 1479 3754 pertranseunt
1512 3662 1846 3735 vitrum.

738 3779 851 3849 Ad
903 3778 1094 3850 illud
1137 3779 1338 3861 dico,
1401 3779 1608 3870 quod
1669 3781 2039 3870 quamvis
2113 3782 2191 3853 in

648 3894 1147 3968 refractione
1174 3895 1591 3967 radiorum
1617 3917 1777 3968 non
1812 3897 1918 3969 sit
1953 3917 2192 3989 oppo-

651 4009 843 4082 sitio
900 4009 1013 4082 ita
1062 4010 1367 4083 directe
1442 4010 1653 4085 sicut
1715 4010 1793 4082 in
1860 4013 2187 4094 reflexO,

648 4129 919 4198 tamen
966 4126 1069 4196 ibi
1111 4131 1234 4199 est
1271 4127 1681 4219 oppositio
1725 4129 2195 4221 aliqualiter

654 4239 1049 4321 lateralis,
1090 4261 1263 4332 quse
1290 4241 1593 4315 sufficit
1618 4243 1709 4313 ad
1737 4244 2192 4331 generatio-

650 4375 832 4427 nem
880 4357 1114 4446 ignis,
1153 4358 1479 4430 caeteris
1531 4360 1801 4431 causis
1856 4381 2192 4432 concur-

653 4473 1080 4555 rentibuS,·
1132 4476 1797 4566 quemadmodum
1893 4477 2193 4549 dicere-

654 4610 830 4660 mus
875 4592 1079 4682 quod
1124 4592 1415 4666 Oriens
1467 4598 1545 4666 et
1587 4598 1905 4666 astrum
1953 4615 2194 4687 oppo-

650 4711 957 4778 nuntur
1003 4708 1434 4780 secundum
1498 4709 1769 4782 situm.
1828 4713 1945 4781 Ex
2013 4710 2193 4783 istis

650 4822 1112 4897 inferuntur
1143 4827 1415 4918 aliqua
1447 4827 1920 4900 corollaria.

434 4970 482 5021 9,
742 4941 1104 5013 Primum
1146 4949 1297 5024 est,
1360 4945 1565 5036 quod
1609 4945 1676 5016 si
1731 4964 2009 5015 omnes
2069 4965 2192 5016 or-

300 5035 623 5147 r,·„‘,'‚‘,'‚''⁰1²‚'“‘
654 5059 789 5130 bes
828 5059 1005 5131 coeli
1047 5067 1317 5134 essent
1350 5061 1955 5141 calefactibiles,
1983 5062 2193 5135 sicut

653 5182 917 5270 stupa,
964 5183 1045 5252 ct
1090 5179 1168 5249 in
1203 5177 1398 5270 ipsis
1440 5198 1599 5250 non
1635 5181 2186 5254 essentastra,

646 5315 1057 5386 nunquam
1092 5299 1462 5385 tempore
1494 5299 1803 5365 afftcrno
1836 5293 2188 5364 incende-

648 5418 939 5484 rentur
971 5432 1016 5483 a
1061 5411 1386 5490 lumine,
1424 5432 1567 5482 nee
1595 5411 1845 5484 etiam
1879 5410 2186 5480 caletic-

646 5533 851 5606 l‘ent.
882 5529 1313 5608 Probatur,
1346 5529 1523 5622 quia
1552 5526 2026 5624 priusquam
2065 5525 2184 5599 illi

288 1448 579 1513 Responsio
594 1481 609 1497 .

2284 500 2524 570 orbes
2569 506 2838 575 essent
2883 502 3363 583 uniformes,
3403 509 3484 577 et
3507 525 3667 577 non
3710 529 3826 580 es-

2249 620 2408 689 'set
2471 616 2577 688 ibi
2637 617 2964 710 aliquod
3014 619 3468 705 reflectcnS,
3531 624 3660 695 vel
3711 644 3829 697 re-

2253 733 2696 825 -frangens‚
2744 755 2904 807 non
2942 737 3535 829 produceretur
3574 741 3826 825 calor,

2287 871 2471 922 cum
2505 850 2695 922 talis
2729 851 3093 933 reflexio,
3127 855 3253 925 vel
3299 855 3691 931 refractio
3725 858 3833 932 sit

2254 1005 2258 1009 -
2290 986 2436 1059 per
2469 987 2553 1037 se
2576 987 2824 1040 causa
2859 969 3420 1060 productionis
3442 972 3748 1047 caloris
3783 993 3831 1046 a

2292 1083 2619 1155 lumine.

2382 1201 2828 1274 Secundum
2853 1202 3391 1276 corollarium
3422 1210 3572 1288 est,
3623 1227 3718 1298 qu
3733 1208 3830 1280 od
3861 1207 4241 1258 Secufflfflm·

2296 1318 2365 1391 si
2408 1317 2678 1390 omnia
2737 1338 3098 1411 corpora
3139 1319 3503 1394 universi
3561 1326 3838 1399 essent

2294 1434 2739 1508 uniformia
2772 1435 2853 1508 in
2896 1437 3269 1517 raritate,
3313 1439 3842 1521 ctdensitate,

2296 1572 2705 1644 nunquam
2740 1553 3041 1646 aliquid
3073 1554 3485 1630 calefieret
3526 1575 3574 1627 a
3611 1556 3844 1630 lumi-

2261 1689 2419 1742 -ne.
2452 1669 2885 1752 Probatur,
2934 1671 3123 1762 quia
3172 1675 3364 1746 tunc
3406 1690 3567 1746 non
3625 1678 3843 1747 esset

2301 1786 2809 1878 refrangenS,
2845 1789 2973 1861 vel
3009 1789 3459 1862 reflectens.

2387 1904 2663 1977 Tertio
2689 1907 3059 1996 sequitur
3091 1907 3296 1997 quod
3320 1926 3570 1980 causa
3589 1927 3840 2000 quare
3907 1915 4222 1965 sernum.

2303 2018 2382 2091 in
2407 2018 2751 2091 vallibus
2776 2021 3129 2094 sitcalor
3153 2021 3578 2104 intensior,
3600 2042 3840 2114 quam

2304 2136 2385 2208 in
2420 2137 2831 2211 montibus
2859 2144 2984 2213 est
3009 2140 3216 2231 quod
3261 2138 3467 2212 radii
3501 2138 3845 2212 inciden-

2304 2258 2427 2327 tes
2480 2257 2576 2327 ad
2647 2261 2990 2338 montes
3051 2279 3234 2330 cum
3304 2257 3842 2333 reflectantur

2304 2371 2642 2446 tendunt
2669 2374 2764 2444 ad
2808 2371 3175 2456 inferius,
3212 2379 3293 2448 et
3335 2381 3847 2449 concurrunt

2279 2509 2490 2560 eum
2533 2489 2782 2561 radiis
2850 2490 3409 2573 incidentibus
3467 2495 3548 2565 et
3598 2491 3847 2565 etiam

2305 2606 2629 2679 reflexis
2670 2628 2717 2678 a
2746 2608 3124 2689 vallibus;
3162 2610 3396 2682 modo
3437 2609 3628 2683 talis
3667 2628 3852 2682 con·

2306 2744 2599 2796 cursus
2634 2723 3053 2796 radiorum
3099 2726 3670 2819 oppositorum
3721 2730 3848 2798 est

2306 2860 2556 2911 causa
2587 2839 2891 2913 caloris
2934 2861 3083 2935 per
3113 2841 3744 2915 conclusionem.

2395 2962 2729 3038 Quarto,
2803 2957 3172 3049 sequitur
3241 2961 3448 3050 quod
3525 2959 3851 3053 sphaera
3912 2974 4251 3028 Qum-eum.

2309 3072 2699 3163 ignisnon
2722 3075 2988 3147 calefit
3022 3094 3068 3146 a
3091 3075 3396 3147 lumine
3430 3075 3667 3158 Solis,
3702 3096 3849 3149 nec

2309 3190 2692 3282 superior
2736 3192 2962 3283 regio
3006 3192 3249 3275 aeriS,
3279 3192 3349 3266 si
3381 3193 3596 3268 inter
3628 3193 3851 3287 ipsas

2308 3328 2470 3380 non
2513 3308 2620 3382 sit
2662 3310 3048 3383 notabilis
3106 3310 3545 3384 diversitas
3597 3310 3677 3383 in
3728 3331 3851 3384 ra-

2311 3423 2585 3506 ritate,
2666 3430 2746 3502 et
2825 3427 3255 3501 densitate.
3321 3429 3579 3510 Patet,
3664 3429 3854 3520 quia

2307 3547 2740 3636 postquam
2772 3564 2932 3616 non
2955 3544 3854 3629 estibidiversitas,non

2288 3664 2523 3733 esset
2584 3659 2887 3751 aliquid
2956 3660 3466 3753 refrangenS‚
3536 3662 3663 3735 vel
3733 3684 3853 3736 re-

2285 3776 2637 3850 flectens
2681 3776 2952 3849 radios
2996 3777 3352 3850 luminis.

2393 3893 2715 3978 Quinto,
2770 3894 3142 3986 sequitur
3189 3897 3395 3986 quod
3439 3896 3694 3968 media
3736 3917 3854 3969 re·
3912 3914 4250 3969 Quintum,

2307 4012 2439 4100 gio
2465 4012 2682 4084 aeris
2716 4032 2878 4083 non
2901 4012 3171 4087 calefit
3203 4033 3249 4084 a
3275 4012 3579 4086 lumine
3607 4012 3846 4096 Solis,

2307 4127 2463 4199 nisi
2508 4150 2690 4200 curn
2735 4127 2986 4203 fuerit
3039 4130 3124 4203 in
3159 4128 3337 4221 ipsa
3369 4130 3618 4201 nubes
3651 4130 3852 4222 spis-

2308 4265 2421 4314 sa.
2465 4248 2721 4324 Patet,
2762 4246 2947 4336 quia
2991 4245 3237 4318 aliter
3299 4245 3571 4318 radius
3622 4246 3852 4319 lumi-

2306 4361 2433 4433 nis
2466 4361 2867 4434 transiret
2901 4362 3414 4435 irrefractus.

2397 4479 3853 4574 Sexto,sequiturcorollariumprius
3911 4488 4206 4539 sexeum.

2311 4597 2692 4689 positum,
2730 4596 2934 4688 quod
2960 4593 3611 4689 quantocumque
3647 4599 3852 4672 radii

2281 4715 2523 4786 Solis
2557 4714 2838 4786 reflexi
2879 4735 2924 4785 a.
2968 4719 3190 4787 terra
3228 4715 3479 4788 altius
3529 4713 3849 4789 descen-

2306 4832 2526 4910 dunt,
2568 4834 2798 4902 tanto
2833 4830 3231 4902 elevatior
3272 4836 3396 4904 est
3431 4831 3682 4904 media
3728 4853 3850 4905 ae-

2312 4947 2426 5018 ris
2463 4947 2691 5036 reg-io
2729 4968 2975 5039 super
3009 4951 3348 5020 terram.

2396 5067 2702 5137 Contra
2759 5064 2914 5136 ista
2966 5063 3373 5152 arguitur,
3444 5065 3710 5155 primo
3758 5066 3852 5138 de
4013 5099 4110 5148 ιο,

2308 5181 2654 5252 secunda
2686 5179 3208 5252 conclusione
3242 5182 3523 5272 primae
3555 5183 3840 5274 partis,
3881 5168 4154 5218 ''¹“’f“'²²
4203 5171 4251 5219 ¹·’

2308 5294 2387 5365 in
2435 5315 2582 5385 qua
2611 5295 3033 5368 dicebatur
3057 5299 3265 5387 quod
3299 5297 3573 5368 lumen
3601 5298 3845 5368 Lunae

2302 5416 2428 5483 est
2506 5410 3120 5490 calefactitium‚
3213 5413 3398 5503 quia
3483 5412 3847 5484 videmus

2302 5520 2506 5615 quod
2546 5519 3043 5596 dormientes
3098 5520 3176 5592 in
3230 5520 3533 5597 lumine
3604 5521 3846 5598 Lunae
