4252 6393
256 3322 318 3374 20

1847 415 2213 496 QUAES'NO
2261 419 2332 483 lll

509 578 845 656 quendum,
878 580 1075 638 libere
1107 584 1313 639 tamen
1345 582 1577 655 absque
1602 583 1733 640 ulla
1764 584 2056 641 volunta-

507 681 584 737 tis
613 682 950 738 coacione.
990 683 1071 737 Ex
1105 681 1216 738 hoc
1253 682 1406 750 loco,
1446 688 1509 740 et
1555 682 1686 740 illis
1732 684 1936 740 citatis
1986 684 2051 739 in

507 780 706 852 primo
736 780 1228 847 Sententiarum,
1257 782 1585 839 manifeste
1612 784 2053 853 inferturJux-

505 881 562 933 ta
602 882 873 934 mentem
946 879 1216 936 Doctoris
1276 880 1551 938 radicem
1610 883 2051 954 contingentiae

503 976 998 1033 constituendam
1044 992 1177 1035 esse
1224 983 1348 1037 tam
1398 981 1462 1036 in
1513 980 1799 1039 libertate
1848 997 2051 1038 causae

503 1075 742 1146 primae,
767 1089 957 1147 quam
990 1077 1052 1131 in
1086 1076 1372 1135 libertate
1394 1079 1714 1148 secund-123
1749 1086 1933 1154 atque
1965 1082 2049 1137 ita

503 1170 552 1224 si
610 1183 795 1226 causa
854 1171 1059 1241 prima
1119 1174 1473 1229 necessario
1528 1179 1764 1245 ageret,
1808 1176 2047 1234 nullam

503 1281 674 1340 posse
704 1267 841 1325 dari
878 1269 942 1326 in
979 1269 1163 1326 rebus
1193 1273 1706 1343 contingentiam.

586 1411 804 1483 Unde
858 1413 1063 1484 sicut
1116 1414 1434 1487 divinus
1498 1415 1842 1490 intuitus
1886 1437 2045 1489 non

505 1527 819 1601 fallitur
882 1530 1385 1622 praevidendo
1433 1553 1574 1624 per
1618 1535 2047 1625 prmscicn-

500 1646 721 1727 tiam,
764 1648 880 1720 sic
920 1647 1188 1720 divina
1222 1650 1600 1722 voluntas
1645 1673 1787 1724 nec
1822 1672 2044 1744 sepa-

504 1768 734 1835 ratur
790 1785 932 1856 per
972 1764 1477 1847 vIolcntiam,
1527 1790 1668 1839 nec
1716 1767 2044 1862 impedi-

500 1882 631 1950 tur
674 1901 819 1972 per
872 1880 1452 1964 resistentiam,
1509 1904 1653 1956 nec
1700 1883 2043 1958 frustra-

495 1999 629 2067 tur
672 2018 818 2089 per
873 1998 1442 2090 impotentiam
1490 2027 1503 2069 :
1558 2005 1637 2074 ct
1684 2001 1833 2074 lioc
1865 2003 2039 2075 dico

498 2112 583 2183 de
650 2112 1069 2184 voluntate
1137 2114 1647 2207 beneplaciti,
1724 2138 1883 2189 non
1951 2120 2041 2191 de

498 2229 915 2301 voluntate
957 2230 1513 2305 conditionata
1591 2235 1715 2305 vel
1761 2235 2039 2309 volun·

499 2349 661 2420 tate
695 2346 932 2438 signi.
972 2348 1189 2421 Unde
1221 2352 1499 2422 eodem
1553 2356 1736 2426 actu
1774 2355 2040 2427 volen-

497 2463 568 2536 di
622 2465 794 2538 vult
856 2468 1067 2538 Deus
1137 2469 1806 2552 contradictoria,
1883 2494 2041 2544 non

500 2577 737 2651 simul
779 2602 983 2663 esse,
1034 2581 1220 2674 quia
1265 2581 1459 2655 illud
1499 2589 1621 2656 est
1670 2587 2043 2680 impossi-

498 2695 670 2779 bile,
736 2696 871 2769 sed
933 2697 1176 2771 simul
1237 2700 1443 2782 vult;
1503 2701 1710 2774 sicut
1763 2705 2040 2776 eodem

496 2812 824 2896 intuitu,
896 2813 1023 2885 vel
1102 2816 1377 2888 eadem
1461 2818 1802 2891 scienti-a
1888 2822 2039 2894 scit

494 2931 1132 3005 contradictoria
1168 2954 1327 3005 non
1363 2934 1606 3008 simul
1650 2958 1850 3021 csse,
1909 2941 2043 3011 sed

496 3047 732 3121 simul
768 3049 972 3123 scita
1007 3071 1154 3143 pcr
1188 3073 1436 3125 unum
1478 3057 1751 3126 actum
1796 3056 2044 3129 scicn-

493 3163 647 3246 uae.
686 3164 821 3258 qui
854 3170 978 3240 est
1020 3166 1264 3240 simul
1308 3173 1387 3242 et
1436 3169 1665 3243 idem.

582 3281 817 3357 Circa
842 3283 1209 3365 tertium,
1244 3288 1447 3378 quod
1483 3287 1791 3361 scilicet
1830 3294 2041 3363 Deus

2167 582 2458 664 dicere,
2509 580 2714 675 quod
2754 582 2972 653 Deus
3019 574 3591 651 determinavit
3626 594 3712 648 se

2165 702 2263 772 ab
2321 703 2655 782 aetcrnO,
2730 700 2826 771 ad
2887 698 3036 770 hoc
3099 694 3546 769 faciendum
3587 694 3714 765 de-

2163 818 2627 902 terminate,
2658 819 2782 889 vel
2816 813 3213 910 disposuit
3251 834 3334 885 se
3359 811 3455 884 ab
3486 814 3715 883 aeter·

2163 955 2266 1007 no
2301 936 2397 1007 ad
2438 934 2587 1007 hoc
2630 933 3079 1006 faciendum
3147 934 3225 1003 et
3268 949 3429 1002 non
3466 949 3714 1021 oppo-

2165 1051 2450 1131 situm;
2497 1051 2621 1122 vel
2666 1050 2761 1123 ad
2802 1049 3119 1143 aliquos
3152 1047 3485 1119 effectus
3523 1065 3711 1138 pro-

2160 1168 2556 1241 ducendos
2594 1189 2739 1261 per
2779 1166 3134 1260 aliqua-m
3167 1163 3708 1236 differentiam

2158 1284 2582 1377 temporis,
2657 1282 3142 1357 excludendo
3196 1284 3515 1373 partem
3579 1299 3712 1371 op-

2163 1401 2513 1493 positam
2547 1396 3215 1472 contradictionis
3285 1396 3410 1469 vel
3463 1395 3708 1469 aliam

2158 1517 2702 1591 differentiam
2772 1515 3207 1609 temporis,
3294 1513 3502 1586 sicut
3569 1535 3710 1585 vo·-

2159 1634 2430 1706 luntas
2511 1638 2800 1707 nostra
2878 1630 3479 1704 determinatur
3558 1647 3708 1720 pro

2157 1752 2416 1823 altera
2467 1752 2731 1843 parte,
2800 1748 2926 1819 vel
2989 1768 3139 1840 pro
3202 1746 3431 1817 certa
3488 1742 3708 1815 ‹liffe-

2159 1869 2422 1941 rentia
2482 1866 2917 1961 temporis;
2986 1869 3063 1938 et
3121 1865 3278 1937 isto
3334 1862 3566 1935 modo
3600 1861 3709 1933 di-

2156 2007 2337 2057 cere
2409 1984 2611 2077 quod
2695 1986 2908 2055 Deus
2980 2002 3064 2053 se
3134 1974 3708 2053 determinavit

2159 2105 2530 2194 respectu
2594 2101 2966 2193 alicujus,
3019 2097 3146 2169 vel
3209 2092 3514 2187 aliquid
3561 2092 3710 2164 dis-

2156 2214 2425 2307 posuit
2493 2212 2782 2295 facere,
2831 2212 2958 2284 vel
3014 2231 3174 2282 non
3217 2208 3513 2288 facere,
3577 2205 3706 2278 vel

2156 2330 2236 2402 in
2297 2351 2453 2402 uno
2518 2334 2913 2421 tempore,
2980 2328 3094 2399 ita
3158 2325 3363 2417 quod
3406 2343 3565 2395 non
3626 2323 3708 2395 in

2155 2448 2343 2529 alic,
2401 2446 2575 2519 dico
2613 2447 2819 2539 quod
2861 2448 2985 2517 cst
3056 2444 3379 2523 falsum,
3427 2444 3506 2513 et
3548 2441 3708 2513 hae-

2159 2562 2530 2644 reticum‚
2600 2563 2784 2654 quia
2826 2561 3186 2634 divinum
3246 2557 3452 2630 velle
3494 2557 3707 2629 limi-

2154 2685 2300 2762 tat,
2375 2685 2453 2753 et
2527 2683 2796 2754 arctat
2869 2701 3052 2754 cum
3126 2677 3489 2771 potentia
3561 2697 3708 2749 sua

2152 2799 2496 2871 volendi.

2728 3100 2809 3155 SC
2821 3099 3134 3156 HOLIUM.

2225 3277 2434 3334 Multis
2468 3278 2530 3332 in
2566 3277 2716 3333 locis
2748 3278 2962 3332 Scotzis
2985 3275 3269 3333 excludit
3298 3291 3331 3332 a
3360 3279 3483 3333 Deo
3503 3275 3711 3334 deter-

3648 410 3768 476 ‘299

2156 3378 2561 3434 minationem
2617 3375 2679 3429 in
2714 3374 2826 3431 hoc
2859 3375 3063 3444 primo
3093 3389 3302 3431 sensu.
3339 3372 3489 3430 Vide
3529 3389 3707 3431 eum-

179 3385 442 3497 0ᾶῆιὲιῖιὲᾔο
489 3418 897 3491 nunquam
957 3400 1531 3475 determinavit
1596 3427 1678 3476 SC
1746 3407 1839 3476 (qd
1902 3409 2044 3481 ‘qli'
2154 3475 2392 3531 demin
2449 3475 2498 3529 1.
2552 3473 2695 3528 dist.
2728 3477 2782 3527 7.
2818 3477 3036 3542 quaest.
3091 3473 3294 3529 unica.
3346 3477 3400 3538 §-
3446 3473 3703 3528 Contra:

153 3510 727 3605 Demoede-quam
786 3517 1104 3607 partem
1146 3519 1848 3604 contradictionis,
1897 3545 2041 3597 nec

166 3575 463 3624 taminare
996 3630 1010 3643 ‚
1135 3632 1147 3645 ⁸
2153 3574 2548 3629 determinatio
2579 3577 2654 3625 est
2702 3573 2921 3639 duplex.
2953 3570 3096 3628 dist.
3130 3573 3184 3628 8.
3217 3575 3433 3644 quaest.
3466 3572 3520 3627 5.
3552 3575 3608 3637 §-
3644 3573 3707 3626 Et

171 3636 431 3761 &²222ss⁸
491 3633 864 3722 ¹'aspectu
907 3630 1254 3726 allen-lus
1299 3636 1699 3728 tlOmpffl‘is
1736 3659 1829 3710 00
1878 3662 2038 3713 ῙΠΟ·
2153 3690 2280 3729 cum
2330 3674 2468 3726 dicis
2507 3672 2765 3726 secunde.
2807 3669 2948 3726 dist.
2982 3671 3052 3725 28
3083 3685 3146 3742 q.
3177 3670 3230 3727 3.
3263 3675 3317 3737 ἓ.
3371 3671 3707 3739 Respondeat

171 3765 403 3813 aetum?

484 3746 581 3817 do
644 3767 801 3838 quo
865 3745 1114 3839 aliqui
1162 3748 1656 3843 intelligunt.
1724 3755 1873 3828 Ubi
1912 3760 2041 3830 ad-

483 3864 988 3947 vertendum,
1051 3867 1254 3956 quod
1305 3867 1882 3945 determinatio
1959 3879 2036 3946 et

482 3981 913 4074 dispositio
962 3988 1330 4075 respectu
1376 3987 1709 4061 effectus
1756 3989 2039 4062 sacien-

481 4095 585 4176 di,
656 4097 782 4168 vel
847 4100 1218 4189 respectu
1284 4099 1643 4190 ejusdcm
1705 4101 2036 4174 effectus

482 4213 825 4286 faciendi
896 4213 977 4285 in
1059 4214 1206 4286 hoc
1278 4219 1682 4308 tempore,
1756 4218 1886 4289 vcl
1958 4221 2037 4292 in

480 4328 670 4410 ali0‚
722 4332 988 4420 potest
1031 4329 1298 4402 dicero
1358 4333 1785 4423 quamdam
1827 4334 2034 4406 limi-

479 4444 881 4518 tationem
986 4450 1065 4518 et
1131 4447 1861 4524 con·21·adictione1n
1906 4473 2035 4544 po-

478 4562 759 4634 tentiae
820 4562 1302 4644 voluntatis,
1374 4584 1519 4656 per
1580 4570 1851 4638 actum
1904 4590 2032 4640 vo-

477 4679 714 4761 leudi,
753 4684 1126 4773 respectu
1164 4681 1507 4753 alterius
1558 4686 1816 4775 partis
1853 4707 2031 4758 con-

472 4795 1039 4877 tradictionis;
1107 4798 1230 4869 vel
1278 4803 1651 4891 respectu
1697 4801 2030 4876 effectus

475 4911 962 5003 producendi
998 4932 1140 5004 per
1172 4911 1486 5006 aliquas
1520 4914 2029 4990 differentias

471 5029 873 5120 temporis
974 5030 1460 5104 excludendo
1529 5035 1846 5123 partem
1893 5057 2029 5128 op-

468 5144 828 5239 positam
872 5147 1574 5229 contradictionis,
1616 5150 1738 5221 vel
1782 5152 2027 5224 aliam

466 5261 1019 5336 differentiam
1086 5265 1511 5355 temporis,
1618 5265 1825 5339 sicut
1888 5289 2029 5339 vo—

468 5378 744 5450 luntas
831 5380 1122 5449 nostra
1200 5378 1796 5453 determinatur
1879 5404 2025 5476 pro

464 5493 736 5567 altera
782 5497 1046 5587 parte,
1103 5495 1231 5566 vel
1298 5516 1444 5588 pro
1508 5500 1733 5570 certa
1806 5500 2025 5573 diffc-

463 5611 734 5686 rentia
794 5612 1224 5706 temporis.
1290 5613 1508 5687 Unde
1570 5613 1728 5690 isto
1788 5619 2021 5692 modo

2152 3775 2520 3830 determinato
2559 3773 2763 3839 duplex
2811 3774 2907 3824 est.
2943 3770 3015 3825 Et
3055 3767 3197 3825 dist.
3252 3769 3343 3825 35.
3393 3783 3453 3840 q.
3500 3783 3604 3826 un.
3646 3774 3701 3836 §-

2152 3874 2418 3927 Praetcraa
2448 3872 2703 3925 secundo.
2742 3869 2853 3927 Ubi
2891 3866 3142 3924 easdem
3203 3867 3401 3923 ferme
3433 3867 3705 3923 rationes

2149 3969 2404 4026 adducit
2460 3968 2874 4033 limitationi8‚
2928 3971 2987 4023 et
3045 3964 3404 4022 arctationis
3472 3964 3705 4044 divinae

2152 4069 2466 4140 potentiae.

2239 4215 2504 4290 Aliter
2524 4214 3097 4290 determinatio
3136 4213 3295 4285 ista
3330 4215 3700 4305 respectu

2149 4332 2480 4406 effectus
2527 4330 3010 4425 producendi
3103 4330 3228 4401 vel
3290 4350 3448 4401 non
3515 4349 3701 4421 pro-

2147 4452 2503 4534 ducendi,
2543 4455 2620 4524 ct
2662 4449 2811 4522 tali
2855 4452 3225 4540 tempore
3303 4451 3380 4519 et
3424 4469 3586 4519 non
3622 4448 3700 4520 in

2149 4568 2345 4651 alio,
2433 4571 2698 4662 potest
2782 4565 3047 4639 dicere
3128 4565 3698 4638 certitudinem

2148 4687 2484 4756 eventus
2547 4685 2915 4775 respectu
2983 4679 3344 4753 scicntia}
3431 4684 3509 4753 et
3560 4702 3700 4754 vo-

2150 4802 2491 4874 luntatis
2550 4801 2862 4881 divinae,
2918 4799 3404 4872 excludendo
3440 4798 3701 4872 incer-

2145 4919 2575 4991 titudinem
2630 4941 2728 4990 ex
2802 4922 3036 5010 parte
3079 4916 3527 4989 voluntatis
3565 4943 3578 4986 :
3619 4920 3697 4989 et

2147 5034 2305 5107 isto
2382 5035 2611 5105 modo
2654 5036 2866 5106 Deus
2911 5035 3010 5106 ab
3071 5038 3383 5106 aeterno
3447 5055 3529 5106 sc
3571 5035 3699 5107 de-

2142 5151 2652 5224 terminavit.

2248 5271 2470 5353 Quod
2569 5271 2843 5341 autem
2929 5267 3507 5341 determinatio
3613 5273 3692 5342 et

2141 5384 2570 5478 dispositio
2616 5385 3051 5457 secundum
3109 5382 3465 5476 primum
3523 5404 3692 5455 mo-

2140 5504 2323 5574 dum
2396 5501 2503 5574 sit
2568 5502 2649 5573 in
2707 5502 2874 5573 Deo
2952 5499 3507 5594 impossibiliS,
3578 5501 3691 5574 sic

2143 5621 2473 5696 ostendo
2553 5646 2566 5690 :
2645 5618 2837 5693 talis
2913 5616 3487 5694 determinatio
3613 5622 3692 5692 et

3834 5301 3920 5352 21.
