4252 6393
1626 420 1991 498 ouAEs'rio
2040 419 2118 479 lx

290 592 420 667 hoc
488 589 882 670 forma-lis,
967 587 1155 679 quia
1228 582 1576 656 materia
1644 599 1800 651 non

290 715 418 790 est,
453 707 730 787 subdit,
778 708 893 775 lib.
929 706 997 777 3.
1043 727 1189 792 cap.
1236 702 1344 773 16.
1390 700 1799 788 Sinynlaris,

295 826 548 919 inquit,
614 831 807 894 homo
845 847 930 890 ea:
968 823 1222 890 duabus
1252 820 1516 886 naturis
1564 816 1805 881 consti-

294 959 446 1013 tutas
475 957 583 1026 est,
619 945 848 1011 anima
879 953 941 1007 e!
971 960 1267 1026 corpore.
1308 938 1405 1007 Et
1440 930 1805 1023 loquitur

293 1063 366 1133 de
404 1059 685 1140 anima,
720 1057 812 1130 de
847 1074 1003 1148 qua
1046 1052 1357 1125 scilieet
1416 1047 1618 1120 (lixit
1657 1050 1803 1115 am·-

296 1201 447 1245 mam
484 1178 879 1245 ration-alem
915 1196 1038 1262 per
1068 1171 1622 1256 insufflationem.

374 1293 611 1384 Hujus
641 1287 1064 1364 sententiae
1095 1286 1418 1358 videtui*
1446 1301 1622 1352 esse
1656 1281 1806 1351 Au-

300 1410 662 1502 gustinus,
707 1409 789 1476 de
818 1409 1085 1496 Spiritu
1115 1417 1175 1471 et
1206 1406 1472 1480 Anima,
1509 1422 1654 1487 cap.
1693 1400 1800 1468 15.

300 1530 509 1596 Misera
538 1523 854 1618 (inquit)
874 1525 1152 1590 societas
1185 1521 1411 1586 carnis
1440 1529 1500 1583 et
1532 1518 1799 1595 animle,

300 1649 546 1734 spiritus
603 1644 755 1708 vitae
791 1653 853 1707 et
896 1641 1045 1706 limi
1105 1650 1322 1715 terra’,
1388 1637 1557 1700 sient
1596 1633 1805 1717 scrip·

302 1776 416 1828 tum
479 1772 604 1826 est.-
668 1755 893 1827 Fecit
958 1755 1173 1826 Deus
1243 1748 1651 1821 hominem
1717 1745 1807 1815 de

303 1876 469 1947 limo
498 1880 765 1954 terrae,
823 1876 903 1944 et
937 1866 1372 1961 inspiravit
1408 1865 1486 1935 in
1516 1860 1807 1935 faeiem

3322 404 3439 467 407

1914 579 2398 667 procreatione,
2447 597 2602 640 nam
2633 595 2790 639 caro
2827 583 3269 660 propaqatnr,
3315 572 3463 635 ani-

1914 719 2021 763 ma
2054 703 2472 783 procreatur.
2525 692 2729 761 Ecce
2776 687 2982 780 quod
3059 706 3240 758 esse
3293 685 3463 755 sub-

1919 809 2304 884 stantiale
2335 809 2576 880 ‹latm-
2607 804 3039 885 hoinini‚ut
3070 801 3311 874 homo
3344 806 3468 875 est

1918 949 2064 1022 pei·
2132 925 2513 1005 animam,
2578 926 2657 994 et
2715 942 2878 992 non
2939 940 3080 1013 per
3141 917 3468 991 sensibi-

1922 1045 2114 1123 le1n;
2154 1061 2352 1131 ergo
2387 1045 2474 1112 ut
2506 1044 2629 1112 est
2667 1034 3201 1126 intelligibilis
3240 1060 3253 1102 :
3291 1055 3468 1105 esso

1919 1162 2191 1229 autem
2256 1153 2687 1226 seeundum
2734 1170 2901 1222 rem
2962 1169 3287 1241 semper
3345 1151 3468 1221 est

1920 1296 1963 1346 a
2000 1273 2293 1344 formo.

2006 1397 2486 1470 Ambrosius
2528 1413 2774 1485 super
2802 1391 2992 1463 illud
3030 1392 3279 1459 Psalm.
3315 1392 3469 1461 118.

1919 1518 2264 1583 octonario
2316 1516 2422 1585 10.
2488 1512 2729 1579 Manus
2790 1521 2915 1576 tuse
2956 1511 3239 1575 Domine
3294 1511 3472 1594 fece-

1918 1645 2078 1701 runt
2148 1654 2270 1711 me,
2326 1642 2388 1699 et
2442 1632 2943 1718 plasmaverunt
3002 1647 3124 1691 me.
3186 1624 3258 1692 In
3324 1628 3471 1714 hoc,

1923 1747 2210 1840 inquit,
2247 1769 2488 1836 qenere
2525 1745 2933 1821 substantae,
2980 1743 3124 1808 alia
3169 1753 3264 1807 est
3292 1745 3476 1826 saeta

1919 1868 2313 1944 substantia,
2349 1865 2494 1930 alia
2535 1865 2858 1949 liyaeerata.
2897 1860 2997 1929 Et
3046 1859 3290 1928 Vocat
3330 1860 3477 1941 sac-

306 1991 453 2084 ejus
483 1990 861 2084 spiritum
891 1986 1115 2066 vitae3
1162 1987 1331 2052 dans
1368 1986 1430 2048 ei
1459 2003 1718 2048 sensum
1751 1988 1810 2043 ec
1924 1999 2059 2051 tum
2165 1984 2559 2053 creatum.
2646 1978 2887 2057 Item,
2972 1975 3476 2064 Augustinus

312 2111 710 2190 intellectum,
775 2119 846 2172 ut
898 2128 1022 2193 per
1077 2123 1338 2170 sensnm
1398 2101 1627 2165 linmm
1684 2097 1812 2161 sibi
1922 2123 2121 2188 snper
2149 2101 2450 2166 Genesim
2478 2095 2568 2164 ad
2601 2097 2916 2174 litteram,
2949 2093 3061 2160 lib.
3095 2092 3160 2161 6,
3189 2093 3472 2179 cap,11‚

309 2228 593 2294 sociatum
644 2225 1041 2308 vivificaret,
1095 2232 1154 2287 et
1218 2240 1339 2305 per
1410 2216 1812 2282 intellectum
1924 2217 2248 2288 videtur
2302 2213 2501 2285 idem
2555 2211 2857 2290 dice1²e;
2932 2209 3316 2289 visibiliter,
3367 2207 3475 2278 in-

310 2355 549 2430 reqeret.
582 2342 680 2413 Et
723 2337 974 2417 infriu
1012 2338 1291 2403 Plenam
1341 2335 1477 2420 fuit
1528 2333 1811 2396 miraeu-

314 2459 382 2537 10,
436 2458 598 2545 quod
639 2469 771 2522 tam
826 2456 1116 2532 diversa,
1181 2462 1241 2516 et
1283 2461 1415 2515 tam
1457 2448 1678 2514 divisa
1736 2446 1816 2510 ab

312 2578 561 2643 invicem
616 2577 706 2643 ad
754 2576 1038 2641 invicem
1071 2570 1413 2658 potuerint
1461 2566 1815 2653 consumi,-

313 2714 410 2758 nec
443 2696 651 2760 minas
687 2693 823 2776 fuit
882 2688 1191 2754 mirabile
1250 2684 1424 2772 qnod
1468 2685 1625 2748 limo
1676 2701 1820 2747 nos-

314 2820 399 2874 tro
434 2812 595 2876 Deus
630 2810 918 2895 seipsum
974 2805 1340 2891 conjnnqit,
1380 2812 1449 2866 nt
1478 2800 1606 2864 sibi
1648 2800 1820 2863 invi-

312 2947 429 2991 cem
462 2929 809 2992 unirentur
839 2924 1012 2988 Dens
1040 2933 1100 2987 et
1151 2921 1370 2999 limus,
1411 2927 1592 2982 tanta
1624 2915 1821 2981 sabli-

314 3044 504 3123 mitas,
539 3052 597 3107 et
636 3051 825 3107 tanta
869 3039 1118 3104 vilitas.

392 3158 604 3239 Item,
652 3155 966 3235 ibidem,
1002 3175 1148 3241 cap.
1194 3152 1302 3222 48.
1343 3150 1640 3216 Dicimus
1679 3168 1826 3212 cor-

310 3296 419 3359 pus
447 3298 561 3363 per
612 3276 913 3363 eonjnqii
969 3272 1436 3357 copulationen
1474 3267 1821 3340 seminari,

315 3390 422 3455 Dei
455 3414 599 3459 vero
618 3391 888 3480 jndicio
946 3386 1294 3473 eoaqalari
1326 3386 1398 3449 in
1429 3383 1626 3449 valva
1685 3403 1829 3448 ma-

315 3508 445 3589 tris,
520 3520 577 3574 et
649 3506 987 3594 compinqi
1077 3514 1272 3589 atque
1346 3499 1676 3586 formari,
1756 3519 1834 3562 ae

316 3623 579 3704 formato
618 3629 764 3713 jam
820 3642 1117 3708 corpore,
1162 3619 1461 3684 animam
1495 3616 1716 3681 creari
1774 3624 1833 3678 et

317 3741 601 3827 infundi,
636 3751 707 3807 nt
767 3740 948 3805 vivat
980 3739 1053 3803 in
1082 3746 1266 3802 utero
1300 3737 1491 3801 homo
1530 3742 1837 3797 constans

315 3860 525 3924 anima
560 3870 617 3924 et
655 3876 950 3943 corpore.
1015 3854 1146 3919 Nee
1186 3852 1354 3917 duas
1402 3852 1664 3915 animas
1704 3869 1838 3912 esse

318 3974 625 4041 credimus
664 3976 737 4039 in
768 3993 895 4037 nno
928 3971 1217 4049 homine,
1245 3970 1414 4033 sicut
1444 3968 1637 4033 nntlti
1665 3968 1835 4032 scri-

317 4089 480 4171 bunt,
524 4112 721 4158 unam
758 4089 1010 4155 seilicet
1082 4086 1445 4152 animalem
1510 4105 1637 4170 qna
1703 4104 1837 4147 mo-

319 4219 491 4273 vetur
528 4229 758 4295 corpus
798 4217 858 4273 et
916 4203 1228 4270 immia‘ta
1277 4203 1363 4266 sit
1402 4200 1743 4286 sanquini,
1781 4210 1839 4264 et

319 4326 583 4393 alteram
625 4324 1071 4415 spiritualem,
1130 4343 1274 4409 qnce
1329 4321 1659 4385 rationem
1712 4319 1839 4382 mi-

320 4444 539 4510 nistret
583 4471 602 4510 .·
649 4441 763 4509 sed
814 4441 1098 4507 dicimus
1162 4458 1365 4503 unam
1421 4433 1844 4521 eamdemque

320 4559 597 4626 animam
654 4579 787 4624 esse
846 4557 922 4621 in
980 4554 1266 4631 homine,
1327 4574 1471 4638 quse
1510 4563 1569 4617 et
1609 4572 1845 4636 eorpus

319 4697 427 4741 sna
461 4679 764 4743 societate
810 4672 1132 4755 vivificat,
1179 4681 1237 4735 et
1276 4671 1695 4756 semetipsam
1725 4690 1843 4733 sna

324 4795 569 4859 ratione
605 4791 925 4880 disponit.
966 4783 1245 4859 Simile
1279 4783 1472 4857 dicit
1502 4786 1568 4855 8.
1610 4785 1721 4851 lib.
1767 4786 1849 4853 de

325 4908 791 4975 Ecclesiasticis
828 4904 1265 4993 doymatibns‚
1303 4925 1451 4991 cap.
1491 4904 1598 4973 13.

402 5022 653 5115 Hujus
725 5017 1132 5114 opinionis
1201 5022 1326 5090 est
1396 5014 1849 5088 Richardus

326 5137 407 5209 de
439 5142 512 5212 S.
544 5139 874 5213 Victore
915 5141 978 5209 1.
1012 5149 1227 5226 parte.
1267 5136 1380 5202 lib.
1418 5135 1487 5205 4.
1532 5135 1613 5201 de
1662 5135 1847 5201 Trin.

328 5280 459 5345 cap.
504 5259 614 5329 16.
671 5258 1033 5345 Proprium
1090 5266 1184 5321 est
1214 5255 1579 5320 mioetornm
1620 5252 1856 5319 habere

329 5375 738 5443 substantiale
778 5396 912 5441 esse
968 5394 1053 5438 ex
1108 5372 1252 5438 sola
1305 5372 1792 5458 propayatione
1834 5394 1854 5433 .-

330 5494 667 5580 proprium
702 5495 881 5560 enim
915 5501 1006 5556 est
1049 5489 1393 5555 hominum
1424 5488 1660 5553 habere
1714 5487 1856 5552 snb-

335 5611 641 5679 stantiale
655 5633 781 5679 esse
809 5632 894 5677 ex
929 5607 1418 5697 propayatione
1448 5605 1649 5671 simul
1680 5614 1739 5671 et
1779 5626 1861 5668 0oe

1930 2334 2126 2425 quit,
2185 2337 2376 2400 homo
2415 2333 2488 2397 in
2546 2349 2845 2417 corpore,
2910 2326 3346 2394 invisibiliter
3403 2327 3475 2392 in

1927 2456 2185 2531 anima,
2228 2461 2536 2515 constans
2577 2469 2659 2513 ex
2687 2447 2920 2514 anima
2949 2455 3010 2510 et
3049 2464 3344 2530 corpore.

2020 2562 2406 2647 Quamvis
2451 2565 2724 2634 autem
2785 2558 3220 2631 seeundum
3271 2555 3479 2649 quod

1933 2684 2550 2757 Commentator
2580 2676 2941 2769 exponit,
2992 2675 3481 2748 Aristoteles

1932 2801 2310 2873 videatur
2376 2796 2675 2870 dixisse
2750 2793 3249 2866 intellectum
3322 2812 3483 2864 non

1937 2938 2113 2989 esso
2167 2914 2518 2986 sormam
2581 2910 2961 2990 hominis,
3026 2909 3485 2982 volentibus

1940 3039 2214 3108 tamen
2277 3032 2540 3123 ipsum
2599 3047 3006 3121 exponere
3056 3025 3482 3110 catholice,

1941 3152 2092 3227 hoo
2153 3151 2475 3222 videtur
2531 3148 2622 3219 de
2682 3146 3097 3221 intellectu
3153 3146 3483 3223 sentire.

1940 3271 2161 3343 Unde
2221 3271 2327 3340 12.
2395 3267 2763 3353 Metaphys.
2836 3267 2908 3332 in
2970 3264 3091 3334 illo
3149 3278 3332 3333 textu
3377 3266 3484 3335 16.

1946 3404 2005 3458 et
2056 3391 2162 3460 17.
2226 3388 2308 3454 Et
2368 3407 2582 3451 cau-sce
2639 3395 2987 3464 moventes,
3043 3386 3194 3455 010.
3261 3382 3490 3473 ponit

1944 3499 2485 3577 differentiam
2566 3498 2779 3570 inter
2853 3496 3336 3570 efficientem
3413 3500 3496 3569 et

1948 3640 2280 3693 eausam
2324 3615 2780 3695 formalem,
2826 3618 2906 3686 01
2937 3618 3060 3686 est
3095 3613 3498 3687 sententia

1951 3759 2119 3817 sua..
2171 3734 2374 3827 quod
2416 3750 2663 3805 eausa
2695 3730 3051 3803 efficiens
3095 3730 3498 3822 praecedat

1949 3853 2236 3926 effectu
2253 3872 2326 3922 111
2348 3854 2609 3932 ;Εααειε
2632 3846 2947 3938 (inquit)
2969 3859 3298 3916 moventes
3316 3858 3492 3927 sunt,

1950 3974 2107 4060 quia
2137 3968 2523 4059 prcecednnt
2564 3978 2822 4033 tantum
2876 3966 3048 4031 hane
3087 3975 3402 4032 naturam
3438 3974 3500 4030 et

1950 4090 2244 4173 formam
2304 4112 2325 4151 .·
2393 4087 2472 4155 01
2550 4079 2916 4172 loquitur
2980 4079 3070 4151 de
3150 4079 3499 4151 materia

1958 4200 2331 4295 propl‘ia;
2404 4203 2554 4267 ch
2593 4196 2913 4289 (inquit)
2951 4209 3103 4265 sunt
3158 4197 3400 4278 simul,·
3439 4200 3501 4265 si

1954 4322 2132 4387 enim
2198 4320 2389 4385 homo
2455 4330 2546 4384 est
2610 4337 2837 4395 sanus,
2913 4326 3065 4381 tnnc
3126 4315 3384 4381 sanitas
3443 4325 3504 4380 et

1956 4442 2148 4505 homo
2173 4445 2328 4501 sunt
2367 4431 2674 4510 insimul,
2733 4442 2793 4497 et
2830 4431 3053 4517 fiqura
3080 4431 3360 4517 splzoerae
3395 4451 3504 4495 cn-

1953 4574 2158 4639 preoe,
2222 4560 2284 4615 et
2337 4550 2602 4636 spluera
2643 4548 2837 4635 cupri
2889 4556 3045 4612 sant
3083 4547 3381 4614 insimul.
3427 4548 3508 4614 Si

1958 4679 2177 4735 antem
2208 4676 2503 4733 remanet
2532 4664 2796 4753 aliquid
2827 4666 2901 4730 in
2927 4674 3280 4751 postrema,
3329 4662 3507 4753 (hoc

1961 4786 2109 4863 est,
2159 4782 2226 4854 si
2276 4782 2695 4853 destructo
2729 4780 3215 4871 composito,
3257 4800 3511 4852 rema-

1963 4904 2152 4971 neat
2195 4897 2468 4988 aliqua
2510 4895 2804 4985 forma.)
2844 4896 3273 4984 quaerendum
3302 4907 3396 4963 est
3434 4897 3517 4963 de

1965 5019 2108 5096 leae,
2159 5019 2228 5082 in
2269 5013 2660 5103 quibasdam
2690 5014 2869 5079 enim
2907 5034 3044 5080 non
3083 5022 3176 5078 est
3215 5013 3517 5099 impossi-

1968 5133 2119 5211 bile,
2184 5131 2369 5198 verbi
2397 5132 2648 5218 qratia,
2693 5131 2754 5195 si
2790 5130 3024 5196 anima
3062 5140 3157 5195 est
3187 5129 3343 5195 talis
3383 5127 3516 5195 dis-

1961 5249 2343 5338 positionis,
2382 5269 2516 5313 non
2551 5257 2710 5326 tota,
2743 5246 2858 5312 secl
2890 5244 3278 5314 intellectus,
3313 5245 3519 5315 Ecce

1973 5366 2178 5459 quod
2239 5384 2624 5455 expresse
2682 5360 3107 5453 distinguit
3168 5358 3520 5433 intellec·

1973 5488 2148 5556 tum
2208 5485 2501 5553 eontra
2561 5500 2916 5560 sensum,
2963 5483 3042 5551 et
3104 5479 3313 5551 sieut
3372 5476 3522 5550 dis-

1976 5602 2324 5674 tinctum
2379 5596 2605 5691 ponit
2642 5596 2907 5688 ipsum
2940 5616 3119 5667 esse
3169 5595 3521 5668 formam
