4252 6393
348 597 573 649 Solonio.

442 2395 483 2447 1.

294 2460 337 2512 Α
349 2460 618 2525 r9.pr1‘-

371 2539 419 2571 m
429 2537 479 2571 ee
466 2539 536 2572 u.

311 5113 621 5169 Secundum

651 443 729 504 62

639 603 777 672 tur
820 603 1027 695 quod
1060 603 1253 678 illud
1303 608 1428 678 est
1459 604 1784 678 difficile
1827 606 2187 696 assigna-

644 738 756 800 re,
841 723 1115 793 tamen
1187 741 1335 814 pro
1406 742 1616 794 nune
1696 726 1965 814 potest
2030 721 2187 796 dici

640 836 844 925 quod
893 843 1172 929 partes
1222 838 1304 910 in
1347 838 1746 931 profundo
1789 844 2044 931 agunt
2092 839 2188 912 ad

639 953 882 1027 istam
913 960 1256 1047 partem,
1288 956 1520 1048 cujus
1551 956 1766 1030 actio
1803 955 2187 1031 termina-

644 1074 876 1144 retur
942 1071 1037 1145 ad
1103 1072 1619 1165 superficiem
1681 1073 1924 1166 passi,
1998 1074 2187 1147 dato

640 1187 846 1282 quod
880 1207 1039 1259 non
1082 1193 1353 1262 essent
1396 1187 1576 1261 aliie
1621 1192 1899 1281 partes
1946 1187 2188 1261 inter-

642 1303 944 1386 mediae,
971 1309 1051 1379 et
1085 1325 1242 1378 non
1270 1306 1516 1380 ultra.

766 1420 1159 1496 Rationes
1248 1421 1430 1520 aliae
1512 1423 1956 1517 procedunt
2031 1420 2188 1494 viis

645 1561 847 1611 suis.

1044 1848 1510 1935 QvAEsTlo
1564 1850 1791 1922 xm.

648 2054 865 2114 Clrum
897 2060 1176 2130 quatuor
1196 2054 1508 2117 elementa
1525 2054 1647 2115 sint
1672 2048 2195 2130 proportionalia

1249 2162 1542 2223 continue
1559 2165 1587 2222 ζ’

773 2354 1178 2447 Arguitur
1254 2352 1459 2445 quod
1531 2370 1722 2431 non;
1798 2346 1987 2440 quia
2066 2345 2191 2417 vel

647 2497 687 2545 e
698 2477 889 2545 runt
918 2470 1300 2545 continue
1334 2464 1987 2561 proportionalia
2016 2482 2111 2554 pr
2119 2482 2193 2533 o-

649 2587 1025 2683 pottione
1075 2583 1598 2677 aequalitatis,
1667 2572 1795 2653 ἰοὶ
1856 2597 2193 2673 propor-

647 2706 867 2781 tione
928 2699 1547 2793 inaequalitatis;
1622 2718 1780 2769 non
1853 2714 2193 2789 propor-

649 2823 867 2899 tione
910 2817 1435 2913 aeq11alitatis‚
1483 2815 1672 2908 quia
1739 2835 1921 2887 cum
1982 2808 2193 2901 ignis

646 2939 753 3014 sit
798 2936 1057 3027 magis
1110 2934 1425 3008 activus
1511 2932 1696 3005 aliis
1737 2930 2187 3013 elementis,

641 3061 722 3131 et
767 3056 872 3129 sit
907 3075 1051 3148 per
1094 3075 1177 3126 se
1211 3049 1547 3145 aequalis
1582 3048 1773 3129 illis,
1821 3045 2194 3141 sequitur

645 3174 851 3268 quod
880 3172 1145 3247 omnia
1185 3171 1586 3244 elementa
1619 3168 1781 3244 alia
1822 3186 2190 3240 corrum-

646 3293 906 3387 peret;
971 3311 1115 3362 nec
1183 3286 1721 3382 proportione
1783 3280 2191 3375 inaequali-

645 3413 866 3495 tatis,
898 3410 1081 3502 quia
1110 3411 1300 3480 tunc
1340 3402 1745 3478 maximus
1788 3397 2189 3472 terminus

642 3533 1068 3611 excederet
1100 3525 1502 3598 elementa
1555 3517 1831 3592 omnia
1871 3516 2059 3597 alia,
2108 3520 2188 3590 et

648 3673 790 3749 per
830 3663 1332 3740 consequens
1366 3640 1544 3734 ipsa
1583 3637 2183 3728 corrumperet.

646 3768 1229 3846 Confirmatur‚
1337 3757 1527 3851 quia
1621 3755 1834 3828 sicut
1901 3758 2028 3827 est
2107 3750 2187 3822 in

647 3886 937 3962 mundo
973 3876 1374 3958 inferiori,
1421 3874 1627 3967 quod
1656 3871 1967 3943 nullum
1991 3868 2188 3941 mix-

644 4011 819 4080 tum
863 4002 1135 4094 potest
1169 3990 1666 4090 perpetuari,
1703 3988 1862 4062 nisi
1896 3987 1976 4060 in
2009 3986 2185 4079 ipso

645 4123 1046 4196 elementa
1098 4112 1683 4188 reducerentur
1732 4107 1827 4179 ad
1886 4110 2188 4196 tempe-

648 4243 1138 4315 ramentum,
1185 4231 1301 4305 ita
1331 4232 1455 4302 est
1498 4227 1575 4301 in
1612 4225 1902 4299 mundo
1939 4243 2061 4296 ma
2066 4221 2186 4314 jo-

651 4355 748 4438 ri,
824 4351 1031 4448 quod
1096 4369 1257 4421 non
1315 4347 1582 4439 potest
1649 4338 1957 4420 durari,
2027 4335 2187 4409 nisi

648 4474 1002 4565 quatuor
1051 4465 1454 4539 elementa
1500 4460 1661 4533 sint
1710 4458 1804 4529 ad
1840 4452 2187 4534 invicem

646 4592 1101 4683 adaequata,
1136 4579 1392 4676 igitur
1417 4583 1769 4672 quatuor
1787 4574 2190 4648 elementa

645 4729 808 4783 non
869 4708 1059 4778 sunt
1120 4693 1778 4794 proportionalia
1848 4707 2188 4786 propor-

648 4824 869 4902 tione
958 4814 1567 4912 inaequalitatis,
1678 4810 1812 4883 sed
1912 4804 2184 4902 potius

652 4965 749 5042 pr
758 4962 963 5036 opor
971 4937 1189 5014 tione
1246 4929 1772 5027 {equalitatis

772 5054 1155 5134 Secundo,
1222 5050 1289 5123 si
1348 5047 1750 5121 elementa
1812 5039 2186 5118 secundo,

651 5175 911 5254 modo,
977 5166 1350 5262 sequitur
1414 5161 1622 5257 quod
1697 5156 1908 5250 ignis
1976 5155 2194 5226 esset

651 5292 1101 5369 maximum
1155 5282 1516 5358 omnium
1566 5277 2188 5351 elementorum.

650 5418 1167 5501 Consequens
1238 5404 1361 5474 est
1409 5397 1732 5475 salsum,
1793 5389 1981 5483 quia
2033 5406 2193 5460 ma-

649 5529 981 5623 gnitudo
1025 5519 1380 5598 aliorum
1439 5514 2031 5587 elementorum
2072 5505 2193 5578 de-

646 5648 777 5722 bet
824 5633 1441 5739 proportionari
1501 5624 1907 5706 activitati
1952 5622 2188 5714 iffnis.

2235 1196 2241 1203 '
2302 1197 2556 1268 terra.

1830 447 1972 508 ΜΒ.
2022 447 2068 507 1.
2116 444 2659 509 METEORORUM

2302 607 2402 678 1⁴:12
2435 608 2656 678 tenet
2695 603 3303 697 consequentia,
3361 601 3550 696 quia
3602 602 3683 675 in
3735 605 3848 675 ta·

2300 721 2357 794 li
2408 722 2797 797 continua
2864 719 3401 814 proportione
3458 722 3586 792 est
3636 717 3847 809 ignis

2302 838 2641 929 primuS‚
2690 838 3123 911 maximus

2425 956 2727 1038 Tertio,
2807 960 3292 1050 sequeretur
3361 954 3567 1046 quod
3642 973 3852 1046 aqua
3916 953 4162 1006 Terst‘um·

2301 1080 2519 1148 esset
2554 1074 2822 1148 minus
2853 1074 3374 1156 elementum,
3439 1083 3680 1165 quam
3745 1071 3853 1143 sit

2665 1194 3184 1283 Consequens
3271 1189 3593 1272 salsum,
3667 1186 3856 1281 quia

2301 1331 2511 1403 aqua
2534 1309 2774 1382 habet
2797 1308 3194 1402 majorem
3215 1307 3849 1401 spissitudinem,

2303 1445 2545 1520 quam
2617 1424 2725 1500 sit
2787 1423 3229 1518 spissitudo
3300 1429 3574 1505 terrai,
3621 1427 3702 1497 et
3745 1423 3849 1494 lo-

2300 1563 2484 1617 cum
2518 1540 3053 1614 elevatiorem
3083 1560 3373 1613 versus
3404 1538 3720 1620 coelum,
3773 1542 3855 1611 et

2304 1681 2449 1753 per
2480 1679 2984 1751 consequens
3016 1656 3243 1732 debet
3277 1678 3455 1729 esse
3509 1655 3853 1748 majoris

2305 1775 2821 1869 quantitatis.
2853 1778 2953 1849 Et
2980 1780 3203 1869 patet
3235 1773 3847 1867 consequentia,

2306 1891 2494 1984 quia·
2534 1897 2713 1966 tota
2752 1910 2962 1983 aqua
3009 1888 3480 1965 continetur
3540 1888 3619 1961 in
3672 1908 3854 1963 con-

2305 2009 2800 2084 cavitatibus
2847 2012 3122 2081 terra».

2396 2132 2734 2210 Quarto,
2773 2126 3356 2200 elementanon
3376 2125 3566 2196 sunt
3597 2118 3817 2195 conti
3891 2133 4183 2189 Quam».

2306 2264 2462 2316 nuo
2543 2241 3284 2337 proportionabilia
3351 2240 3432 2313 in
3511 2237 3850 2334 qua-lita-

2308 2361 2522 2436 tibus
2601 2360 2927 2454 primis;
2995 2359 3251 2450 igitur
3327 2379 3471 2431 nec
3545 2356 3623 2429 in
3694 2375 3850 2429 ma-

2309 2479 2747 2568 gnitudine,
2825 2499 2968 2550 nec
3041 2475 3119 2549 in
3172 2475 3574 2567 aliquibus
3639 2472 3849 2546 aliis.

2310 2593 2908 2688 Consequentia
2983 2596 3228 2672 tenet,
3303 2591 3491 2683 quia
3577 2610 3850 2663 secun-

2307 2714 2493 2786 dum
2521 2710 3143 2806 proportionem
3169 2710 3658 2803 qualitatum
3694 2707 3851 2802 pri-

2310 2851 2631 2902 marum
2682 2832 2868 2904 sunt
2915 2827 3495 2922 proportiones
3549 2826 3853 2916 magni-

2307 2946 2672 3021 tudinum
2791 2945 3251 3018 formarum
3364 2943 3849 3017 substantia-

2304 3065 2531 3145 lium,
2604 3068 2685 3137 et
2734 3061 3089 3134 aliorum
3150 3060 3712 3135 accidentium.
3753 3063 3847 3131 Et

2307 3180 2787 3255 antecedens
2822 3200 2862 3251 a
2878 3182 3188 3273 pparet,
3229 3177 3417 3272 quia
3468 3176 3692 3250 nulla
3721 3177 3847 3251 est

2304 3298 2657 3391 qualitas
2696 3297 2962 3390 prima
2994 3294 3455 3368 eommunis
3494 3313 3849 3387 quajuor

2301 3414 2753 3494 elementis,
2785 3413 3046 3504 inqua
3079 3412 3849 3505 elementapossunt

2303 3531 2686 3605 continue
2741 3526 3391 3623 proportionari.
3432 3529 3640 3600 Nam
3690 3548 3851 3600 non

2303 3653 2427 3723 est
2450 3668 2736 3720 verum
2763 3646 2969 3739 quod
3002 3644 3213 3719 sicut
3247 3666 3330 3716 se
3364 3642 3601 3718 habet
3636 3643 3850 3736 ignis

2302 3766 2397 3836 ad
2458 3783 2733 3836 aerem
2815 3762 2894 3834 in
2956 3760 3256 3842 calore,
3331 3759 3451 3833 ita
3535 3779 3678 3833 aer
3759 3761 3855 3834 ad

2301 3900 2621 3971 aquam,
2694 3883 2776 3952 et
2847 3897 3057 3970 aqua
3101 3878 3195 3949 ad
3257 3881 3599 3958 terram,
3666 3877 3855 3970 quia

2300 4016 2510 4087 aqua
2549 3998 2630 4070 et
2673 3999 2899 4068 terra
2935 4016 3094 4067 non
3138 4001 3324 4069 sunt
3366 3995 3650 4068 calida.

2387 4112 2708 4195 QuintO,
2733 4112 3072 4205 spl1a³rae
3102 4113 3467 4187 coelestes
3485 4132 3646 4185 non
3669 4113 3858 4183 sunt
3907 4130 4202 4185 Quemnam.

2299 4232 2681 4306 continue
2753 4230 3538 4324 proportionabiles3
3597 4229 3854 4321 igitur

2300 4370 2441 4421 nec
2493 4353 2846 4441 quatuor
2875 4346 3301 4423 elementa.
3349 4352 3854 4441 Consequen-

2300 4464 2416 4539 tia·
2451 4468 2668 4538 tenet
2705 4483 2848 4557 per
2880 4463 3419 4540 Aristotelem
3450 4467 3526 4535 in
3555 4469 3682 4534 iseo
3697 4466 3850 4554 pri·

2300 4605 2430 4664 mo,
2477 4580 2608 4654 ubi
2657 4579 2851 4654 dicit
2912 4582 3118 4674 quod
3173 4581 3444 4673 major
3482 4585 3607 4655 est
3654 4581 3851 4655 ordo

2304 4695 2386 4772 in
2425 4696 2914 4790 corporibus
2948 4696 3438 4781 coelestibuS,
3486 4717 3729 4791 qua-m
3771 4695 3852 4767 in

2306 4810 2487 4884 istis
2572 4809 3124 4884 inferioribus.
3198 4813 3298 4884 Et
3375 4811 3853 4885 antecedens

2304 4932 2674 5022 apparet,
2749 4948 2938 5002 nam
3009 4933 3300 5004 octava
3374 4930 3697 5022 sphaera
3768 4928 3852 4999 in

2308 5046 2564 5120 multo
2619 5044 2916 5139 majori
2963 5044 3496 5139 proportione
3545 5044 3859 5119 excedit

2308 5163 2716 5256 sphaeram
2762 5160 2910 5235 sibi
2967 5162 3541 5244 immediatam,
3607 5182 3850 5256 quam

2308 5280 2584 5372 aliqua,
2634 5279 2954 5373 spliaera
2999 5279 3344 5352 inferior
3383 5280 3699 5355 excedit
3733 5300 3852 5353 re-

2310 5397 2637 5490 Hquanr

2435 5518 2705 5594 Sexto,
2785 5516 3137 5605 quatuor
3207 5511 3608 5585 elementa
3689 5524 3854 5579 non
3919 5506 4182 5556 sexeum.

2310 5628 2895 5708 suntcontinue
2917 5626 3658 5723 proportionabilia
3679 5642 3855 5697 cor-
