4252 6393
360 2268 510 2334 ⁸oap.
540 2268 585 2317 1.

359 2374 375 2393 ’
392 2383 517 2424 num
541 2369 627 2429 17.

438 5646 519 5702 5¹.

706 445 824 509 420

697 608 954 683 tivum
995 608 1091 680 ad
1131 626 1362 680 suam
1395 608 1828 681 materiam
1863 609 2246 701 spiritua-

698 725 881 807 lem,
947 729 1397 816 sequuntur
1455 745 1679 816 aeque
1771 744 2068 817 magna
2138 724 2244 796 in-

698 842 1289 926 convenientia,
1337 842 1496 914 imo
1542 842 1900 935 maj0ra:
1951 843 2031 915 in
2077 863 2244 915 ma-

698 959 911 1034 teria
996 958 1211 1032 enim
1300 957 1568 1031 forma
1665 981 1900 1031 suum
1968 963 2242 1032 actum

695 1076 1286 1152 communicat:
1350 1065 1554 1166 ergo
1596 1075 1943 1149 materia
2006 1073 2244 1168 spiri-

695 1190 944 1265 tualis
994 1193 1072 1263 ct
1140 1192 1430 1273 nutrit,
1475 1195 1555 1265 et
1606 1195 2107 1283 augmentat,
2162 1194 2242 1265 et

695 1312 1059 1400 generat,
1102 1308 1194 1381 de
1268 1307 1551 1400 quibus
1614 1312 1938 1383 constat
2035 1310 2241 1402 quod

691 1443 853 1497 non
944 1427 1286 1517 possunt
1361 1425 1794 1498 convenire
1873 1424 2240 1498 matcriae

694 1541 1134 1635 spirituali.
1160 1542 1543 1634 Sequitur
1573 1542 1824 1616 etiam
1868 1544 2073 1635 quod
2106 1542 2240 1615 ha-

690 1659 875 1732 beat
919 1680 1154 1731 usum
1204 1660 1763 1752 potentiarum
1816 1660 2239 1735 sensitiva-

694 1794 902 1856 rum,
952 1775 1163 1866 quod
1240 1778 1364 1849 est
1416 1773 1741 1847 falsum.
1822 1776 2046 1858 Quod
2106 1796 2239 1869 pa-

689 1893 807 1964 tet
848 1890 1117 1983 primo
1160 1910 1304 1982 per
1343 1890 1926 1983 Philosophum
1986 1891 2241 1963 dicen-

688 2010 881 2090 tem,
946 2007 1151 2100 quod
1193 2011 1380 2082 sunt
1410 2012 1642 2081 actus
1704 2029 1850 2101 per
1897 2028 2233 2099 organa,

692 2124 922 2197 sicut·
973 2128 1197 2217 patet
1277 2125 1354 2196 in
1407 2125 1810 2218 principio
1870 2126 1963 2198 de
2016 2130 2239 2201 Som-

695 2261 824 2313 mo
867 2245 947 2316 et
1001 2240 1380 2332 Vigilia*‚
1432 2246 1513 2315 et
1544 2242 1912 2317 habitum
1936 2248 2061 2316 est
2112 2265 2236 2314 su-

694 2377 845 2449 pra
871 2359 918 2427 *.
967 2358 1349 2458 Secundo,
1378 2358 1584 2449 quod
1619 2379 1812 2430 usus
1850 2358 2236 2450 potentiae

694 2474 1104 2549 sensitivae
1163 2495 1322 2546 non
1389 2479 1539 2557 est,
1619 2475 1777 2547 nisi
1857 2480 2234 2568 respectu

693 2592 1128 2674 sensibilis,
1190 2596 1269 2664 et
1312 2613 1455 2685 per
1497 2592 1849 2685 speciem
1906 2591 2235 2664 sensibi-

691 2705 887 2789 lem;
934 2707 1128 2782 talis
1195 2711 1468 2780 autem
1511 2706 1862 2780 materia
1920 2726 2083 2778 non
2119 2727 2236 2778 rc-

688 2822 994 2916 cipitur
1040 2822 1200 2895 nisi
1258 2822 1340 2895 in
1390 2842 1765 2915 corpore,
1822 2843 2006 2894 cum
2049 2843 2236 2895 cor-

689 2939 973 3033 porale
1039 2959 1200 3011 non
1264 2938 1547 3030 gignat
1610 2937 1937 3011 omnino
2000 2937 2238 3030 spiri-

686 3056 931 3130 tuale.
969 3055 1271 3138 Tertio,
1356 3054 1544 3148 quia
1605 3076 1791 3127 cum
1851 3054 2068 3128 actio
2126 3055 2234 3127 sit

684 3193 732 3246 a
783 3172 1174 3267 potentia,
1235 3175 1359 3247 est
1418 3171 1852 3246 secundum
1915 3170 2236 3244 modum

688 3292 1116 3385 potentiae:
1215 3290 1349 3362 sed
1429 3289 1933 3363 intellectiva
1996 3288 2236 3362 habet

683 3409 1068 3482 latiorem
1146 3410 1567 3500 aspectum
1617 3425 1857 3499 quam
1912 3404 2236 3477 sensiti-

680 3546 807 3608 va,
871 3529 956 3599 ut
1018 3527 1242 3617 patet
1309 3543 1410 3597 e<
1494 3520 1833 3615 objectis
1903 3541 2229 3601 earum;

677 3663 876 3733 ergo
911 3640 1284 3734 operatio
1328 3639 1738 3712 sensitiva>
1784 3643 1909 3713 cst
1970 3637 2235 3729 magis

681 3762 1112 3832 contracta
1179 3760 1259 3830 et
1348 3756 1947 3837 determinata;
2029 3774 2232 3845 ergo

683 3895 865 3948 cum
926 3873 1290 3968 potentia
1335 3871 1836 3946 intellectiva
1890 3874 2234 3964 propter

685 3994 998 4065 tantam
1024 3987 1666 4061 abstractionem
1710 4007 1868 4059 non
1909 3986 2053 4060 fiat
2087 4007 2232 4079 per

682 4126 1107 4197 organum,
1135 4104 1528 4177 sensitiva
1558 4103 1693 4178 fiet
1723 4124 1865 4195 per
1891 4122 2225 4193 organa,

682 4244 853 4314 quae
900 4222 979 4293 in
1024 4220 1371 4293 materia
1404 4218 1818 4311 spirituali
1848 4240 2025 4291 esse
2065 4239 2228 4291 non

683 4335 1049 4427 possunt.

772 4453 1000 4530 Item,
1076 4468 1599 4542 quaecumque
1686 4448 2025 4521 univoce
2116 4446 2225 4519 (li-

679 4574 1000 4649 cuntur,
1038 4566 1417 4639 similem
1516 4566 1845 4637 modum
1929 4564 2222 4638 habent

682 4686 1110 4780 operando,
1148 4682 1472 4757 etiamsi
1515 4702 1762 4755 unum
1804 4687 2217 4764 causetur,

679 4808 757 4876 et
801 4800 1013 4874 aliud
1070 4803 1534 4893 generetur,
1603 4801 1813 4872 sicut
1851 4799 2059 4890 ignis
2093 4819 2222 4890 gc-

678 4920 1152 4999 neratus,et
1205 4915 1443 5006 ignis,
1505 4915 1572 4987 si
1643 4937 1687 4985 a
1728 4917 1895 4988 Deo
1962 4915 2054 4988 de
2084 4935 2221 4988 no·

675 5057 777 5108 vo
838 5036 1308 5108 crearetur:
1376 5031 1507 5103 sed
1552 5030 2054 5123 impossibile
2094 5036 2220 5104 est

678 5153 882 5246 quod
919 5171 1112 5222 usus
1147 5147 1493 5239 alicujus
1537 5147 1952 5220 sensitivae
1993 5147 2215 5220 bruti

676 5269 784 5342 sit
861 5267 1033 5339 sine
1081 5283 1437 5355 organo;
1526 5282 1725 5353 crgo
1791 5284 1936 5335 nec
2022 5283 2216 5335 usus

676 5383 1086 5457 sensitivae
1164 5377 1548 5460 hominiS,
1624 5398 1811 5449 nam
1877 5377 2216 5450 univoce

674 5506 858 5575 sunt
907 5496 1235 5572 animal.

757 5615 1035 5692 Tertio
1098 5613 1456 5696 ostendO,
1523 5610 1725 5706 quod
1788 5610 1928 5681 illa
1999 5608 2215 5683 ratio

1881 448 1985 510 DE
2014 446 2281 512 RERUM
2325 445 2713 510 PRINCIPIO

2356 608 2785 681 concludat
2946 606 3450 699 oppositum,
3587 604 3870 679 scilicet

2358 726 2565 816 quod
2607 724 3072 799 intellectus
3133 727 3256 797 est
3327 725 3595 797 forma
3649 722 3877 795 homi-

2356 843 2508 923 nis,
2554 846 2634 915 et
2696 842 2903 934 quod
2964 841 3142 933 ejus
3205 844 3435 915 actus
3504 859 3664 912 non
3735 839 3878 912 sint

2356 957 3085 1031 communicabiles
3140 958 3479 1051 corpori
3532 956 3669 1029 illo
3734 975 3886 1028 mo-

2353 1074 2476 1157 do,
2533 1097 2689 1167 quo
2747 1078 2977 1148 actus
3012 1074 3429 1148 sensitivi:
3475 1073 3640 1148 imo
3700 1074 3888 1165 quod

2357 1191 2424 1264 si
2490 1192 2748 1285 possit
2818 1192 3001 1275 dici,
3048 1213 3348 1286 corpus
3420 1192 3670 1266 etiam
3736 1211 3888 1262 sen-

2357 1307 2458 1382 tit
2551 1310 2630 1380 et
2721 1308 2951 1391 vivit,
3046 1309 3236 1401 quia
3303 1313 3430 1382 est
3509 1306 3685 1400 ejus
3738 1306 3892 1378 for-

2357 1445 2511 1507 ma,
2556 1430 2635 1498 ct
2676 1447 2717 1497 6
2786 1427 3213 1499 contrario
3282 1424 3476 1498 dicit
3532 1425 3624 1498 de
3681 1423 3890 1497 intel-

2353 1540 2673 1627 lectiva,
2710 1544 2835 1615 vel
2895 1544 3186 1619 saltem
3230 1542 3423 1615 illud
3465 1561 3627 1615 non
3679 1541 3893 1613 debet

2350 1657 2531 1729 dici.

2440 1774 2552 1846 Ad
2621 1774 2853 1867 cujus
2921 1773 3410 1847 evidentiam
3469 1776 3598 1848 est
3656 1773 4156 1902 scien-{3⁶23

2350 1892 2562 1972 (lum,
2639 1893 2844 1983 quod
2923 1891 3309 1984 aliqualis
3373 1896 3499 1965 est
3579 1890 3777 1963 ordo
3825 1908 3899 1962 m
4004 1909 4118 1958 mo.

2351 2006 2642 2079 formis
2687 2007 3082 2090 omnibus,
3130 2008 3320 2100 quia
3362 2009 3573 2081 sicut
3618 2006 3897 2080 formae

2352 2126 2654 2215 quanto
2690 2129 2877 2198 sunt
2912 2125 3589 2218 imperfectiores,
3619 2127 3699 2197 et
3750 2143 3903 2195 ma·

2351 2240 2582 2314 toriae
2673 2242 3336 2334 propinquioreS,
3407 2243 3645 2314 tanto
3717 2260 3905 2313 suas

2352 2357 2879 2449 operationes
2951 2359 3245 2432 habent
3328 2358 3592 2450 magis
3688 2356 3911 2431 infir-

2352 2492 2551 2554 mas,
2625 2474 2816 2565 quia
2886 2474 3237 2547 materia
3314 2473 3546 2565 quasi
3651 2472 3912 2545 trahit

2347 2588 2703 2661 formam
2768 2591 2863 2662 ad
2932 2611 3166 2663 suam
3234 2589 3467 2662 fidem
3529 2594 3615 2664 et
3679 2590 3908 2669 fines,

2347 2709 2427 2779 et
2486 2703 2758 2778 forma
2825 2707 3055 2799 quasi
3129 2706 3392 2782 trahit
3466 2707 3914 2781 materiam

2345 2819 2441 2891 ad
2502 2840 2740 2891 suum
2812 2821 3162 2902 modum,
3200 2825 3281 2894 et
3357 2825 3672 2913 quanto
3743 2841 3917 2915 per-

2349 2934 2735 3010 fectiores
2797 2941 2878 3012 et
2946 2957 2994 3008 a
3063 2938 3416 3012 materia
3480 2937 3919 3031 corporali

2352 3053 2843 3126 remotiores
2879 3058 3065 3127 sunt
3098 3053 3413 3138 formae,
3458 3059 3707 3130 tanto
3743 3075 3927 3148 ope-

2351 3169 2716 3245 rationes
2809 3170 3347 3265 perfectiores
3415 3172 3757 3256 habent,
3846 3174 3924 3243 et

2352 3288 2620 3361 minus
2682 3288 3118 3361 immersas
3191 3291 3597 3364 materiae.
3672 3288 3927 3362 Verbi

2350 3408 2649 3498 gratia,
2716 3406 3002 3479 formae
3089 3407 3673 3492 elementares,
3753 3428 3934 3501 quae

2350 3525 2535 3596 sunt
2644 3522 3011 3595 materiae
3080 3524 3595 3618 propinquae,
3679 3525 3933 3617 hujus

2349 3640 2534 3710 sunt
2629 3638 3121 3746 condi-tionis
3222 3661 3399 3732 quae
3505 3642 3937 3714 virtutem

2348 3753 2668 3836 habent,
2745 3753 3001 3846 quasi·
3044 3757 3308 3829 totam
3353 3758 3935 3842 materialem,

2346 3874 2425 3942 et
2491 3869 2861 3941 materiae
2904 3871 3402 3955 universam,
3468 3873 3594 3947 ita
3653 3880 3750 3949 ut
3825 3873 3942 3948 ni·

2345 3984 2458 4057 hil
2498 3991 2906 4070 moveant,
2977 3987 3138 4060 nisi
3236 4010 3381 4082 per
3458 3992 3946 4083 qualitates

2345 4100 2933 4186 accidentales;
2983 4103 3098 4177 sic
3154 4106 3403 4178 etiam
3475 4113 3686 4182 sunt
3775 4130 3946 4182 ma·

2341 4216 2681 4291 teria-les
2748 4223 2827 4291 et
2883 4220 3428 4314 incompletae,
3495 4230 3596 4298 ut
3673 4227 3949 4300 etiam

2341 4336 2608 4409 totum
2721 4338 2803 4409 et
2936 4341 3257 4429 partem
3379 4338 3950 4415 denominent

2338 4450 2790 4543 aequaliter,
2844 4456 3139 4525 etcum
3169 4454 3287 4526 eis
3363 4458 3961 4533 extendantur

2336 4569 2414 4638 ct
2474 4566 3105 4651 contrahantur,
3179 4590 3327 4643 nec
3403 4570 3688 4646 ullam
3764 4594 3959 4668 par-

2335 4686 2501 4755 tem
2569 4683 2651 4754 in
2693 4682 2862 4756 suis
2901 4685 3288 4778 operibus
3357 4687 3961 4765 determinent

2337 4797 2514 4881 sibi,
2582 4800 2959 4891 quaelibet
2992 4802 3213 4875 enim
3280 4824 3474 4897 pars
3510 4803 3771 4897 ignis
3828 4811 3962 4882 est

2335 4913 2570 5003 ignis,
2663 4919 2743 4987 et
2803 4915 3071 4989 forma
3129 4917 3343 5009 ignis
3437 4925 3966 4998 extenditur

2334 5030 2428 5101 ad
2487 5030 3161 5116 calefaciendum,
3243 5035 3370 5107 vel
3467 5042 3960 5114 extenden-

2331 5147 2516 5218 dum
2554 5168 2756 5240 opus
2793 5148 3034 5240 ignis,
3091 5170 3235 5225 nec
3287 5151 3681 5244 aliquam
3763 5177 3963 5252 par-

2332 5265 2497 5335 tem
2560 5263 2970 5354 signatam
3041 5265 3122 5338 in
3159 5267 3510 5341 materia
3562 5292 3740 5344 sua
3792 5274 3958 5347 sibi

2330 5376 2852 5451 determinat.

2423 5494 2506 5565 Si
2550 5497 2825 5567 autem
2861 5496 3343 5570 accedamus
3403 5498 3495 5570 ad
3540 5500 3958 5580 formam

2333 5609 2597 5692 mixti,
2665 5630 2839 5702 quae
2881 5615 3289 5706 estsuper
3339 5613 3742 5695 forma-m
3788 5624 3956 5696 616-
