4252 6393
162 3489 219 3537 19.

1600 388 1959 467 QUAESTIO
2006 391 2190 453 XVlll

344 571 471 643 per
530 572 772 643 quarn
835 553 1099 646 ipsum
1142 555 1320 627 fieri
1379 557 1590 630 addit
1633 579 1879 651 super

341 669 681 741 formam
726 697 739 739 ε
788 672 866 741 et
924 675 1115 743 tunc
1176 693 1355 745 cum
1416 678 1573 759 fieri
1638 676 1876 747 unius

342 786 449 856 roi
492 805 651 857 non
694 787 801 859 sit
839 808 984 882 ρον
1027 810 1109 858 se
1148 792 1304 874 fieri
1356 791 1702 864 alterius
1758 793 1874 865 rei

338 901 798 983 differentis,
846 905 1217 995 sequitur
1258 908 1462 999 quod
1524 929 1665 1000 per
1716 910 1877 981 tale

337 1023 485 1103 fiori
522 1039 682 1090 non
735 1020 845 1094 sit
881 1021 1149 1094 forma
1192 1044 1336 1116 ρον
1379 1047 1461 1097 se
1497 1052 1510 1094 :
1561 1032 1641 1099 et
1699 1028 1874 1100 dico

337 1159 448 1222 per
491 1160 581 1219 se,
634 1138 821 1228 quia
885 1160 1129 1211 unum
1168 1144 1323 1226 fieri
1370 1141 1565 1212 bene
1608 1148 1877 1234 potest

340 1250 425 1321 ad
482 1252 681 1323 duas
755 1274 885 1324 res
959 1256 1419 1337 terminari,
1506 1262 1875 1348 quamvis

342 1386 490 1439 non
554 1389 698 1461 per
764 1393 874 1453 se,
938 1376 1025 1444 ut
1098 1373 1193 1443 ad
1259 1393 1457 1453 rem,
1516 1379 1595 1448 et
1648 1397 1875 1448 suam

342 1486 839 1577 qualitatem.

427 1602 652 1684 Item,
710 1604 777 1676 si
816 1608 972 1689 fieri
1027 1605 1415 1679 albedinis
1467 1609 1679 1684 dicat
1738 1612 1877 1682 ali-

342 1740 572 1811 quam
619 1741 790 1793 rem
844 1743 1089 1814 super
1129 1722 1614 1809 albedinem;
1677 1749 1878 1818 quae-

344 1859 428 1909 ro
469 1841 745 1910 utrum
783 1838 922 1910 illa
956 1840 1119 1912 alia
1164 1861 1293 1912 res
1345 1843 1442 1913 ab
1492 1845 1875 1928 albedine,

341 1955 530 2023 liat?
593 1952 661 2023 si
711 1973 896 2033 non,
934 1973 1134 2044 ergo
1177 1960 1299 2026 est
1344 1957 1526 2048 quid
1561 1957 1881 2049 ingene-

346 2068 615 2140 rabile.
663 2070 827 2141 Nec
861 2075 984 2143 est
1020 2072 1212 2143 dare
1255 2075 1462 2165 quod
1502 2076 1608 2149 sit
1644 2076 1875 2148 idem.

348 2186 436 2257 Et
491 2184 744 2257 etiam
813 2187 1155 2260 alterius
1217 2190 1565 2279 generis,
1642 2213 1881 2283 quam

347 2303 604 2393 ipsum
641 2306 819 2388 sieri,
889 2304 1077 2395 quia
1141 2309 1297 2391 fieri
1352 2312 1476 2380 est
1549 2314 1875 2382 motus:

346 2421 607 2492 motus
677 2422 950 2490 autem
1018 2421 1108 2493 fit
1181 2442 1340 2493 non
1410 2444 1555 2515 per
1631 2425 1881 2499 alium

347 2538 676 2615 motum,
741 2536 865 2607 vel
934 2558 1081 2629 per
1165 2538 1378 2610 aliud
1445 2544 1621 2624 lieri,
1697 2543 1885 2633 quia

344 2656 528 2723 tunc
567 2654 781 2723 esset
848 2673 1280 2744 processus
1318 2656 1396 2726 in
1453 2657 1877 2733 infinitum.

347 2765 419 2835 Si
456 2771 728 2839 autem
776 2787 907 2840 res
952 2768 1116 2851 illa,
1183 2791 1423 2861 quam
1483 2773 1693 2846 addit
1732 2778 1888 2860 fieri

345 2883 726 2956 albedinis
773 2862 1056 2978 ’super
1142 2887 1611 2969 albedinem,
1697 2895 1879 2972 iiat;

347 3021 643 3091 quaerQ
722 3007 998 3075 utrum
1043 3024 1276 3075 suum
1318 3008 1474 3090 fieri
1523 3006 1628 3078 sit
1681 3006 1883 3079 idem

351 3139 433 3188 re
522 3125 863 3191 secum?
926 3118 993 3190 si
1056 3119 1213 3202 sic;
1295 3141 1492 3213 ergo
1580 3128 1659 3196 et
1732 3127 1889 3210 fieri

347 3233 727 3308 albedinis
782 3238 1057 3310 eadem
1120 3239 1494 3311 ratione:
1564 3240 1630 3313 si
1699 3262 1882 3323 non,

348 3355 469 3422 est
503 3371 938 3442 processus
974 3353 1052 3423 in
1098 3351 1525 3425 infinitum.

441 3465 668 3546 Item,
707 3466 772 3537 si
804 3471 961 3551 fieri
999 3467 1413 3554 albediniS,
1466 3470 1680 3542 addit
1719 3492 1887 3542 rem

346 3579 699 3671 aliquam
732 3584 827 3655 ad
867 3584 1334 3667 albedinem,
1409 3583 1550 3657 illa
1597 3607 1725 3658 res
1765 3590 1890 3659 est

345 3696 614 3789 aliqua
648 3699 915 3772 forma
951 3729 963 3771 ε
1002 3722 1202 3792 ergo
1260 3723 1411 3775 una.
1457 3703 1723 3777 forma
1765 3709 1889 3776 est

345 3816 499 3896 fieri
562 3817 935 3896 alterius,
1001 3820 1206 3908 quod
1275 3825 1399 3892 est
1467 3824 1706 3892 extra
1775 3822 1890 3913 ip-

348 3951 520 4002 sam
572 3959 585 4001 :
633 3936 711 4005 et
784 3934 899 4007 sic
963 3938 1284 4026 oportet
1346 3937 1616 4008 dicere
1686 3937 1891 4028 quod

342 4050 500 4130 fieri
554 4048 772 4120 illius
825 4049 1138 4130 formae,
1204 4054 1325 4122 est
1369 4054 1729 4143 ‹fluaedam
1774 4075 1889 4123 es-

348 4164 607 4236 sentia
666 4165 1071 4246 sormalis,
1134 4170 1214 4238 et
1264 4167 1587 4239 diversa
1654 4189 1738 4240 re
1794 4169 1891 4240 ab

349 4281 699 4354 essentia
744 4281 1053 4354 formae.

452 4396 669 4479 Item,
743 4398 811 4469 si
875 4397 1141 4470 forma
1210 4400 1481 4491 aliqua
1550 4405 1779 4472 lieret
1849 4421 1894 4470 a

353 4510 518 4582 Deo
552 4511 628 4584 in
664 4514 1030 4595 instanti,
1070 4516 1331 4587 forma
1370 4520 1445 4586 et
1482 4539 1625 4587 suu
1644 4538 1714 4587 111
1744 4521 1899 4601 fieri

351 4645 511 4697 non
540 4629 958 4703 differrent
995 4651 1106 4712 re,
1155 4631 1364 4704 sicut
1398 4653 1538 4704 nec
1582 4640 1897 4706 creatu-

356 4763 478 4825 ra,
553 4770 725 4838 quae
781 4753 1136 4830 creatur,
1173 4753 1251 4821 et
1296 4751 1605 4823 creatio
1644 4772 1843 4842 pura
1880 4780 1891 4821 :

355 4859 490 4930 sed
545 4864 755 4935 sicut
815 4862 891 4933 in
957 4859 1312 4934 factione
1389 4864 1901 4937 instantanea

358 4971 617 5048 forma
675 4977 976 5069 accipit
1034 4976 1274 5048 simul
1339 4981 1607 5050 totum
1668 5000 1900 5050 suum

353 5116 492 5161 esse
552 5116 696 5188 ρον
758 5097 919 5179 fieri
979 5093 1613 5176 instantaneum,
1663 5098 1777 5169 sic
1829 5097 1903 5167 in

358 5208 730 5293 factione,
772 5230 947 5300 quae
981 5212 1101 5281 est
1141 5215 1433 5291 motus,
1480 5212 1747 5283 forma
1782 5234 1902 5286 ac·

359 5321 557 5415 cipit
599 5348 743 5398 suu
763 5346 839 5397 m
882 5349 1017 5392 esse
1061 5327 1520 5398 successive
1557 5351 1698 5421 ρον
1746 5351 1903 5400 mo-

360 5444 582 5513 tum:
627 5463 827 5533 ergo
863 5441 1074 5514 sicut
1114 5445 1271 5527 fieri
1303 5442 1903 5517 instantaneum

362 5576 525 5629 non
564 5560 772 5633 addit
815 5560 907 5630 ad
946 5558 1298 5630 sormam
1354 5561 1592 5633 simul
1635 5585 1908 5656 aceep-

526 5694 656 5745 Tom.
694 5695 784 5745 lv.

3417 395 3539 463 625

1997 560 2193 637 tum,
2247 557 2360 628 sic
2407 578 2551 629 nec
2607 562 2874 631 motus
2934 559 3145 633 addit
3213 580 3385 632 rem
3447 561 3542 633 ad

1995 673 2350 745 sormam
2411 676 2863 748 successive
2913 682 3345 769 sumptam,
3388 698 3545 748 ma·

1993 790 2212 862 xime
2255 813 2435 863 cum
2485 792 2687 864 idem
2750 793 2879 875 sit,
2950 793 3299 864 formam
3341 795 3546 866 acci-

1997 923 2187 994 pere
2220 903 2687 986 essentiam,
2728 910 2807 978 et
2850 906 3325 979 essentialia
3367 924 3539 976 sua.

2088 1022 2318 1101 Item,
2361 1022 2745 1093 motusde
2785 1022 3100 1094 ratione
3129 1042 3272 1093 sua
3304 1021 3546 1093 inclu-

1992 1135 2106 1207 dit
2150 1136 2945 1211 infinitosterminos
3009 1138 3087 1209 in
3151 1136 3541 1230 potentia,

1995 1253 2183 1342 quia
2228 1253 2303 1323 in
2349 1254 2709 1345 quolibet
2760 1260 2918 1340 fieri
2975 1259 3164 1328 sunt
3226 1254 3547 1326 infinita

1991 1377 2176 1459 sacta
2217 1395 2351 1439 esse
2389 1372 2467 1443 in
2510 1373 2874 1464 potentia
2910 1400 2923 1442 :
2974 1373 3374 1445 terminus
3419 1393 3547 1444 au-

1993 1489 2156 1558 tem
2241 1492 2508 1561 motus
2578 1492 2700 1561 est
2767 1489 2941 1581 ipsa
3022 1510 3152 1560 res
3225 1489 3541 1572 formae,

1997 1625 2172 1695 quae
2240 1625 2386 1697 per
2477 1610 2784 1678 motum
2861 1608 3280 1689 educitur;
3345 1627 3545 1698 ergo

2000 1721 2264 1792 omnis
2301 1720 2570 1793 forma
2619 1742 2761 1814 per
2795 1728 3105 1797 motum
3139 1724 3424 1797 educta
3456 1725 3547 1796 de

2000 1838 2319 1910 ratione
2404 1859 2569 1910 suae
2654 1840 3027 1913 essentiae
3116 1841 3550 1912 secundum

2002 1953 2123 2022 sui
2176 1978 2309 2021 esse
2394 1954 2631 2029 habet
2679 1956 3036 2029 infinitas
3128 1960 3404 2049 partes
3472 1956 3553 2027 in

2002 2069 2390 2160 potentia.
2429 2073 2646 2144 Tunc
2682 2094 2985 2164 quaero,
3036 2074 3432 2163 quomodo
3469 2094 3553 2143 se

2001 2184 2295 2260 liabent
2373 2190 2466 2259 ad
2557 2189 2901 2261 invicem
2972 2190 3133 2261 illae
3221 2189 3553 2262 infinitae

2003 2306 2336 2393 partes?
2406 2310 2546 2377 aut
2613 2305 2828 2377 enim
2870 2306 2961 2378 de
3026 2306 3344 2380 ratione
3387 2326 3553 2377 suae

2001 2419 2376 2491 essentiae
2446 2420 2740 2494 habent
2805 2421 2979 2503 hoc,
3049 2424 3252 2514 quod
3295 2423 3391 2494 ad
3443 2424 3553 2495 in-

2000 2534 2261 2608 vicem
2307 2536 2913 2619 continuentur,
2998 2543 3137 2610 aut
3198 2560 3408 2620 non;
3484 2540 3550 2612 si

2004 2672 2163 2725 non
2197 2651 2804 2737 continuantur,
2832 2654 2964 2725 sed
2990 2654 3362 2745 quaelibet
3389 2660 3555 2728 stat

2008 2768 2085 2839 in
2129 2790 2213 2839 se
2273 2768 2370 2838 ab
2448 2769 2609 2840 alia
2667 2769 3045 2852 discreta,
3109 2772 3298 2843 tunc
3367 2772 3553 2842 sunt

2010 2885 2325 2957 infinita
2367 2892 2579 2968 actu,
2645 2906 2802 2958 non
2856 2887 3116 2958 solum
3163 2887 3551 2979 potentia.

2006 3004 2223 3073 Tunc
2255 3003 2504 3075 etiam
2542 3024 2926 3095 quaeram,
2968 3005 3367 3096 quomodo
3397 3006 3557 3078 illae

2010 3123 2286 3211 partes
2363 3124 2550 3192 actu
2631 3120 2964 3193 infinitae
3053 3123 3558 3195 constituant

2009 3256 2252 3307 unam
2316 3233 2717 3307 formam?
2773 3236 2924 3310 hoc
2985 3236 3198 3309 enim
3247 3242 3372 3311 est
3418 3238 3558 3309 im-

2011 3349 2394 3442 possibile
2465 3378 2477 3420 :
2547 3351 2734 3442 quia
2779 3351 2986 3423 sicut
3046 3351 3123 3422 in
3189 3351 3558 3443 partibus

2012 3470 2280 3538 motus
2321 3470 2443 3537 est
2504 3467 2726 3548 ordo,
2778 3471 2862 3540 ut
2934 3486 3092 3538 una
3161 3466 3557 3538 naturali-

2010 3584 2140 3652 ter
2198 3581 2597 3674 praecedat
2667 3581 2939 3662 aliam,
2990 3582 3106 3654 sie
3149 3582 3397 3654 etiam
3474 3581 3555 3652 in

2013 3697 2382 3788 partibus
2427 3697 2710 3769 formae
2777 3719 2922 3790 per
2977 3702 3289 3770 motum
3331 3693 3561 3771 edu'c-

2012 3818 2140 3886 tae.
2211 3817 2299 3886 In
2341 3814 2638 3886 talibus
2681 3817 2954 3886 autem
3000 3814 3116 3886 sic
3157 3819 3305 3895 est,
3354 3816 3560 3905 quod

2011 3951 2196 4002 cum
2248 3930 2564 4004 infinita
2615 3951 2774 4001 non
2826 3931 3140 4023 possint
3194 3934 3562 4023 pertran-

2014 4043 2188 4124 siri,
2254 4064 2659 4134 nunquam
2705 4042 2995 4115 ultima
3038 4063 3230 4135 pars
3275 4043 3562 4115 formae

2014 4165 2424 4252 generatae
2472 4160 2732 4251 potuit
2765 4160 3145 4250 generari
3183 4190 3195 4231 :
3247 4181 3406 4231 non
3441 4181 3566 4233 er-

2017 4297 2116 4364 go
2145 4281 2330 4349 sunt
2366 4281 2641 4368 partes
2668 4276 2764 4346 ab
2794 4276 3140 4348 invicem
3163 4278 3561 4359 discretae,

2019 4393 2150 4463 sed
2184 4392 2589 4464 continua*-
2619 4393 2949 4464 infinitae.
2979 4393 3367 4485 potentia,
3407 4413 3568 4464 non

2020 4515 2229 4591 actu,
2281 4511 2662 4583 habentes
2705 4511 2927 4582 intra
2979 4533 3061 4582 se
3103 4513 3568 4584 naturalem

2022 4626 2382 4696 ordinem
2455 4627 2789 4717 prioris,
2876 4632 2954 4698 et
3032 4629 3562 4718 posterioris;

2023 4741 2155 4812 sed
2195 4745 2460 4812 motus
2493 4747 2617 4814 est
2656 4742 2749 4821 id,
2790 4743 2993 4832 quod
3032 4743 3362 4816 includit
3403 4745 3567 4817 infi-

2024 4859 2236 4929 nitas
2303 4863 2578 4949 partes
2658 4859 3048 4949 potentia,
3123 4880 3280 4930 non
3350 4868 3565 4945 actu,

2022 4974 2407 5045 habentes
2469 4972 2931 5045 naturalem
2971 4973 3330 5047 ordinem
3391 5000 3572 5049 cum

2026 5089 2597 5162 successione:
2664 5109 2863 5178 ergo
2945 5110 3074 5160 res
3138 5096 3431 5172 motus,
3495 5098 3573 5166 et

2030 5229 2159 5277 res
2224 5204 2507 5276 forma}
2562 5204 2765 5275 idem
2830 5208 3076 5276 sunt:
3141 5224 3303 5277 non
3359 5209 3573 5279 enim

2028 5324 2109 5396 in
2142 5322 2414 5413 aliquo
2461 5319 3372 5405 inveniturdifferentia,
3419 5326 3578 5397 nisi

2030 5439 2234 5530 quod
2301 5441 2574 5530 partes
2631 5440 2897 5507 motus
2966 5437 3238 5510 dieunt
3290 5461 3454 5510 rem
3503 5443 3580 5513 in

2025 5562 2206 5643 fieri,
2314 5559 2586 5648 partes
2671 5575 2862 5625 vero
2956 5554 3239 5629 sorinze
3307 5558 3580 5635 dicunt

3333 5693 3396 5743 40
