4252 6393
1775 394 2137 470 QUAEsrlo
2184 396 2260 458 xl
3525 403 3603 465 57

422 566 608 634 sunt
658 559 897 632 valde
948 555 1483 636 rheumatici3
1561 553 1793 627 modo
1857 575 1969 625 se-

416 680 765 754 cundum
811 677 1190 759 medicos,
1248 675 1589 747 rheuma
1639 692 1970 764 genera-

410 803 548 872 tur
580 817 629 868 a
660 794 992 886 frigido.

498 913 615 987 Ad
651 913 852 985 illud
881 912 1188 984 dicitur
1234 909 1444 1002 quod
1491 906 1833 979 rheuma
1884 904 1969 977 il-

408 1032 536 1103 lud
574 1051 746 1102 non
786 1032 1306 1121 generatura
1337 1025 1667 1105 lumine,
1706 1023 1840 1094 sed
1870 1021 1970 1093 ab

403 1148 566 1220 alia
638 1145 1067 1220 influentia
1109 1147 1378 1225 Lunae,
1426 1163 1666 1235 quam
1728 1139 1968 1214 habet

409 1269 714 1357 praeter
747 1265 1047 1336 lumen.

493 1385 594 1455 Et
641 1382 712 1454 si
760 1382 1111 1460 dicatur,
1165 1398 1394 1470 aeque
1443 1375 1644 1448 bene
1697 1373 1969 1448 multi-

405 1498 773 1591 plicatur
826 1496 985 1569 ista
1036 1495 1200 1567 alia
1264 1493 1684 1566 influentia
1754 1491 1968 1564 infra

402 1616 709 1695 radios,
763 1614 975 1688 sicut
1015 1616 1256 1685 extra
1316 1609 1616 1692 radios,
1668 1610 1970 1684 dicitur

397 1733 617 1825 quod
676 1732 873 1804 licet
921 1730 1079 1803 ista
1120 1728 1543 1801 influentia
1588 1727 1972 1820 multipli-

405 1856 652 1925 cetur
715 1854 886 1923 tam
931 1849 1012 1922 in
1079 1848 1393 1928 umbra,
1449 1867 1691 1939 quam
1736 1848 1815 1919 in
1857 1849 1969 1919 lu-

398 1969 620 2040 mine
678 1969 950 2048 Lunae,
994 1986 1157 2038 non
1205 1964 1469 2053 magis
1519 1964 1965 2055 infrigidat,

392 2086 534 2157 sed
612 2085 803 2177 quia
854 2083 1114 2175 magis
1157 2105 1255 2155 ex
1313 2083 1623 2157 directo
1679 2081 1974 2175 aspicit

402 2222 747 2294 passum
799 2200 1416 2291 frigefactibile.

65 2335 281 2410 Dubium
312 2335 363 2385 2.
500 2321 863 2393 Secundo
905 2319 1352 2399 dubitatur,
1391 2338 1648 2409 quare
1701 2318 1970 2391 multi-

84 2397 339 2525 qffl‘ss‘fss.
402 2436 762 2530 plicetur
819 2434 1026 2510 talis
1095 2434 1518 2507 influentia
1564 2456 1819 2526 usque
1861 2435 1973 2506 in-

60 2530 191 2577 dm·
396 2553 690 2625 serius.
729 2553 1031 2626 Dicunt
1062 2551 1323 2644 aliqui
1374 2552 1582 2643 quod
1643 2551 1970 2623 influen-

400 2673 528 2744 tia
562 2671 723 2743 ista
747 2674 874 2744 est
909 2670 1022 2743 ita
1058 2667 1521 2762 spiritualis
1566 2668 1775 2760 quod
1806 2689 1968 2740 non

399 2783 742 2874 oportet
770 2779 1036 2871 ipsum
1059 2776 1392 2849 diffundi
1413 2796 1556 2869 per
1588 2776 1963 2855 medium,

397 2896 543 2968 sed
589 2892 1061 2967 immediate
1093 2913 1400 2986 corpus
1424 2891 1748 2964 coeleste
1782 2911 1964 2962 cau-

394 3015 536 3083 sat
574 3010 820 3082 istam
866 3007 1373 3081 influentiam
1406 3005 1536 3078 hie
1592 3004 1959 3086 inferius,

393 3132 487 3202 et
543 3127 624 3199 in
691 3125 1148 3200 visceribus
1224 3128 1502 3205 terrae,
1570 3124 1745 3195 sine
1810 3123 1960 3196 hoc

395 3249 615 3340 quod
650 3250 1053 3320 causatur
1096 3265 1242 3337 per
1301 3244 1597 3334 ignem,
1646 3242 1773 3314 vel
1838 3262 1960 3314 ae-

398 3385 583 3438 rem
631 3361 1227 3437 intermedium.

172 3506 245 3555 u.
497 3485 807 3556 Contra
840 3480 993 3553 hoc
1031 3478 1444 3570 objicitur,
1484 3476 1693 3569 quod
1727 3497 1961 3548 omne

74 3566 364 3681 immm-
396 3616 742 3670 movens
791 3600 916 3669 est
978 3595 1222 3668 simul
1271 3615 1457 3668 cum
1506 3598 1731 3668 moto
1780 3617 1865 3662 ex
1891 3597 1957 3667 7.

386 3718 866 3803 physicorum,
931 3717 1012 3786 et
1075 3732 1313 3785 omne
1376 3731 1628 3803 agens
1715 3710 1959 3784 simul

383 3852 583 3904 cum
610 3851 877 3923 passo,
927 3834 1014 3904 ut
1041 3833 1265 3921 patet
1298 3833 1361 3900 1.
1386 3832 1471 3897 de
1493 3831 1959 3913 Generacione,

384 3950 656 4043 igitur
689 3949 849 4023 ista
883 3947 1245 4041 qualitas
1290 3968 1453 4019 non
1486 3950 1770 4040 posset
1820 3947 1962 4019 im·

390 4068 745 4145 mediate
803 4064 1135 4139 causari
1198 4064 1274 4136 in
1320 4063 1502 4137 istis
1550 4063 1959 4136 inferiori-

386 4188 545 4260 bus
591 4184 751 4257 nisi
792 4182 1024 4276 prius
1079 4184 1473 4254 causetur
1524 4201 1670 4273 per
1714 4181 1954 4253 inter-

393 4301 781 4376 medium.

410 4427 415 4428 *
493 4421 705 4494 Item
738 4417 987 4490 aliter
1015 4415 1342 4497 dicitur,
1392 4415 1599 4507 quod
1633 4414 1791 4487 ista
1846 4414 1955 4486 in-

392 4537 740 4610 fluentia
814 4539 1208 4608 causatur
1287 4531 1874 4606 insensibiliter
1906 4552 1951 4602 a

393 4653 602 4728 coelo
665 4651 1161 4726 alteratione
1221 4669 1368 4742 per
1439 4648 1736 4720 eoelum
1795 4669 1949 4720 me-

389 4772 644 4854 dium,
684 4767 1357 4863 quemadmodum
1383 4765 1656 4837 lumen
1693 4765 1949 4839 insen-

391 4887 755 4960 sibiliter
778 4884 1281 4978 producitur.

481 5003 765 5078 Tertio
797 5002 1216 5077 dubitatur
1248 4999 1471 5073 circa
1495 4999 1946 5073 conclusio-

386 5143 581 5195 nem
641 5119 1005 5193 seeundae
1047 5116 1339 5212 partis,
1386 5121 1661 5189 utrum
1712 5117 1779 5189 si
1823 5136 1943 5188 ra-

124 921 350 971 Salutio·

52 4443 89 4487 A
96 4439 169 4487 lin
200 4444 363 4515 ⁴solu..

172 4513 189 4553 8
195 4521 264 4556 20.

48 5048 270 5102 Dubium
299 5052 354 5104 3.

2084 556 2251 626 les?
2307 560 2405 631 Et
2444 558 2764 632 videtur
2806 561 3010 652 quod
3055 562 3198 644 sic,
3245 561 3435 655 quia
3480 564 3620 635 ali-

2085 677 2213 747 ter
2269 693 2430 745 non
2477 675 2652 748 sola
2731 678 3139 771 oppositio
3202 679 3620 752 radiorum

2080 796 2302 865 esset
2341 811 2590 863 eausa
2621 790 3087 885 hujusmodi
3110 795 3442 869 caloris.
3474 797 3622 870 Sed

2084 906 2291 995 quod
2323 927 2507 989 non,
2529 908 2854 984 videtur
2872 910 2967 982 ad
2996 911 3616 1004 experientiam,

2080 1020 2270 1111 quia
2303 1024 2507 1096 radii
2567 1025 2813 1098 Ltinae
2864 1028 3146 1101 reflexi
3200 1029 3296 1101 ad
3346 1049 3621 1121 specu-

2080 1139 2247 1211 lum
2290 1161 2738 1216 concavum
2793 1165 2954 1217 non
3004 1146 3461 1237 producunt
3511 1146 3620 1237 ig-

2080 1273 2289 1337 nem,
2328 1256 2541 1331 sicut
2569 1259 2774 1333 radii
2809 1262 3046 1334 Solis.

2170 1372 2284 1444 Ad
2319 1372 2478 1448 ista
2507 1374 2833 1459 dicitur,
2873 1381 3078 1470 quod
3119 1379 3278 1452 ista
3315 1380 3617 1454 dubita·
3644 1391 3955 1455 Responsio·

2082 1488 2200 1562 tio
2267 1497 2831 1589 praesupponit
2895 1519 3142 1570 unum
3207 1499 3410 1574 satis
3488 1500 3618 1572 du-

2079 1604 2326 1689 bium,
2347 1609 2658 1685 seilicet
2676 1615 2882 1705 quod
2907 1615 3179 1687 radius
3197 1615 3620 1699 intensior,

2082 1727 2164 1799 et
2198 1729 2631 1803 remissior
2706 1734 2801 1805 ad
2866 1735 3218 1826 aequales
3278 1736 3621 1827 angulos

2086 1840 2698 1935 refrangantur,
2805 1850 3130 1922 caeteris
3249 1850 3616 1942 paribus;

2086 1960 2275 2050 quia
2332 1960 2521 2034 dato
2582 1966 2788 2056 quod
2832 1986 2993 2039 non
3058 1966 3620 2058 refrangeren-

2087 2082 2226 2153 tur
2275 2079 2371 2150 ad
2430 2082 2807 2172 aequales‚
2859 2086 3050 2155 tunc
3113 2088 3430 2156 certum
3496 2089 3620 2159 est

2088 2197 2293 2287 quod
2336 2217 2494 2267 non
2545 2200 2973 2291 aequaliter
3011 2206 3448 2275 causarent
3497 2222 3621 2275 ea-

2085 2308 2385 2391 lorem;
2442 2312 2576 2382 scd
2643 2314 3069 2405 supposito
3134 2314 3341 2405 quod
3407 2313 3620 2385 fran-

2086 2431 2391 2515 gantur
2422 2427 2515 2498 ad
2557 2429 2901 2519 angulos
2952 2431 3331 2523 aequales,
3369 2430 3621 2503 adhuc

2085 2562 2246 2614 non
2306 2546 2750 2636 producent
2792 2548 3188 2640 aequalem
3221 2549 3617 2630 calorem:

2083 2662 2164 2731 et
2197 2680 2446 2731 causa
2491 2666 2614 2735 est
2675 2664 2881 2755 quod
2933 2664 3207 2736 radius
3265 2664 3620 2737 incidens

2081 2775 2178 2845 ad
2246 2775 2569 2868 aliquod
2649 2779 2995 2851 medium
3055 2780 3399 2854 alterius
3464 2781 3621 2854 dia-

2084 2890 2605 2983 phaneitatiS,
2663 2917 2759 2967 ex
2798 2917 2954 2987 quo
3009 2896 3314 2971 invenit
3358 2898 3620 2971 obsta-

2079 3010 2377 3092 culum,
2400 3016 2780 3085 natusest
2804 3012 3065 3085 redire
3082 3015 3514 3086 secundum
3535 3014 3620 3086 li-

2087 3145 2324 3198 neam
2343 3126 2878 3210 consimilem,
2904 3128 3353 3202 secundum
3377 3150 3619 3222 quam

2075 3242 2575 3326 incessisset,
2646 3244 2713 3316 si
2787 3265 2949 3316 non
3021 3245 3275 3318 fuisse
3343 3248 3622 3342 timpe-

2075 3358 2548 3442 ‹limentum,
2589 3364 2676 3435 ut
2719 3365 2944 3453 patet
2982 3382 3125 3454 per
3157 3363 3491 3438 Lincon.
3547 3371 3609 3438 1.

2077 3477 2847 3573 Posteriorum,·ymodo
2898 3498 3088 3549 eum
3138 3481 3412 3554 radius
3459 3481 3619 3555 for·

2076 3592 2242 3665 tius
2305 3593 2774 3667 incessisset
2843 3594 2938 3666 ad
3005 3597 3402 3688 majorem
3470 3599 3620 3671 dis-

2076 3711 2450 3793 tantiam,
2499 3713 2869 3804 sequitur
2925 3716 3128 3806 quod
3195 3714 3444 3789 etiam
3526 3717 3620 3788 ad

2079 3828 2482 3921 majorem
2569 3829 3045 3904 distantiam
3110 3831 3614 3913 reflectatur,

2075 3950 2157 4019 et
2211 3945 2324 4018 sic
2371 3949 2495 4018 est
2538 3945 2644 4018 ibi
2688 3947 2956 4041 major
3005 3947 3415 4040 oppositio
3468 3947 3618 4019 sal-

2075 4067 2244 4137 tem
2285 4063 2831 4145 extensive,et
2874 4065 3295 4146 intensive,
3344 4066 3614 4158 posito

2076 4180 2286 4272 quod
2345 4180 2841 4253 luminosum
2918 4186 3298 4255 causaret
3347 4183 3615 4256 lumen

2072 4319 2257 4370 cum
2303 4297 2635 4389 impetu,
2671 4298 2796 4369 vel
2831 4303 3156 4373 conatu.

2162 4418 2473 4496 Quarto
2503 4412 2946 4497 dubitatur,
2985 4435 3159 4506 s1¹¹2ss
3193 4415 3300 4492 sit
3332 4436 3606 4498 0³⁰8&
3642 4425 3883 4539 οηὺέἓῑη
3906 4488 3932 4537 ⁴

2073 4550 2325 4622 quare
2376 4531 2583 4604 radii
2642 4530 2757 4606 sic
2807 4532 3166 4625 oppositi
3221 4533 3393 4607 nati
3447 4534 3610 4608 sint

2069 4668 2416 4722 causare
2457 4649 2873 4722 calorem?
2933 4648 3232 4722 Dicunt
3287 4651 3610 4741 quidam

2068 4767 2278 4859 quod
2313 4767 2584 4838 lumen
2630 4771 2755 4841 est
2797 4766 3149 4858 qualitas
3207 4767 3609 4841 nobilissi-

2066 4904 2199 4956 ma
2269 4883 2483 4958 inter
2565 4883 3004 4976 qualitates
3098 4887 3603 4977 corporales,

2062 5021 2306 5092 quam
2356 4999 2670 5093 antiqui
2731 5000 3209 5094 Philosophi
3251 5004 3607 5077 maxime

2057 5116 2617 5199 laudaverunt,
2700 5117 2873 5190 ideo
2927 5122 3122 5191 nata
3165 5123 3290 5192 est
3341 5119 3601 5212 ipsam

382 5239 570 5312 dius
604 5236 935 5318 fortior,
979 5239 1058 5308 et
1082 5233 1427 5306 debilior
1460 5237 1940 5305 occurentes
2057 5234 2285 5326 sequi
2308 5233 2706 5315 caliditaS,
2739 5253 2913 5325 quae
2944 5239 3068 5308 est
3091 5235 3602 5309 nobilissima

381 5354 698 5428 duobus
788 5352 1070 5425 mediis
1166 5351 1680 5423 diversarum
1779 5349 1937 5421 dia-

386 5470 981 5565 phaneitatum,
1056 5466 1396 5540 refracti
1445 5464 1540 5536 ad
1589 5465 1932 5555 angulos

382 5588 773 5688 oequaleS,
810 5587 1264 5697 producant
1304 5585 1623 5675 calores
1667 5602 1928 5694 aequa-

2053 5351 2409 5443 qualitas
2441 5355 2782 5443 excepto
2825 5351 3150 5423 lumine.

2137 5468 2433 5551 Quinto
2477 5469 2922 5551 dubitatur,
2986 5476 3265 5545 utrum
3321 5469 3592 5542 lumen
3619 5489 3854 5539 Dubium
3883 5490 3933 5538 5.

3668 5552 3900 5603 Solutio.

2046 5585 2258 5680 ignis
2292 5583 2723 5676 calefacit?
2768 5585 2882 5674 Ad,
2915 5587 3123 5689 quod
3162 5586 3580 5670 dicendum
3616 5615 3770 5683 sym,
3824 5615 3933 5670 015.
