4252 6393
1707 402 2080 482 QUAESTlo
2131 404 2208 467 v1
3325 403 3435 472 341

279 564 550 647 demus,
604 566 809 658 quod
862 563 944 637 in
989 563 1211 639 omni
1280 568 1795 662 oppositione

283 685 581 775 oportet
640 682 848 773 quod
911 681 1179 756 virtus
1221 686 1793 760 transmutans

280 800 372 874 sit
455 799 717 892 major
812 804 893 875 et
981 799 1274 882 minor,
1359 804 1794 877 secundum

280 914 670 1006 majorem,
714 914 845 987 vel
885 914 1289 988 minorem
1319 918 1792 990 convenien-

2381 818 2815 878 ARTICULUS
2904 820 2975 876 11.

277 1031 474 1112 tiam,
522 1030 649 1103 vel
698 1030 1502 1107 disconvenientiam.
1570 1033 1791 1108 Unde

278 1148 572 1238 oportet
627 1147 835 1238 quod
893 1147 1163 1241 major
1224 1148 1332 1223 sit
1389 1148 1785 1232 caliditas,

277 1283 428 1356 quae
461 1263 549 1336 de
608 1262 909 1355 frigido
959 1262 1160 1340 facit
1216 1265 1566 1338 calidum
1612 1291 1627 1335 :
1674 1266 1789 1340 sic

275 1386 379 1456 est
417 1384 491 1456 in
532 1386 758 1455 motu
791 1381 1062 1463 locali,
1109 1382 1298 1475 quia
1332 1382 1601 1474 maj0r
1628 1384 1789 1457 vir-

271 1503 386 1573 tus
425 1499 900 1593 requiritur,
966 1498 1103 1570 ubi
1172 1498 1442 1591 major
1480 1502 1604 1573 est
1649 1520 1788 1592 op-

273 1615 564 1709 positio,
626 1614 753 1687 vel
803 1614 1195 1688 distantia
1254 1614 1472 1688 inter
1510 1616 1787 1689 termi-

269 1752 432 1813 nos:
473 1751 673 1824 ergo
714 1732 981 1805 virtus
1030 1731 1121 1804 de
1177 1729 1432 1803 nihilo
1484 1731 1785 1805 faciens

271 1848 539 1941 aliquid
607 1846 1076 1922 necessario
1136 1849 1259 1919 est
1315 1866 1658 1929 summa,
1705 1852 1785 1924 et

269 1966 578 2039 infinita.

346 2086 561 2165 Item,
610 2080 1113 2176 impossibile
1154 2085 1279 2155 est
1318 2081 1523 2174 quod
1564 2101 1785 2154 crea-

267 2206 430 2275 tura
483 2204 855 2293 aequetur
884 2197 1273 2279 creatori,
1319 2218 1505 2271 cum
1548 2197 1656 2272 sit
1695 2197 1786 2270 li-

270 2319 553 2401 mitata,
602 2321 689 2393 ut
756 2315 948 2390 dicit
1002 2315 1507 2406 Augustinus
1550 2318 1657 2388 12.
1703 2317 1784 2384 de

271 2439 445 2505 civit.
478 2461 627 2526 cap.
660 2437 728 2507 2.
766 2437 971 2503 Rebus
1015 2432 1333 2524 (inquit)
1367 2455 1528 2522 quas
1566 2456 1649 2501 ex
1678 2436 1780 2501 ni·

264 2556 380 2622 hilo
409 2556 681 2636 creavit,
715 2574 850 2620 esse
877 2551 1086 2631 dedit,
1114 2551 1229 2618 sed
1259 2572 1393 2618 non
1422 2572 1671 2619 summe
1690 2573 1781 2618 es·

260 2676 482 2740 sesicut
510 2674 660 2761 ipse
689 2680 803 2748 est,
826 2680 887 2734 el
908 2668 1068 2734 aliis
1089 2666 1275 2734 dedit
1296 2688 1431 2733 esse
1460 2668 1773 2754 ampliu-5,

259 2788 392 2853 aliis
426 2791 673 2865 mium,
733 2795 929 2872 atque
983 2787 1078 2850 ita
1125 2794 1405 2850 naturas
1459 2785 1779 2849 essentia-

257 2924 384 2973 rum
432 2902 755 2993 madibus
791 2900 1161 2978 ordinavit,
1227 2897 1361 2969 sed
1420 2916 1778 2990 aequare-

258 3022 392 3098 tur,
462 3018 531 3091 si
606 3018 874 3110 potest
941 3033 1268 3093 creare;
1351 3031 1547 3104 ergo
1616 3032 1779 3085 non

258 3138 492 3227 potest
525 3152 845 3208 creare.
884 3130 1157 3205 Minor
1191 3131 1416 3223 patet
1454 3149 1597 3223 per
1626 3131 1777 3203 Da·

260 3271 700 3327 mascenum
745 3253 857 3319 lib.
905 3253 967 3322 1.
1019 3249 1296 3317 orthod.
1358 3248 1481 3334 fid.
1526 3270 1671 3337 cap.
1709 3251 1772 3320 1.

261 3370 373 3461 qui
410 3369 628 3450 dicit,
677 3366 884 3460 quod
916 3370 1064 3455 ipsa
1114 3367 1386 3445 creatio,
1439 3375 1499 3431 et
1544 3366 1778 3454 quber-

258 3489 418 3552 natio
479 3482 1019 3574 maqniludinem
1083 3480 1460 3569 praedicant
1524 3480 1778 3549 divinae

254 3606 561 3690 potoeuioe.

335 3719 553 3799 Item,
600 3731 1299 3808 quorumcumque
1358 3710 1774 3806 agentium

259 3832 611 3908 ultimum
677 3832 769 3905 de
819 3829 1189 3924 potentia
1251 3833 1378 3902 est
1435 3828 1768 3919 aequale,

259 3967 514 4021 eorum
580 3947 853 4020 virtus
918 3948 1044 4018 est
1112 3943 1473 4037 aequalis,
1585 3942 1773 4036 quia

260 4066 662 4138 secundum
690 4061 1225 4136 Aristotelem
1254 4062 1320 4133 7.
1364 4063 1570 4148 Phys.
1606 4073 1767 4129 text.

260 4202 396 4250 eom.
431 4184 537 4255 18.
596 4181 870 4254 virtus
912 4183 1039 4252 est
1089 4177 1465 4250 ultimum
1497 4177 1589 4249 de
1631 4197 1771 4269 po-

262 4297 531 4379 tentia;
579 4297 713 4369 sed
753 4315 1040 4368 creare
1096 4298 1220 4367 est
1269 4293 1649 4366 ultimum
1680 4293 1772 4365 de

267 4416 599 4503 potentia
616 4414 699 4487 in
722 4416 1079 4491 creante,
1102 4410 1296 4503 quia
1327 4429 1486 4481 non
1503 4413 1773 4502 potest

264 4530 687 4623 excogitari
730 4529 999 4622 maj0r
1040 4524 1447 4621 oppositio
1499 4524 1773 4599 termi-

264 4662 571 4720 norum:
614 4652 696 4721 et
738 4645 1171 4718 secundum
1213 4643 1418 4734 quod
1448 4644 1571 4714 est
1605 4661 1773 4713 ma-

259 4759 375 4851 jor
403 4763 830 4857 oppositio,
871 4764 1200 4854 oportet
1234 4759 1438 4851 quod
1471 4758 1576 4830 sit
1613 4777 1771 4829 ma·

258 4874 526 4965 joritas
559 4879 959 4952 invirtute
979 4878 1613 4954 transmutante;
1655 4875 1772 4960 (ut

267 4997 648 5066 ostensum
701 4996 857 5082 est)
897 5010 1095 5082 ergo
1148 4990 1217 5062 si
1257 4992 1472 5063 Deus
1515 4992 1767 5069 creat,

266 5108 332 5178 et
388 5114 762 5182 creatura
837 5109 1090 5187 creat,
1144 5124 1430 5177 eorum
1505 5103 1772 5176 virtus
1833 5118 1847 5128 ’

268 5225 374 5295 est
411 5224 725 5297 omnino
769 5222 1132 5315 aequalis,
1188 5221 1399 5314 quod
1439 5224 1565 5294 est
1634 5219 1774 5292 im-

271 5340 644 5427 possibile.

1903 1001 2055 1067 Non
2114 1020 2304 1088 posse
2343 1000 2826 1066 communicari
2855 1011 3181 1069 creatura?
3233 1004 3449 1069 virtu-

2438 1127 2564 1183 tem
2607 1116 2908 1185 creandi.

1993 1311 2233 1385 Circa
2316 1308 2776 1391 secundum,
2850 1308 3164 1385 scilicet
3241 1313 3446 1404 quod

1904 1426 2270 1522 potentia
2319 1423 2704 1499 causandi
2762 1430 3167 1500 creaturae
3232 1448 3445 1502 com-

1905 1541 2308 1617 municari
2384 1561 2544 1613 non
2614 1540 2901 1634 possit,
2979 1561 3128 1617 nec
3194 1543 3444 1618 etiam

1899 1662 2067 1735 Deo
2168 1656 2598 1750 cooperari
2691 1657 3088 1750 primario
3186 1661 3447 1751 possit

1900 1779 2311 1851 creatura.
2377 1773 2800 1848 Sciendum
2833 1778 2982 1856 est,
3029 1775 3236 1866 quod
3268 1797 3449 1849 coo-

1900 1892 2177 1988 perari
2248 1893 2416 1964 Deo
2464 1890 2545 1963 in
2614 1890 3141 1983 productione
3204 1891 3449 1965 alicu-

1888 2010 2051 2103 jus,
2104 2007 2538 2100 dupliciter
2587 2009 2854 2099 potest
2897 2006 3280 2098 intelligi;
3315 2010 3445 2081 vel

1900 2128 1982 2199 in
2021 2123 2539 2217 disponendo,
2601 2122 2730 2193 vel
2774 2122 2853 2195 in
2896 2123 3434 2215 producendo

1901 2245 1992 2317 In
2059 2238 2575 2334 disponendO,
2632 2235 2891 2310 adhuc
2966 2238 3436 2332 dupliciter;

1894 2359 2021 2433 vel
2053 2358 2173 2432 ita
2197 2356 2405 2450 quod
2436 2355 2578 2427 illa
2606 2353 3031 2446 dispositio
3053 2354 3441 2448 respiciat

1897 2477 2116 2558 illud,
2154 2474 2283 2548 cui
2324 2472 2551 2545 debet
2595 2470 2928 2553 infundi,
2968 2472 3175 2563 quod
3215 2492 3436 2545 crea-

1895 2600 2058 2677 tur,
2139 2596 2221 2666 et
2280 2590 2440 2664 isto
2509 2587 2742 2661 modo
2814 2591 3202 2662 creatura
3267 2591 3437 2662 Deo

1892 2713 2391 2804 cooperatur
2460 2705 2541 2779 in
2589 2703 3032 2786 creatione,
3106 2708 3195 2780 ut
3246 2705 3440 2778 libe-

1895 2844 2078 2901 rum
2099 2822 2545 2910 'arbitrium
2570 2820 2651 2894 in
2684 2820 3089 2894 infusione
3120 2822 3436 2914 gratiae,

1892 2940 2406 3017 assentiendo
2438 2943 2517 3012 et
2549 2957 2709 3010 non
2771 2937 3433 3019 contradicendo,

1889 3063 1969 3134 et
2029 3060 2329 3131 natura
2382 3055 2463 3128 in
2504 3054 2920 3128 creatione
2975 3053 3267 3127 animae
3311 3072 3439 3125 ra-

1891 3175 2225 3253 tionalis
2309 3171 2799 3266 disponendo
2865 3191 3190 3264 corpus,
3275 3190 3434 3264 quo

1889 3292 2313 3386 disposito,
2356 3291 2573 3364 Deus
2638 3288 2774 3362 dat
2813 3287 3172 3360 animam
3235 3315 3250 3360 ε
3303 3289 3432 3362 vel

1890 3411 2007 3484 ita
2042 3406 2248 3501 quod
2282 3405 2422 3479 illa
2453 3403 2883 3497 dispositio
2917 3403 3433 3495 intelligatur

1889 3549 1989 3602 ex
2036 3529 2273 3620 parte
2301 3521 2449 3598 Dei
2491 3519 2873 3600 creantis,
2935 3522 3017 3592 et
3056 3520 3218 3596 isto
3262 3541 3432 3594 mo-

1887 3645 1984 3718 do
2025 3645 2153 3718 est
2193 3637 2719 3733 impossibile,
2785 3657 2969 3709 cum
3018 3636 3244 3714 nulla
3295 3657 3430 3711 no-

1885 3782 1989 3834 va
2053 3757 2485 3852 dispositio
2526 3777 2626 3828 ex
2669 3760 2906 3848 parte
2965 3755 3112 3832 Dei
3168 3755 3430 3848 requi-

1889 3881 2129 3951 ratur
2168 3877 2263 3950 ad
2305 3873 2483 3957 hoc,
2520 3873 2726 3967 quod
2758 3871 3061 3966 aliquid
3091 3877 3337 3947 creet.

2464 4073 2864 4131 SGHOLIUM.

1955 4252 2123 4324 Quod
2173 4252 2275 4309 hic
2323 4250 2560 4307 clarius
2607 4253 2668 4306 et
2711 4247 3005 4306 diffusius
3043 4250 3173 4324 agit
3217 4251 3428 4309 Scotus

1884 4353 1960 4411 de
2008 4352 2188 4407 varia
2219 4348 2625 4421 dispositione
2655 4344 2733 4403 ad
2762 4346 3219 4418 cooperandum
3261 4347 3429 4405 divi-

1887 4464 1981 4507 nae
2010 4449 2232 4506 virtuti
2264 4448 2330 4503 in
2371 4445 2685 4502 creatione
2715 4443 2902 4514 alicuj
2915 4458 2987 4499 us
3016 4445 3254 4515 tormae,
3286 4446 3433 4504 bre-

1885 4551 2030 4606 vius
2060 4546 2290 4619 repetit
2319 4547 2382 4602 in
2403 4546 2455 4600 4.
2479 4543 2603 4600 dist
2625 4544 2674 4598 1.
2700 4546 2918 4614 quaest.
2946 4543 3064 4608 1.§.
3085 4544 3218 4599 Dico
3238 4549 3429 4612 etiam,

1885 4642 1946 4695 et
1973 4635 2399 4708 sequentibus,
2432 4632 2537 4690 ubi
2573 4631 2845 4689 admittit
2871 4637 3223 4690 creaturam
3255 4648 3431 4705 posse

1887 4734 2226 4807 disponere
2267 4732 2615 4803 subJectum
2657 4730 2734 4786 ad
2791 4732 3174 4789 infusionem
3218 4735 3434 4803 gratiae

1885 4837 1946 4890 et
1982 4831 2332 4895 charitatiS,
2393 4831 2454 4884 et
2490 4825 2912 4897 organizando
2961 4843 3187 4900 corpus
3224 4828 3434 4904 dispo-

1884 4932 2073 4988 sitive
2096 4929 2460 4985 necessitate
2480 4926 2557 4983 ad
2578 4929 2957 4984 creationem
2989 4929 3238 4987 animae.
3276 4932 3433 4989 Dicit

1885 5033 2092 5085 autern
2125 5042 2246 5083 non
2279 5041 2456 5097 posse
2486 5024 2798 5081 introduci
2830 5041 2866 5082 a
2895 5032 3190 5085 creatura
3221 5027 3432 5101 dispo-

1886 5128 2172 5184 sitionem
2197 5124 2571 5195 simpliciter
2591 5126 2825 5181 necessi
2837 5128 3086 5193 tantem,
3101 5125 3205 5182 sed
3218 5141 3434 5184 secun·

1888 5223 2036 5281 dum
2057 5222 2240 5295 quid3
2265 5221 2427 5293 quod
2446 5221 2684 5278 clarius
2706 5221 2808 5278 hic
2830 5222 3010 5289 dixit,
3034 5222 3169 5280 dari
3194 5225 3435 5281 scilicet

1889 5336 2064 5394 posse
2097 5320 2566 5391 dispositionem
2600 5335 2674 5376 ex
2697 5325 2873 5392 parte
2906 5336 3006 5377 res
3037 5324 3438 5394 suscipientis

1892 5433 2010 5475 non
2044 5416 2367 5474 causative
2395 5430 2469 5471 ex
2505 5420 2677 5487 parte
2697 5418 2789 5473 rei
2822 5417 3158 5489 productae.
3195 5419 3442 5477 Dubitat

1893 5515 2148 5573 demum
2183 5516 2246 5571 in
2279 5514 2404 5570 fine
2434 5516 2770 5583 rationum,
2794 5531 2828 5572 a
2850 5530 2915 5572 se
2943 5518 3125 5574 citato
3145 5517 3279 5575 loco
3296 5532 3442 5589 pro-

1704 5659 1713 5664 .
1828 5695 1849 5706 ‘
1896 5613 2248 5682 ductarum,
2280 5628 2359 5669 an
2391 5615 2769 5671 convincant
2800 5629 2921 5671 non
2985 5630 3162 5687 posse
3191 5622 3440 5675 creatu-
