4252 6393
110 2302 303 2387 Objeclio.

48 3549 61 3584 ·.
119 3534 288 3589 Solatia.

42 4357 43 4372 ⁴
42 4183 51 4284 -—⁴⁴
46 4129 61 4160 ,Ε-
44 4091 53 4102 -
42 3833 59 4058 -υ-ῐἩ-ι-
45 3683 61 3808 Ἥρη-μή.
46 3587 55 3622 n·-

1652 436 2019 512 QUAES'rlo
2068 438 2257 500 xvlu

368 596 660 674 motus,
733 597 1008 668 tamen
1080 593 1293 668 ratio
1373 597 1661 669 fovmae
1731 610 1904 688 qua}

368 712 678 787 scilicet
731 715 1157 788 constituit
1212 715 1471 806 ipsam
1524 716 1904 796 formam,

363 851 515 903 non
548 837 675 905 est
711 834 1165 906 materialis
1204 840 1572 926 respectu
1612 840 1904 915 motus,

363 968 503 1020 nec
536 971 578 1020 e
612 952 1074 1024 contrario:
1104 952 1291 1043 quia
1325 957 1510 1025 sunt
1548 952 1908 1026 rationes

367 1065 805 1155 oppositae,
879 1071 959 1141 et
1045 1067 1738 1159 incompatibiles;
1824 1072 1909 1140 ut

362 1177 567 1262 fieri,
651 1185 730 1254 et
799 1181 1105 1255 factum
1176 1204 1390 1263 esse;
1477 1183 1756 1263 fluens,
1830 1188 1909 1256 et

368 1295 811 1386 quiescens.
904 1298 1047 1371 Sed
1150 1299 1226 1369 in
1321 1298 1910 1372 constitutione

369 1414 762 1507 temporis
842 1435 1002 1487 non
1088 1417 1353 1488 solum
1434 1438 1564 1488 res
1638 1420 1908 1490 motus

366 1539 487 1608 est
549 1532 1030 1612 materialis,
1106 1534 1267 1605 imo
1326 1538 1406 1607 et
1456 1534 1629 1625 ipsa
1696 1533 1908 1606 ratio

367 1649 738 1724 formalis
777 1653 1070 1733 motus,
1134 1672 1309 1742 quae
1352 1656 1475 1725 est
1523 1655 1700 1737 lieri,
1741 1651 1909 1723 sive

368 1770 627 1840 fluxus
721 1767 1154 1840 continuus
1230 1773 1354 1842 est
1426 1768 1906 1849 materialis,

371 1884 553 1976 quia
643 1884 1085 1975 opponitur
1173 1884 1475 1957 rationi
1575 1883 1908 1957 formali

370 2000 789 2093 temporis,
829 2021 1004 2092 quae
1038 2004 1163 2074 est
1196 2002 1628 2074 secundum
1683 2004 1909 2096 prius

370 2122 443 2189 et
486 2116 927 2209 posterius.

456 2233 536 2305 Si
596 2253 793 2305 vero
833 2233 1078 2314 dicaS‚
1156 2234 1364 2325 quod
1422 2254 1605 2306 cum
1668 2237 1911 2326 quod-

365 2350 554 2423 libet
612 2372 657 2421 a
700 2351 967 2422 forma
1025 2352 1638 2433 denominetur·;
1712 2372 1909 2444 ergo

365 2468 436 2540 si
474 2474 670 2557 prius
717 2473 796 2542 et
824 2474 1175 2558 poster-ius,
1213 2492 1387 2562 quae
1432 2474 1614 2542 Sunt
1662 2469 1912 2543 inten-

363 2586 625 2658 tiones
659 2585 1039 2661 formatae
1077 2587 1152 2658 in
1176 2588 1447 2659 anima
1478 2589 1910 2659 secundum

363 2702 831 2795 supradicta
876 2705 1091 2777 inter
1149 2726 1232 2776 se
1273 2705 1703 2786 distinctae,
1753 2707 1911 2778 sor-

364 2818 694 2892 maliter·
748 2818 1264 2893 constituunt
1312 2824 1656 2911 tempus,
1718 2823 1911 2893 tom-

364 2959 507 3030 pus
563 2938 792 3011 debet
850 2938 1005 3010 dici
1084 2938 1498 3029 quantitas
1559 2938 1913 3010 discreta,

360 3075 520 3126 non
607 3056 1018 3129 continua..
1101 3057 1354 3129 Debet
1430 3055 1677 3127 etiam
1758 3056 1911 3128 dici

361 3172 727 3245 accidens
765 3172 1319 3254 intentionale‚
1362 3172 1632 3266 potius
1670 3193 1908 3265 quam

364 3289 624 3371 reale,
738 3289 906 3362 sive
1019 3288 1393 3363 naturale
1472 3317 1484 3359 :
1562 3307 1909 3381 quorum

368 3410 803 3498 utrumque
838 3407 1135 3479 salsum
1177 3412 1324 3480 est.

452 3521 676 3603 Dico,
743 3525 948 3614 quod
1014 3524 1090 3595 in
1154 3524 1391 3594 rebus
1434 3521 1908 3595 constitutis

361 3663 461 3713 ex
507 3640 855 3713 materia
896 3643 975 3711 et
1017 3639 1310 3722 forma,
1370 3640 1539 3711 sive
1591 3660 1688 3710 ox
1743 3658 1910 3709 lna-

363 3757 639 3830 teriali
675 3760 754 3828 ot
796 3756 1154 3838 formali,
1201 3777 1383 3829 cum
1438 3761 1604 3831 tam
1660 3759 1911 3828 mate-

365 3877 514 3956 ria,
589 3895 830 3967 quam
903 3876 1171 3948 forma
1240 3878 1403 3950 sint
1460 3898 1676 3948 vora}
1750 3896 1904 3957 res,

361 3992 912 4066 denominatio
948 3992 1035 4066 fit
1068 4013 1115 4064 a
1149 3993 1441 4074 forma,
1498 3992 1686 4084 quia
1729 3994 1909 4085 plus

362 4107 600 4181 habet
631 4109 721 4180 de
765 4107 1165 4190 realitate,
1212 4129 1451 4199 quam
1497 4106 1844 4181 materia
1891 4134 1905 4177 :

362 4225 439 4296 in
482 4225 770 4316 quibus
822 4228 1096 4297 autem
1142 4224 1515 4306 materia,
1573 4225 1700 4295 vel
1744 4245 1910 4295 ma—

360 4338 653 4410 teriale
719 4343 844 4411 est
909 4358 1100 4408 vere
1172 4358 1332 4417 res3
1407 4337 1700 4417 somna,
1783 4338 1907 4409 vel

358 4455 731 4537 formale,
789 4455 963 4527 sola
1024 4454 1367 4528 intentio
1405 4481 1418 4523 :
1453 4455 1910 4527 denomina-

357 4574 475 4646 tio
512 4577 781 4665 potest
813 4572 991 4645 fieri
1026 4593 1071 4643 a.
1108 4570 1477 4652 materia,
1509 4572 1695 4663 quia
1730 4573 1909 4665 plus

358 4689 599 4764 habet
666 4691 756 4761 de
827 4689 1231 4768 realitate,
1301 4709 1541 4780 quam
1616 4690 1904 4772 forma,

362 4808 530 4880 Sive
599 4807 949 4880 formale
1015 4834 1028 4875 :
1095 4809 1304 4880 Sicut
1356 4809 1421 4879 Ξ.
1487 4811 1569 4875 cle
1634 4812 1905 4891 Anima,

362 4938 523 4994 text.
568 4948 734 4993 com.
786 4928 853 4996 8.
907 4923 1228 5004 dicitur,
1297 4926 1501 5014 quod
1563 4925 1910 4997 materia

361 5040 926 5114 artificialium
1006 5046 1131 5114 est
1207 5044 1379 5113 tota
1455 5041 1911 5115 substantia

361 5176 712 5238 eorum;
787 5155 916 5228 ubi
983 5155 1173 5229 dicit
1236 5161 1908 5231 commentator:

362 5274 438 5340 In
498 5276 688 5342 rebus
756 5276 1374 5342 natu-ralibnsnon
1446 5288 1537 5341 est
1593 5277 1911 5360 judican-

362 5392 521 5456 dum
561 5414 765 5458 unum
805 5395 928 5458 hoc
965 5392 1253 5479 aliquid,
1310 5394 1445 5457 nisi
1473 5414 1592 5478 per
1620 5396 1911 5477 formam

362 5528 586 5585 suanm
656 5511 725 5573 in
784 5508 975 5574 rebus
1016 5530 1167 5574 vero
1223 5508 1698 5591 artificialibus
1760 5511 1913 5574 mcl-

368 5623 503 5690 lum
543 5637 637 5691 esc
680 5626 799 5691 hoc
837 5625 1101 5721 aliquid
1151 5626 1287 5692 nisi
1328 5646 1451 5714 per
1496 5646 1681 5691 suam
1715 5637 1916 5692 mate-

3442 433 3562 497 633

2022 602 2239 681 riam,·
2275 600 2463 690 quia
2503 598 2761 689 igitur·
2794 599 2970 671 tota
3006 597 3342 670 realitas
3378 602 3570 672 tem-

2023 715 2252 808 poris
2285 719 2408 788 est
2448 717 2741 796 motus,
2779 719 2859 789 et
2892 715 3068 806 ejus
3106 714 3352 787 realis
3389 735 3570 787 con·

2024 831 2398 913 tinuitas3
2471 831 2846 904 formalis
2900 853 3097 904 vero
3171 832 3385 905 ratio
3446 834 3571 904 est

2019 948 2407 1022 discretio
2510 947 2815 1042 prioris
2901 954 2981 1023 et
3054 948 3568 1042 posterioris,

2026 1065 2199 1137 idco
2265 1066 2525 1157 magis
2566 1065 2866 1140 dicitur
2908 1066 3326 1158 quantitas
3385 1085 3567 1139 con-

2021 1182 2277 1262 tinua,
2327 1204 2565 1274 quam
2609 1183 2988 1266 discreta,
3026 1186 3103 1255 et
3142 1185 3402 1275 magis
3445 1203 3569 1256 ac-

2023 1298 2290 1371 cidens
2334 1299 2732 1380 naturale,
2790 1320 3031 1391 quam
3086 1299 3568 1374 intentiona-

2026 1417 2096 1487 le
2147 1445 2159 1486 :
2219 1414 2430 1490 sicut
2486 1436 2614 1488 ros
2664 1417 3126 1490 artificialis
3173 1419 3433 1509 magis
3466 1419 3571 1491 di·

2022 1532 2240 1605 citur
2308 1532 2790 1614 substantia,
2863 1554 3105 1626 quam
3176 1534 3566 1615 accidens,

2025 1651 2394 1741 quamvis
2430 1651 2696 1722 forma
2739 1651 2843 1722 sit
2879 1649 3273 1723 accidens.

2497 1969 2928 2025 ARTICULUS
3002 1971 3095 2026 IV.

2023 2151 2474 2237 Respondemr
2501 2150 2594 2215 ad
2622 2162 3013 2238 arqumenta
3040 2152 3262 2236 posita
3283 2151 3357 2215 in
3384 2150 3571 2237 prin-

2488 2267 2666 2353 cipio
2704 2267 3110 2353 qnoesliom'S.

2117 2461 2536 2541 Rationes,
2589 2480 2762 2551 quae
2804 2458 3178 2531 videntur
3221 2459 3572 2551 probare

2025 2578 2232 2668 quod
2292 2580 2611 2668 ternpus
2680 2581 2758 2649 et
2823 2580 3092 2649 motus
3158 2597 3319 2650 non
3387 2581 3573 2651 sunt

2028 2693 2267 2774 idom,
2342 2695 2513 2787 jam
2585 2698 2985 2785 apparent
3055 2692 3133 2764 in
3205 2694 3569 2784 generali

2028 2814 2353 2891 solutae;
2402 2811 2590 2904 quia
2633 2831 2792 2881 non
2836 2815 3023 2882 sunt
3056 2808 3261 2883 idem
3299 2830 3571 2883 secun-

2024 2928 2210 3000 durn
2275 2927 2677 3000 rationem
2728 2926 3187 3006 forma-lem,
3236 2930 3576 3019 propter

2027 3046 2233 3138 quod
2295 3045 2594 3135 aliquid
2656 3042 2957 3117 dicitur
2996 3045 3088 3116 de
3131 3065 3315 3127 uno,
3369 3048 3572 3136 quod

2025 3164 2377 3252 negatur
2432 3162 2525 3233 de
2583 3159 2847 3234 altevo
2912 3187 2924 3232 :
2994 3160 3202 3233 sicut
3261 3161 3425 3234 dixi
3482 3164 3573 3235 de

2024 3279 2295 3350 somna
2363 3280 2644 3351 educta
2719 3298 2862 3369 per·
2935 3282 3278 3359 motum,
3343 3283 3423 3353 et
3481 3281 3571 3351 dc

2027 3401 2278 3480 motu,
2327 3400 2512 3468 sunt
2575 3399 2846 3468 autem
2890 3395 3095 3468 idom
3137 3397 3568 3468 secundum

2029 3536 2225 3597 1²e1n,
2306 3518 2389 3586 ut
2433 3514 2604 3606 jam
2661 3516 2907 3605 patet.
2967 3515 3068 3585 Et
3115 3513 3228 3584 ita
3272 3511 3572 3585 intelli-

2024 3638 2330 3725 guntur
2383 3653 2660 3705 omnes
2701 3631 3241 3704 auctoritates
3282 3632 3377 3704 ad
3418 3631 3570 3704 hoc

2023 3752 2408 3824 adductae.

2114 3868 2224 3940 Ad
2290 3867 2651 3940 rationes
2715 3864 2923 3946 illas,
2988 3886 3170 3938 cum
3221 3865 3562 3950 dicitum

2024 3984 2228 4076 quod
2265 3983 2331 4054 si
2370 3982 2572 4053 idem
2605 3985 2900 4061 essent,
2949 3987 3250 4073 quanto
3298 3987 3567 4057 motus

2025 4099 2494 4180 intenditur,
2544 4103 2696 4171 etc.
2755 4099 3252 4189 RespondeO,
3299 4104 3568 4192 potest

2022 4219 2177 4290 dici
2249 4218 2454 4309 quod
2526 4220 2795 4290 motus
2865 4216 2968 4289 sit
3032 4216 3431 4290 intensior
3490 4221 3568 4291 et

2023 4336 2410 4416 velocior,
2458 4339 2537 4408 et
2580 4334 2731 4407 hoc
2776 4334 3154 4408 convenit
3201 4333 3275 4406 ei
3321 4334 3572 4408 ratio-

2023 4474 2120 4525 ne
2156 4453 2749 4533 continuitatis,
2797 4472 2955 4524 non
3001 4453 3320 4525 ratione
3364 4453 3572 4545 prio·

2027 4571 2141 4642 ris
2175 4573 2251 4642 et
2290 4569 2779 4663 posterioris
2827 4597 2839 4639 :
2892 4570 3089 4641 undo
3142 4568 3206 4641 si
3252 4589 3299 4641 a
3341 4589 3572 4642 mane

2026 4708 2276 4779 usque
2344 4689 2438 4758 ad
2509 4686 2841 4760 tertiam
2904 4686 3081 4779 quis
3145 4691 3573 4760 moveatur

2026 4825 2171 4897 per
2215 4824 2455 4876 unam
2518 4803 2857 4885 leucam,
2903 4808 2984 4878 et
3032 4804 3242 4876 alius
3293 4807 3570 4878 eodem

2026 4925 2397 5014 tempore
2457 4920 2722 4991 solum
2773 4939 2917 5011 pel·
2978 4920 3344 5003 mediam,
3404 4943 3572 4995 ma-

2017 5038 2156 5130 jor·
2221 5040 2344 5109 est
2405 5035 2797 5107 velocitas
2863 5033 2942 5105 in
3003 5034 3270 5126 primo
3316 5042 3565 5119 motu,

2027 5174 2268 5246 quam
2310 5152 2389 5223 in
2433 5152 2813 5231 secundm
2875 5152 3006 5223 sed
3059 5151 3325 5245 prima
3378 5173 3571 5245 pars

2027 5273 2299 5344 motus
2333 5269 2569 5341 unius
2602 5272 2921 5343 tantum
2956 5267 3205 5342 distat
3245 5269 3344 5340 ab
3389 5270 3574 5342 ulti-

2028 5408 2153 5459 ma
2197 5394 2428 5480 parte
2463 5387 2585 5458 sui
2625 5386 2893 5458 inuno
2938 5390 3188 5468 motu,
3239 5387 3448 5461 sicut
3493 5387 3573 5459 in

2027 5505 2215 5585 alio,
2256 5506 2443 5597 quia
2482 5504 2871 5579 distantia
2906 5504 3141 5575 unius
3176 5504 3274 5575 ab
3306 5504 3570 5577 altero

2028 5621 2109 5694 in
2172 5626 2393 5697 motu
2462 5641 2623 5693 non
2690 5624 2839 5703 est,
2911 5619 3071 5695 nisi
3140 5619 3570 5696 secundum

3718 2472 3803 2525 3⁴.

3650 3897 3739 3947 Ad
3762 3897 3892 3961 pri-

3665 3975 3838 4014 mum·
