4252 6393
1704 401 2068 478 QUAESTIO
2112 404 2194 467 xl

340 576 383 626 a
430 577 800 649 corpore,
854 578 1012 630 non
1056 562 1141 631 ut
1187 563 1311 632 est
1348 562 1872 654 perfectibile‚

341 673 453 743 vel
492 672 779 766 ipsum,
817 675 945 744 vel
991 680 1268 766 partes
1318 699 1480 748 suffr
1528 699 1670 771 per
1707 679 1880 750 sub·

339 788 720 860 stantiam
784 790 1099 872 animae,
1185 792 1318 864 sed
1381 798 1465 866 ut
1525 798 1649 866 est
1722 815 1875 865 me·

333 904 541 975 dium
610 910 691 977 et
756 905 1396 982 instrumentum
1460 910 1870 1000 operandi.

330 1020 539 1093 Unde
585 1021 800 1095 sicut
830 1022 1217 1106 dicebam,
1269 1026 1477 1116 quod
1512 1026 1875 1099 substan-

329 1138 437 1209 tia
492 1138 786 1211 animae
845 1158 1029 1211 cum
1100 1147 1470 1232 respectu
1538 1143 1629 1213 ad
1696 1164 1872 1235 ope-

328 1254 656 1326 randum
717 1258 1152 1331 constituit
1210 1259 1661 1350 potentiam
1700 1261 1875 1330 uni-

326 1370 794 1451 versaliter,
863 1372 980 1443 sic
1049 1374 1514 1448 substantia
1580 1377 1871 1448 anima}

329 1507 500 1558 cum
540 1492 911 1580 respectu
948 1491 1492 1564 determinato
1529 1514 1672 1585 per
1704 1514 1875 1566 cor·

336 1622 470 1692 pus
520 1604 615 1674 ad
674 1605 1196 1696 operandum,
1244 1607 1681 1680 constituit
1734 1629 1873 1699 po-

331 1718 667 1789 tentiam
738 1719 1214 1793 sensitivam
1291 1723 1873 1797 universaliter

333 1834 621 1907 dictam
671 1857 808 1906 seu
855 1840 1291 1930 sumptam.

181 1964 284 2038 4⁹.-
416 1954 528 2023 Ex
569 1974 729 2044 quo
764 1957 1131 2047 apparet,
1179 1956 1385 2046 quod
1419 1956 1872 2048 impossibi-

159 2028 306 2156 ⁹1²1?
333 2067 424 2140 lis
484 2073 612 2143 cst
665 2090 962 2152 sermo,
1030 2071 1218 2162 quia
1278 2072 1472 2145 dicit
1514 2073 1869 2145 animam

333 2191 797 2278 separatam
841 2188 1170 2259 sentire.
1219 2190 1578 2281 Apparet
1620 2190 1869 2264 etiam

334 2305 529 2394 quod
572 2305 960 2396 potentiae
998 2307 1411 2378 sensitivae
1448 2308 1591 2378 sub
1627 2308 1870 2382 ratio-

330 2438 420 2490 ne
448 2419 885 2511 completa,
943 2442 1098 2511 qua
1140 2425 1325 2493 sunt
1379 2422 1867 2515 principium

331 2534 735 2626 operandi,
783 2556 946 2607 non
994 2543 1417 2611 remanent
1467 2539 1545 2610 in
1596 2539 1871 2609 anima

329 2656 730 2743 separata,
770 2654 902 2725 sed
947 2653 1435 2746 incomplete
1480 2659 1561 2728 et
1614 2656 1692 2727 in
1743 2676 1870 2726 ra-

325 2765 505 2838 dice.
555 2768 785 2841 Sicut
826 2772 1102 2842 autem
1150 2775 1572 2861 respectus
1614 2771 1868 2844 deter-

330 2884 681 2957 minatus
718 2905 860 2977 per
901 2906 1229 2978 corpus,
1268 2887 1703 2961 constituit
1741 2909 1869 2980 po·

329 2999 662 3072 tentiam
696 3000 1173 3074 sensitivam
1212 3002 1289 3072 in
1325 3003 1714 3092 generali,
1754 3002 1867 3074 sic

332 3119 746 3209 respectus
836 3117 1432 3190 determinatus
1506 3139 1650 3211 por
1712 3119 1875 3191 tale

328 3233 443 3304 vel
514 3234 682 3306 tale
752 3254 1188 3325 organum,
1264 3235 1695 3309 constituit
1762 3234 1870 3306 di-

326 3366 602 3421 versas
652 3350 1014 3424 rationes
1081 3353 1633 3444 potentiarum
1699 3371 1868 3421 sen-

330 3466 781 3548 sitivarum‚
848 3470 1281 3541 secundum
1357 3471 1562 3560 quod
1635 3489 1867 3559 orga-

329 3602 507 3655 num
566 3589 694 3657 est
751 3584 1187 3665 diversum,
1265 3590 1346 3657 ut
1416 3591 1539 3660 est
1610 3587 1865 3659 media

330 3700 753 3792 proportio
824 3700 1326 3772 sensibilium
1381 3726 1394 3768 :
1450 3706 1529 3774 et
1591 3702 1865 3773 modim

332 3814 903 3906 proportiones
984 3819 1167 3887 sunt
1248 3816 1523 3897 variae,
1592 3838 1868 3889 secun-

328 3927 499 3999 dum
558 3930 1050 4004 varietatem
1112 3932 1646 4023 obJectorum.
1723 3937 1865 4006 Est

333 4043 577 4134 igitur
621 4046 825 4118 idem
881 4048 1308 4120 materiale
1354 4050 1432 4121 in
1476 4051 1866 4123 constitu-

332 4159 536 4233 tione
584 4162 948 4235 omnium
1013 4164 1589 4255 potentiarum,
1657 4165 1868 4237 scili·

331 4280 445 4349 cet
485 4278 761 4349 anima
808 4304 822 4346 ε
864 4278 995 4347 sed
1030 4278 1218 4368 quia
1271 4284 1691 4372 respectus
1741 4284 1864 4353 est

329 4389 582 4465 forma
616 4392 1122 4465 constituens
1161 4395 1563 4466 rationem
1600 4400 1867 4488 poten·

329 4506 474 4588 tiae,
534 4508 744 4582 sicut
798 4529 1003 4579 unus
1057 4516 1476 4602 respectus
1532 4533 1691 4582 non
1741 4516 1864 4585 cst

329 4624 552 4707 aliuS‚
592 4627 707 4697 sic
745 4646 901 4697 una
938 4627 1301 4719 potentia
1333 4632 1637 4699 nonest
1673 4628 1859 4699 alia.

410 4742 631 4815 Hanc
681 4743 1170 4816 sententiam
1234 4744 1556 4815 videtur
1616 4745 1865 4818 senti-

331 4873 410 4928 re
439 4858 940 4950 Augustinus
978 4859 1054 4931 in
1090 4880 1464 4932 sermone
1515 4861 1607 4931 de
1666 4860 1863 4932 ima-

165 4982 264 5050 ¹.·d0
331 4972 503 5061 gine
540 4978 584 5054 ⁶,
634 4978 721 5046 ut
776 4977 998 5065 patet
1060 4973 1137 5044 in
1199 4973 1697 5048 auctoritate
1743 4997 1864 5045 su-

166 5053 309 5164 {3¹5}-
337 5090 595 5179 perius
637 5090 995 5183 allegata
1060 5093 1134 5163 in
1180 5092 1337 5163 ista
1384 5093 1858 5183 quaestione.

166 5178 216 5221 ³²·
335 5205 510 5279 Ilaec
546 5208 871 5300 positio,
920 5214 1005 5281 ut
1045 5213 1289 5301 patet,
1338 5211 1605 5283 salvat
1647 5230 1863 5281 com-

338 5322 614 5412 pletius
681 5322 1081 5395 rationem
1127 5323 1509 5414 imaginis
1561 5324 1639 5396 in
1692 5324 1863 5396 ani-

337 5457 478 5518 ma,
542 5460 721 5511 cum
782 5439 911 5512 det
978 5440 1051 5511 ei
1105 5462 1347 5511 unam
1420 5442 1860 5514 essentiam
1974 5438 2589 5522 constitutione,

335 5571 468 5645 per
501 5554 937 5627 relationes
990 5553 1251 5625 solum
1308 5556 1858 5649 potentiarum

3449 407 3568 470 477

1990 564 2461 638 distinctam
2550 585 2791 656 quam
2853 567 3016 649 illa,
3102 587 3276 659 quae
3334 567 3527 642 dicit

1993 682 2198 770 quod
2234 687 2424 756 sunt
2458 683 2929 758 accidentia.

2317 990 2568 1045 ARTIC.
2646 989 2741 1045 111.
2821 989 3023 1046 SECT.
3104 991 3202 1047 111.

1985 1165 2440 1251 Respondemu-
2494 1170 2909 1253 arqumeneis
2976 1170 3050 1234 in
3116 1172 3530 1237 contrarium

2589 1284 2919 1352 adductis,

2078 1484 2194 1553 Ex
2247 1481 2371 1554 his
2405 1483 2577 1574 jam
2627 1488 2970 1577 apparet
3016 1484 3319 1558 solutio
3370 1506 3533 1556 om·
3680 1499 3765 1551 29.

1986 1597 2209 1669 nium
2278 1600 2856 1691 praedictorum
2925 1605 3214 1674 contra
3288 1602 3528 1674 istam
3567 1564 3886 1675 ᾗῦῗῖῗῗῖῗῗ.

1988 1713 2504 1803 positionem.
2542 1716 2654 1787 Ad
2692 1715 3042 1807 primum
3086 1716 3528 1799 dicendum,
3592 1696 3847 1751 ,mamma

3585 1752 3766 1812 posita
3795 1753 3856 1800 in

1987 1831 2192 1921 quod
2259 1854 2356 1903 ex
2429 1833 2888 1907 substantia
2972 1834 3260 1905 animae
3331 1836 3533 1907 nude
3567 1815 3794 1863 ⁸⁶⁰²f⁰n⁶
3822 1814 3876 1865 ²·

3593 1877 3681 1925 Ad
3743 1877 3825 1925 η·-

1985 1950 2350 2038 accepta‚
2395 1968 2555 2019 non
2600 1948 2895 2021 habent
2954 1949 3336 2041 potentiae
3384 1950 3534 2023 dis-
3632 1893 3808 1991 'mem-

1984 2064 2490 2145 tinctionem,
2559 2066 2691 2136 sed
2735 2085 2880 2158 per
2941 2065 3264 2158 aliquod
3326 2066 3531 2138 addi-

1986 2185 2158 2253 tum
2218 2201 2378 2253 non
2427 2182 2918 2263 absolutum,
2998 2184 3129 2254 scd
3181 2204 3327 2275 per
3371 2205 3532 2255 ros-

1985 2301 2266 2387 pectus
2328 2298 2422 2368 ad
2486 2298 3003 2390 operationes
3049 2299 3280 2370 modo
3331 2320 3531 2391 prae-

1981 2411 2224 2484 dicto.

2073 2528 2186 2599 Ad
2250 2530 2705 2612 secundum,
2781 2533 3003 2622 patet
3065 2551 3209 2622 per
3277 2530 3524 2613 idem;
3629 2563 3784 2614 aaz.

1984 2644 2171 2734 quia
2230 2646 2504 2718 anima
2564 2667 2723 2724 non
2780 2647 3378 2720 determinatur
3436 2648 3532 2720 ad

1983 2760 2170 2832 illos
2204 2767 2433 2836 actus
2480 2783 2623 2855 per
2664 2764 2988 2854 aliquod
3039 2763 3526 2844 absolutum,

1984 2877 2115 2950 sed
2190 2899 2333 2970 per
2404 2879 2974 2972 respectivum.
3054 2878 3134 2952 Si
3208 2900 3584 2974 quaeras·

1982 2998 2260 3067 utrum
2299 2995 2431 3066 ille
2478 3001 2899 3087 respectus
2952 2997 3059 3072 sit
3113 2998 3352 3080 aliud,
3405 2998 3529 3070 vel

1984 3112 2188 3184 idem
2237 3114 2441 3205 quod
2504 3114 2682 3208 ipsa
2733 3115 3028 3199 anima,
3093 3117 3221 3186 vel
3271 3115 3531 3188 nihil?

1980 3227 2156 3298 dico
2201 3229 2403 3320 quod
2465 3233 2590 3302 est
2651 3230 2881 3310 idem,
2937 3233 3015 3301 et
3072 3230 3287 3302 aliud
3347 3251 3531 3302 cum

1981 3344 2278 3425 anima,
2327 3345 2535 3419 sicut
2586 3346 2879 3419 relatio
2936 3365 3120 3418 cum
3172 3368 3318 3418 suo
3365 3345 3531 3417 sun-

1980 3459 2381 3532 (lamento,

2070 3576 2184 3647 Ad
2236 3576 2600 3657 tertium,
2657 3577 2862 3669 quod
2915 3581 3183 3652 motus
3235 3578 3530 3669 aliquis
3630 3624 3716 3677 Aa
3742 3625 3794 3677 3,

1980 3691 2472 3782 corporalis,
2528 3694 2654 3765 vel
2707 3693 3197 3785 spiritualis,
3266 3694 3528 3785 requi-

1983 3809 2114 3876 rat
2177 3805 2503 3897 aliquod
2566 3807 2933 3879 accidens
2998 3808 3078 3880 in
3130 3808 3524 3901 subjecto,

1981 3925 2067 3993 ut
2123 3922 2524 3996 dealbatio
2582 3924 3107 4015 nigredinem,
3166 3924 3318 3998 hoc
3373 3944 3532 3997 non

1981 4038 2411 4129 contingit,
2472 4039 2627 4111 nisi
2682 4040 2870 4132 quia
2925 4044 3050 4114 est
3103 4062 3148 4113 a
3206 4045 3533 4114 contra-

1983 4154 2146 4235 rio,
2231 4156 2355 4227 vel
2437 4176 2483 4228 a
2569 4157 2976 4251 privativo
3056 4158 3137 4229 in
3204 4161 3528 4231 contra-

1983 4269 2222 4352 rium,
2322 4276 2408 4344 ut
2510 4274 2913 4348 dealbatio
2994 4274 3526 4366 nigredinem,

1982 4392 2252 4461 motus
2335 4389 2619 4463 localis
2679 4394 3057 4484 quietem,
3169 4394 3301 4464 sed
3370 4414 3529 4465 non

1981 4506 2363 4597 supponit
2409 4509 2802 4590 accidens,
2845 4510 3048 4601 quod
3084 4514 3208 4582 est
3254 4513 3525 4602 poten-

1980 4620 2121 4702 tia,
2171 4626 2249 4694 et
2311 4623 2425 4696 ita
2460 4624 2540 4695 in
2573 4630 2758 4699 actu
2806 4625 3305 4717 intelligendi
3344 4648 3526 4719 sup-

1981 4737 2315 4829 ponitur
2346 4759 2504 4812 non
2542 4740 3027 4833 intelligere,
3066 4740 3236 4814 sive
3272 4742 3533 4833 quies-

1977 4871 2163 4924 cere
2199 4851 2642 4927 intellectU.
3123 4880 3126 4883 ·

2066 4969 2180 5041 Ad
2239 4974 2647 5062 quartum,
2711 4973 2919 5063 quod
2980 4974 3198 5047 ratio
3246 4979 3527 5066 poten-
3618 5017 3789 5070 AM,

1978 5084 2110 5155 tiae
2145 5086 2682 5160 constituitur
2721 5109 2819 5159 ex
2864 5089 3321 5162 substantia
3363 5089 3525 5161 ani-

1979 5223 2153 5283 mae.
2229 5207 2309 5275 et
2382 5208 2755 5296 respectu
2822 5207 2915 5276 ad
2994 5206 3519 5298 operandum,

1977 5322 2177 5393 unde
2222 5327 2646 5414 respectus
2691 5323 2823 5395 ille
2856 5328 2980 5397 est
3019 5323 3396 5396 formalis
3442 5324 3523 5396 in

2707 5440 2842 5531 qui
2939 5439 3256 5532 quidem
3363 5462 3523 5512 res-

1976 5559 2255 5649 pectus
2310 5556 2795 5631 determinat
2844 5558 3384 5632 substantiam
3428 5559 3520 5633 ad
