4252 6393
486 5512 664 5628 031'01,

508 5639 659 5690 Doct.

756 413 872 491 280

747 587 1009 662 lectus
1050 590 1369 663 divinus
1430 591 1540 663 sit
1594 588 2056 663 intellectus
2130 607 2299 660 om-

752 706 944 778 nino
1015 708 1334 801 primus
1405 729 1452 780 a
1511 708 1763 790 nullo,
1809 727 1902 783 ac
1959 725 2106 799 per
2147 703 2298 778 hoc

753 823 1245 916 simpliciter
1319 827 1676 908 omnino,
1758 845 1918 898 non
1992 823 2296 896 habens

752 942 1028 1011 actum
1122 942 1200 1012 et
1274 941 1749 1033 potentiam,
1833 941 1967 1015 sed
2037 940 2297 1012 solam

750 1074 1060 1128 meram
1098 1057 1687 1138 actualitatem,
1715 1077 1887 1149 quae
1924 1059 2046 1128 est
2091 1056 2299 1128 idem

756 1173 963 1264 quod
1028 1173 1225 1265 ipse.
1277 1173 1458 1245 Ideo
1504 1172 1713 1246 sicut
1776 1192 2010 1245 suum
2062 1172 2300 1246 intel-

750 1288 1010 1378 ligere
1068 1293 1194 1363 est
1265 1311 1536 1372 unum,
1619 1291 1735 1363 sic
1815 1290 2298 1383 productum

755 1404 854 1474 ab
901 1426 995 1478 eo
1059 1428 1224 1479 non
1254 1407 1417 1481 erit
1450 1408 1610 1480 nisi
1649 1427 1925 1489 unum,
1987 1407 2298 1480 scilicet

754 1519 1022 1611 prima
1118 1523 1697 1615 Intelligentia.
1795 1523 1946 1595 Illa
2048 1522 2300 1595 etiam

756 1643 1152 1730 operatur
1202 1643 1756 1733 intelligendo,
1800 1663 1965 1715 non
2006 1646 2130 1715 est
2168 1663 2303 1714 au-

753 1755 918 1824 tem
1007 1755 1498 1848 simpliciter
1565 1761 1651 1830 ut
1720 1759 1969 1841 Deus3
2058 1757 2298 1830 habet

753 1869 970 1942 enim
1005 1894 1183 1944 esse
1244 1874 1567 1947 actuale
1628 1879 1718 1950 ut
1784 1879 1910 1949 est
1967 1875 2300 1950 effectus

754 1986 935 2066 Dei;
1002 1987 1241 2064 habet
1297 2010 1494 2062 vero
1558 1991 1967 2083 possibile,
2032 1996 2119 2066 ut
2179 1995 2299 2064 est

753 2104 852 2174 ab
883 2103 1073 2189 alie,
1119 2129 1277 2179 non
1321 2129 1366 2179 a
1417 2130 1527 2179 se.
1595 2108 2105 2201 Intelligitur
2149 2111 2301 2201 igi-

751 2222 890 2292 tur
969 2222 1234 2314 prima
1316 2225 1894 2316 Intelligentia,
1971 2227 2301 2320 inquan-

755 2342 930 2411 tum
966 2340 1352 2433 intelligit
1388 2365 1473 2415 se
1507 2364 1652 2436 per
1686 2365 1920 2416 suum
1982 2346 2301 2418 actuale

757 2458 1202 2549 producere
1295 2461 1655 2534 animam
1746 2461 1995 2555 primi
2049 2463 2296 2548 orbiS,

758 2573 1238 2664 inquantum
1278 2575 1672 2668 intelligit
1724 2600 1808 2650 se
1858 2597 2004 2670 per
2064 2598 2300 2650 suum

758 2687 1145 2779 possibile
1187 2691 1634 2781 producere
1687 2714 1986 2786 corpus
2050 2691 2300 2786 primi

758 2802 1005 2873 orbis.
1063 2806 1163 2876 Et
1242 2806 1450 2879 sicut
1512 2808 1780 2900 prima
1834 2809 2302 2900 Intelligen-

754 2917 898 3000 tia‚
937 2918 1054 2991 sic
1104 2922 1510 3011 gradatim
1579 2926 1922 3000 secunda
1965 2926 2301 3000 tertiam

756 3033 1147 3128 intelligit
1203 3040 1282 3110 et
1387 3041 1785 3132 producit,
1859 3043 1976 3116 sic
2044 3044 2304 3135 igitur

754 3150 1007 3226 tertia
1048 3157 1469 3245 quartam3
1509 3160 1586 3230 et
1638 3158 1756 3232 sic
1825 3160 1915 3232 de
1958 3159 2147 3234 aliis
2183 3181 2302 3232 us-

752 3287 904 3359 quc
938 3271 1033 3341 ad
1063 3271 1462 3355 ultimam,
1501 3296 1674 3366 quae
1719 3297 1865 3370 per
1903 3277 2300 3353 defectum

753 3386 1262 3461 actualitatis
1342 3410 1501 3461 non
1596 3394 1969 3486 producit
2067 3393 2293 3476 talia,

756 3500 889 3571 sed
938 3506 1061 3575 est
1101 3503 1374 3577 datrix
1435 3506 1899 3581 formarum
1967 3510 2300 3583 sensibi-

754 3615 981 3689 lium.
1021 3617 1212 3693 Haec
1243 3622 1334 3693 de
1370 3624 1668 3714 primo.

1320 3927 1720 3986 SCHOLIUM.

826 4109 1078 4161 Insanas
1118 4104 1228 4162 has
1279 4105 1683 4163 Ethnicorum
1736 4111 2291 4168 commentationes

756 4211 816 4264 et
846 4206 1004 4262 alias
1032 4205 1269 4276 plureS,
1302 4206 1353 4260 si
1387 4207 1531 4277 quis
1561 4205 1780 4264 videre
1820 4208 2114 4277 voluerit,
2155 4225 2303 4267 con-

758 4304 924 4360 sulat
953 4303 1350 4359 Aristotelem
1373 4315 1412 4358 1.
1438 4304 1782 4376 MetaphyS.
1808 4319 2051 4365 summa
2081 4311 2137 4364 2.
2157 4313 2217 4366 et
2245 4310 2300 4366 3.

762 4417 879 4472 per
910 4403 1090 4457 varia
1121 4403 1345 4472 capita,
1413 4402 1680 4474 ejusque
1748 4405 2302 4463 commentatorem

762 4502 1129 4567 Averroem,
1166 4502 1401 4556 necnon
1454 4501 1697 4559 Scotum
1731 4503 1785 4558 4.
1836 4503 1976 4561 dist.
2009 4517 2050 4560 1.
2084 4509 2301 4575 quaest.

755 4608 797 4653 1.
821 4600 877 4661 ἓ.
901 4597 1007 4650 Pro
1022 4601 1182 4665 parte
1201 4601 1465 4667 opposita,
1493 4600 1597 4656 uhi
1625 4600 1744 4657 late
1766 4602 1980 4668 refert,
2014 4604 2075 4657 et
2096 4602 2305 4673 impu-

760 4698 909 4764 gnat
944 4695 1301 4766 opinionem
1353 4697 1712 4765 Avicennae‚
1760 4698 2021 4770 ejusque
2080 4698 2306 4755 sunda-

763 4796 991 4849 menta.

1245 5110 1671 5167 ARTICULUS
1749 5110 1813 5166 11.

1020 5296 1359 5362 Statuitur
1393 5293 1639 5386 veritas
1673 5293 2042 5359 Ccttholica.

852 5494 1090 5567 Circa
1173 5490 1634 5567 secundum,
1720 5486 1906 5579 quid
1995 5486 2306 5560 scilicet

764 5610 1195 5683 secundum
1266 5605 1704 5681 veritatem
1795 5601 2305 5679 Catholieam

1896 425 1998 490 DE
2045 426 2308 492 RERUM
2353 422 2742 492 PlllNClPlO

2410 585 2518 658 sit
2596 583 3052 664 tenendum,
3129 576 3590 654 ostenditur
3648 578 3842 672 quod
3896 601 3938 653 a

2410 701 2680 794 primo
2725 696 3130 793 principio
3201 694 3663 771 immediate
3720 695 3938 790 plura

2411 817 2997 911 producuntur.

2500 935 2615 1009 Ad
2654 933 2889 1027 cujus
2943 932 3458 1015 evidentiam,
3521 931 3646 1003 est
3706 930 3944 1005 scien-

2410 1051 2596 1123 dum
2683 1051 2889 1144 quod
2965 1070 3149 1125 cum
3217 1047 3574 1143 primum
3661 1045 3944 1140 princi-

2413 1168 2668 1262 pium,
2735 1168 3176 1243 secundum
3248 1166 3457 1260 quod
3543 1166 3946 1239 ostensum

2413 1290 2535 1360 est
2573 1286 2653 1358 in
2687 1284 3174 1379 praecedenti
3226 1283 3702 1377 quaestione,
3737 1301 3939 1355 num.

2410 1405 2522 1476 21.
2561 1404 2667 1477 sit
2724 1423 2973 1476 unum
3027 1400 3774 1496 simplicissimum;
3836 1422 3945 1473 se-

2415 1521 2696 1612 quitur
2738 1518 2943 1612 quod
2982 1518 3073 1591 de
3117 1518 3441 1593 ratione
3483 1538 3630 1592 sua
3669 1515 3944 1590 habeat

2414 1634 2846 1711 formalem
2883 1633 3465 1728 plenitudinem
3496 1634 3593 1707 ad
3626 1654 3711 1706 se
3742 1653 3946 1707 com-

2417 1752 3014 1826 municandum.
3108 1750 3332 1835 Quod
3431 1751 3700 1844 patet3
3773 1747 3950 1844 quia

2413 1869 2629 1943 enim
2712 1865 3252 1959 singulariter
3291 1870 3417 1940 est
3487 1854 3744 1941 unum
3791 1866 3948 1956 (ita

2416 1985 2647 2079 quod,
2695 1987 2782 2058 ut
2854 1987 3276 2056 ostensum
3337 1982 3516 2067 fuit,
3572 2004 3718 2057 nec
3757 2003 3947 2065 esse,

2414 2122 2559 2175 nec
2627 2100 2980 2193 intelligi
3051 2103 3396 2194 possunt
3451 2101 3606 2174 duo
3695 2100 3953 2194 prima

2413 2217 2659 2298 entia,
2701 2218 3135 2310 aequaliter
3167 2219 3487 2312 prima)
3527 2218 3705 2293 ideo
3781 2240 3951 2294 cum

2417 2354 2732 2408 summe
2769 2336 2881 2410 sit
2932 2354 3209 2418 unum,
3245 2336 3409 2411 erit
3452 2355 3766 2409 summe
3799 2335 3953 2428 pri-

2416 2473 2662 2525 mum.
2702 2454 3090 2548 Sequitur
3121 2453 3386 2526 enim:
3433 2472 3684 2526 unum
3758 2473 3953 2546 prae-

2415 2570 2624 2645 cedit
2724 2570 3019 2650 multa;
3117 2589 3317 2661 ergo
3422 2571 3630 2662 quod
3727 2570 3952 2644 habet

2417 2686 2818 2760 unitatem
2891 2687 3290 2770 totaliter,
3356 2688 3474 2761 ita
3532 2688 3742 2780 quod
3809 2687 3953 2761 duo

2416 2804 2619 2878 talia
2659 2824 2839 2876 esse
2877 2824 3040 2877 non
3074 2806 3442 2897 possunt,
3487 2802 3730 2880 habet
3760 2806 3957 2880 tota·

2415 2920 2574 2994 lem
2609 2923 3127 3014 potestatem.
3167 2924 3485 3005 Quanto
3517 2925 3797 2996 autem
3827 2922 3958 2995 ali-

2418 3038 2605 3132 quid
2642 3038 2904 3130 magis
2946 3040 3070 3111 est
3115 3038 3498 3131 primum,
3538 3043 3774 3114 tanto
3808 3059 3957 3113 ma·

2417 3155 2545 3247 gis
2646 3154 3018 3246 pluribus
3103 3154 3785 3240 communicatur,
3869 3175 3956 3229 eo

2418 3273 2653 3344 modo
2764 3271 3561 3357 communicationiS,
3658 3274 3792 3367 qui
3892 3272 3957 3347 ei

2414 3387 2819 3462 convenit.
2886 3388 3370 3481 Exemplum
3464 3389 3545 3461 in
3616 3391 3958 3464 materia

2413 3504 2684 3596 prima
2735 3503 3248 3597 simpliciter,
3287 3508 3668 3600 respectu
3725 3512 3958 3581 mate-

2415 3619 2730 3693 riarum
2775 3620 3438 3713 particularium.
3478 3623 3957 3717 Exemplum

2413 3725 2495 3807 in
2539 3755 2837 3828 genere
2878 3736 3325 3810 caliditatis
3388 3736 3467 3809 in
3511 3739 3725 3821 Sole,
3808 3759 3957 3810 res·

2415 3856 2652 3949 pectu
2747 3871 3187 3926 causarum
3304 3854 3953 3947 particularium.

2415 3960 2923 4054 Simpliciter
2993 3960 3249 4052 igitur
3307 3962 3697 4055 primum,
3760 3983 3956 4035 sum·

2414 4097 2540 4150 me
2572 4078 2734 4152 erit
2764 4077 3474 4159 communicabile,
3524 4100 3621 4151 eo
3676 4099 3958 4173 genere

2416 4193 3214 4275 communicationis,
3273 4195 3481 4286 quod
3546 4197 3622 4268 ei
3688 4215 3958 4270 conve·

2414 4309 2561 4382 nit.
2635 4309 2836 4392 Quia
2894 4310 3058 4384 erit
3133 4310 3383 4404 etiam
3461 4311 3958 4406 simplicissi-

2418 4445 2663 4506 mum,
2704 4424 2876 4497 ideo
2920 4425 3608 4511 actualissimum‚
3671 4448 3766 4501 ac
3825 4447 3959 4521 per

2414 4539 2566 4614 hoc
2611 4541 3307 4635 potentissimum;
3368 4562 3570 4634 ergo
3613 4545 3821 4636 quod
3874 4541 3956 4614 de

2417 4676 2502 4728 se
2531 4660 2658 4730 est
2700 4676 3013 4728 summe
3075 4655 3467 4748 primum,
3532 4662 3614 4731 et
3657 4676 3956 4730 summe

2418 4770 3148 4864 simplicissimum,
3229 4774 3355 4845 est
3425 4791 3743 4846 summe
3811 4770 3955 4866 pri·

2419 4908 2639 4960 mum
2683 4887 3373 4981 potentissimum,
3419 4892 3503 4963 et
3570 4889 3697 4962 sui
3756 4906 3952 4961 com-

2421 5003 3041 5078 municativum.
3087 5005 3247 5078 Aut
3278 5023 3479 5096 ergo
3523 5001 3953 5079 communi·
3979 5032 4085 5089 vide
4120 5026 4169 5077 no

2418 5121 2634 5196 cabit
2666 5142 2749 5194 se
2785 5141 2931 5214 per
2966 5121 3580 5214 productionem
3611 5120 3954 5214 ejusdem
3981 5099 4169 5210 1¹.⁰‹‘1'{¹¹32.¹¹.

2423 5237 2502 5309 in
2569 5236 3054 5319 substantia,
3140 5258 3315 5329 quae
3387 5236 3693 5311 dicitur
3759 5253 3954 5309 com-

2422 5353 2868 5427 municatio
2911 5352 3384 5437 intrinseca,
3432 5358 3520 5427 ut
3555 5354 3634 5426 in
3675 5347 3952 5427 divinis

2425 5476 2872 5548 Personis:
2968 5482 3108 5551 aut
3168 5476 3804 5552 communicabit
3875 5493 3951 5544 se

2423 5603 2929 5698 producendo
2980 5603 3390 5679 diversum
3451 5603 3533 5678 in
3595 5603 3948 5677 substan-
