4252 6393
1815 436 2069 501 CAPUT
2112 438 2213 501 111.

398 602 672 682 eliade,
724 598 1178 672 bonitatem
1237 599 1600 672 universi
1661 600 1955 692 princi-

400 716 694 810 palem,
735 716 922 807 quia
956 717 1052 789 ad
1089 737 1332 788 unum
1384 737 1790 789 summum
1832 721 1955 791 est

401 850 606 901 unus
651 830 872 900 ordo.
937 828 1250 902 Sufficit
1333 828 1530 902 mihi
1592 828 1814 920 loqui
1863 830 1955 902 de

401 945 576 1018 solo
619 945 1030 1028 universo,
1060 966 1217 1019 non
1249 946 1556 1039 fingere
1597 947 1836 1026 aliud,
1864 947 1955 1019 de

401 1084 557 1155 quo
600 1064 911 1135 nullam
976 1062 1383 1137 rationem
1447 1063 1724 1148 11111166,
1789 1063 1953 1135 11116

404 1179 673 1272 potius
710 1178 1280 1253 obviationem.

189 1328 259 1378 12.
492 1300 721 1382 Item,
761 1298 1286 1391 probationes
1332 1299 1787 1392 probabiles
1823 1320 1952 1391 ap-

403 1418 839 1508 ponuntur.
903 1417 992 1487 In
1035 1415 1456 1488 essentiali
1502 1414 1778 1488 ordine
1832 1436 1952 1486 as-

398 1530 822 1612 cendendo,
871 1530 1042 1603 itur
1083 1531 1178 1602 ad
1221 1531 1617 1604 unitatem
1643 1535 1723 1604 et
1767 1552 1952 1624 pau-

398 1648 780 1730 citate1n3
826 1667 1024 1739 ergo
1061 1650 1335 1721 statur
1369 1648 1448 1720 in
1494 1668 1676 1721 uno.
1720 1651 1947 1729 Item,

398 1764 842 1837 causalitas
865 1785 1132 1837 causae
1171 1765 1624 1857 superioris
1659 1766 1752 1838 ad
1789 1765 1950 1859 plu-

402 1901 495 1952 ra
531 1901 620 1952 se
662 1881 1065 1962 extendit;
1114 1900 1314 1973 ergo
1368 1885 1671 1973 quanto
1726 1903 1950 1975 supe-

401 1997 577 2070 rius
620 1996 815 2080 itur,
875 1998 1272 2090 pauciora
1333 1998 1785 2081 sufficiunt;
1830 2020 1950 2071 er-

99 2121 185 2231 ‘1850
184 2131 348 2247 333
402 2134 530 2205 g0,
576 2117 730 2188 etc.
797 2117 987 2188 Haec
1044 2113 1405 2188 declarat
1457 2114 1945 2208 proximam.

135 2254 313 2320 ”guter
405 2234 634 2313 Item,
706 2233 798 2304 de
841 2233 1108 2325 primo
1168 2231 1556 2305 eminenti
1629 2231 1950 2305 videtur

85 2317 369 2445 0312‘12‘445131‘2-
402 2348 950 2432 manifestum,
1053 2350 1239 2441 quia
1301 2350 1366 2421 si
1450 2348 1949 2441 impossibile

109 2441 338 2495 peneum.
398 2470 522 2539 631
558 2467 754 2539 duas
798 2470 1139 2540 naturas
1182 2489 1360 2539 esse
1393 2487 1553 2538 non
1586 2467 1700 2538 sic
1737 2467 1950 2539 ordi-

394 2586 656 2666 nataS‚
715 2604 1062 2675 quarum
1106 2605 1262 2656 una
1314 2583 1557 2654 aliam
1603 2605 1760 2656 non
1820 2605 1948 2655 ex-

396 2699 652 2782 cedat,
691 2698 879 2792 quia
926 2700 1004 2771 in
1038 2699 1189 2772 hoc
1225 2700 1586 2773 numeris
1630 2721 1947 2793 compa-

398 2817 711 2898 rantur,
793 2815 1047 2889 multo
1148 2815 1737 2908 impossibilius
1824 2822 1947 2890 631

391 2931 589 3004 duas
649 2954 827 3004 esse
892 2933 969 3003 in
1022 2934 1295 3005 codem
1351 2934 1605 3024 gradu
1652 2933 1943 3026 primo.

398 3050 602 3122 Item
645 3050 734 3121 de
763 3049 944 3132 fine,
1001 3050 1190 3142 quia
1226 3054 1412 3124 tunc
1455 3050 1723 3122 nullus
1766 3049 1946 3121 linis

392 3172 609 3241 esset
653 3167 917 3240 omnis
959 3167 1306 3241 alterius
1349 3188 1394 3239 a
1439 3190 1521 3241 36
1573 3167 1948 3259 quietati-

390 3305 564 3367 vuS,
618 3305 804 3358 cum
859 3284 1008 3357 hoc
1076 3284 1583 3376 intelligibile
1626 3285 1757 3366 sit,
1832 3306 1945 3356 se-

393 3400 675 3493 quitur
717 3403 801 3473 ut
865 3401 1118 3495 prius.
1177 3404 1406 3483 Item,
1465 3402 1669 3473 alias
1720 3402 1945 3475 nulla

390 3522 689 3591 natura
792 3517 1249 3592 contineret
1360 3518 1942 3610 perfectionem

394 3634 655 3707 omnis
693 3633 1040 3708 alterius
1075 3635 1390 3706 naturae
1427 3654 1472 3705 a
1510 3656 1593 3707 se
1633 3635 1944 3709 virtua-

390 3750 624 3833 liter;
665 3770 1070 3843 cumergo
1105 3749 1254 3822 hoc
1293 3750 1802 3841 intelligibile
1839 3753 1944 3825 sit

391 3867 561 3940 sine
648 3867 1340 3950 contradictione,
1441 3868 1661 3940 nulla
1729 3874 1944 3943 essct

393 3985 1020 4079 perfectissima,
1068 3985 1182 4057 Ad
1226 3989 1395 4058 tres
1440 3986 1687 4059 etiam
1739 3986 1942 4058 alias

388 4102 982 4183 conclusiones,
1030 4105 1217 4174 sunt
1251 4101 1501 4176 ctiam
1539 4102 1944 4195 probatio-

389 4243 530 4293 nes
574 4219 995 4313 speciales.
1055 4218 1421 4292 Primum
1483 4218 1942 4292 effectivum

390 4342 511 4412 est
554 4336 1237 4418 actualissimum,
1311 4336 1498 4427 quia
1573 4336 1944 4410 virtuali-

393 4459 520 4529 ter
551 4452 974 4527 continens
1010 4474 1332 4525 omnem
1376 4452 1942 4527 actualitatem

393 4569 865 4665 possibilem
908 4594 923 4652 ;
972 4568 1285 4663 primus
1346 4569 1528 4641 finis
1571 4573 1693 4644 est
1744 4570 1944 4663 opti-

398 4709 600 4770 mus,
645 4687 1121 4760 virtualiter
1161 4687 1586 4760 continens
1625 4706 1943 4758 omnem

81 4824 367 4903 raganfr-
392 4805 842 4878 bonitatem
935 4802 1405 4896 possibilem
1469 4828 1484 4885 ;
1586 4804 1943 4895 primum

78 4889 341 5027 μξῖἶιῖιῗὲῗῑξ
394 4923 758 4994 eminens
807 4924 931 4995 est
975 4919 1691 5013 perfectissimum,
1756 4921 1946 4992 emi-

80 5025 172 5121 ’ἷὶἷίι
188 5023 366 5127 ἱῖἔὲἶ·
397 5042 685 5111 11611161
715 5037 1140 5111 continens
1167 5057 1486 5110 omnem
1523 5037 1944 5130 perfectio-

79 5139 367 5261 }ssfssssgss’j‘
399 5173 574 5223 nem
661 5152 1132 5244 possibilem
1174 5177 1189 5233 ;
1263 5152 1433 5225 haec
1540 5152 1702 5226 tria
1788 5173 1946 5224 non

86 5262 368 5375 „gfff-{iio-
403 5268 1166 5362 possuntseparari,
1199 5269 1384 5360 quia
1430 5267 1495 5340 si
1535 5289 1780 5340 unum
1824 5273 1947 5340 631

79 5398 369 5501 ,ssfgggxgt-a-
401 5387 476 5459 in
522 5408 674 5459 una
716 5391 1040 5467 natura,
1097 5385 1310 5457 aliud
1385 5387 1460 5458 in
1504 5386 1688 5468 alia,
1764 5386 1947 5478 quid

158 5515 242 5562 tis·
400 5505 750 5578 istorum
788 5503 1279 5597 simpliciter
1319 5504 1740 5585 emineret,
1791 5525 1949 5575 non

403 5626 676 5717 posset
716 5621 917 5695 dari.
965 5623 1184 5695 Unde
1229 5623 1405 5698 istae
1459 5627 1627 5697 tres
1672 5623 1917 5715 primi

3488 444 3608 505 759

2079 604 2292 674 tates
2332 601 2711 674 videntur
2760 601 3225 694 exprimere
3273 609 3438 677 tres
3503 625 3623 676 ra-

2072 718 2342 792 tiones
2385 738 2721 790 summae
2781 719 3196 802 bonitatis,
3262 741 3624 793 necessa-

2074 836 2197 908 rio
2232 840 2840 918 concurrentes,
2878 859 3052 929 quae
3086 842 3274 911 sunt
3306 858 3623 909 summa

2067 955 2894 1037 communicabilitas,
2996 976 3314 1027 summa
3406 975 3621 1028 ama-

2067 1069 2368 1152 bilitas,
2423 1075 2501 1144 et
2547 1093 2864 1143 summa
2901 1071 3376 1163 integritas,
3412 1092 3620 1144 sum-

2069 1206 2201 1258 ma
2244 1188 2614 1261 totalitas
2661 1214 2676 1269 ;
2717 1189 3014 1260 bonum
3057 1188 3271 1260 enim
3320 1192 3399 1260 et
3445 1208 3621 1281 per-

2066 1304 2368 1376 fectum
2417 1304 2621 1377 idem
2649 1309 2715 1379 5.
2754 1307 3044 1394 Melaplt.
3083 1319 3242 1374 text.
3296 1328 3456 1376 com.
3502 1308 3613 1377 21.

2065 1424 2144 1493 61
2190 1418 2637 1512 perfectum
2669 1424 2747 1492 et
2791 1425 3059 1494 totum
3108 1446 3191 1489 ear:
3230 1424 3295 1493 3.
3340 1425 3612 1511 Plzysic.

2067 1551 2225 1605 taz-c.
2271 1561 2433 1605 eom.
2478 1540 2586 1609 63.
2656 1540 2890 1612 Patet
2922 1542 3195 1611 autem
3253 1539 3345 1612 de
3374 1539 3612 1621 bono,

2068 1656 2272 1746 quod
2340 1660 2464 1729 est
2510 1654 2971 1748 appetibile,
3016 1680 3100 1725 εει·
3139 1659 3202 1729 1.
3265 1660 3483 1726 Echio.
3537 1661 3616 1732 61

2065 1773 2872 1855 communicativum,
2926 1793 3068 1866 per
3122 1773 3612 1846 Avicennam

2062 1890 2128 1960 6.
2176 1892 2463 1978 Metaph.
2508 1914 2652 1978 cap.
2718 1891 2782 1961 1.
2818 1888 3131 1961 nullum
3185 1890 3398 1962 enim
3446 1911 3612 1981 per-

2064 2005 2365 2079 fectum
2400 2005 2974 2087 communicat,
3001 2005 3159 2078 nisi
3194 2007 3399 2097 quod
3431 2006 3616 2078 libe-

2066 2123 2357 2195 raliter
2388 2121 2938 2196 communicat
2965 2124 3170 2213 quod
3192 2143 3383 2194 vere
3408 2143 3616 2194 sum-

2066 2260 2194 2310 mo
2237 2239 2446 2312 bono
2490 2239 2896 2321 convenit,
2928 2238 3115 2331 quia
3140 2261 3237 2311 ex
3263 2259 3616 2312 commu-

2060 2356 2468 2428 nicatione
2495 2376 2655 2428 non
2685 2359 3060 2449 expectat
3096 2355 3342 2428 aliam
3379 2356 3614 2429 retri-

2064 2469 2502 2553 butionem,
2550 2471 2758 2562 quod
2791 2473 2916 2543 est
2958 2471 3386 2564 proprium
3427 2472 3616 2544 libe-

2067 2589 2292 2671 ralis,
2360 2611 2505 2682 per
2563 2588 3057 2661 Avicennam
3133 2592 3299 2659 ibid.
3368 2614 3515 2679 cap.
3572 2593 3614 2663 5

2061 2706 2316 2777 Unica
2355 2708 2655 2778 natura
2713 2704 3098 2786 existens,
3162 2708 3286 2779 est
3345 2704 3616 2798 prima

2062 2822 2146 2894 in
2192 2820 2500 2914 triplici
2535 2820 2813 2894 ordine
2847 2821 3259 2915 praedicto,
3299 2841 3616 2915 respec-

2063 2941 2146 3010 tu
2203 2936 2634 3029 cujuslibet
2685 2936 3031 3010 alterius
3090 2940 3432 3019 naturae,
3501 2937 3615 3011 ita

2061 3056 2269 3146 quod
2312 3053 2691 3145 quassibet
2733 3053 2895 3125 alia
2927 3056 3053 3126 est
3096 3053 3210 3125 sic
3272 3053 3614 3145 triplici-

2060 3175 2190 3247 ter
2236 3169 2652 3263 posterior
2686 3168 2827 3242 illa
2872 3169 3163 3262 prima.

2152 3290 2438 3360 Posset
2501 3287 2681 3378 quis
2751 3289 3193 3378 protervus
3271 3288 3608 3358 tenendo
3758 3308 3835 3360 13.

2057 3401 2453 3473 decimam
2496 3405 2813 3474 sextam
2843 3399 3133 3482 dicere,
3172 3402 3379 3492 quod
3411 3422 3607 3494 prae·
3634 3373 3923 3498 ’ἶέᾌεῖᾖῖῗὲ

2057 3522 2189 3592 ter
2241 3518 2465 3590 illam
2509 3522 2696 3592 sunt
2742 3517 3017 3591 multae
3059 3522 3403 3601 naturae,
3447 3539 3605 3592 non
3633 3497 3953 3623 ζξῇξρἕὲυέζεῗ

2060 3636 2374 3727 quidem
2428 3634 2543 3708 sic
2591 3634 2905 3727 primae,
2968 3635 3101 3707 sed
3138 3654 3284 3707 nec
3346 3638 3607 3728 poste·
3692 3622 3736 3670 ¹·
3769 3620 3820 3669 d·
3849 3622 3898 3672 ⁸·

2060 3755 2327 3827 riores
2399 3752 2539 3825 illa
2606 3753 2874 3846 prima
2952 3753 3385 3826 secundum
3473 3754 3611 3826 ali-

2060 3892 2296 3963 quem
2361 3870 2726 3942 ordinem
2795 3870 3414 3963 praedictorum,
3478 3872 3612 3943 sed

2055 3987 2539 4070 efficientiae,
2584 3988 2712 4059 vel
2755 3992 3073 4062 tantum
3123 3985 3606 4070 eminentiae,

2056 4108 2137 4177 ct
2170 4103 2386 4186 finis;
2431 4123 2594 4175 non
2632 4104 2949 4197 quidem
2991 4102 3474 4185 efficientiae,
3523 4106 3613 4177 ut

2059 4221 2379 4314 quidam
2404 4221 2681 4295 dicunt
2700 4220 3231 4295 Aristotelem
3259 4219 3611 4293 sensisse

2056 4338 2148 4410 dc
2212 4337 2786 4430 Intelligentiis
2852 4341 3032 4430 post
3084 4337 3464 4429 primam,
3529 4340 3609 4410 et

2059 4454 2414 4528 fortasse
2470 4456 2562 4528 de
2641 4455 2988 4528 materia
3071 4455 3363 4548 prima.
3435 4454 3608 4528 Hoc

2059 4573 2375 4663 quidem
2420 4572 2610 4646 licet
2674 4578 2948 4665 posset
3000 4572 3451 4666 improbari
3512 4592 3609 4645 ex

2059 4689 2496 4781 praedictiS,
2518 4694 2787 4762 tamen
2811 4691 3131 4783 expedit
3157 4690 3606 4783 explanari.

2060 4805 2337 4877 Primo
2367 4807 2678 4897 quidem
2704 4805 3220 4899 improbatur
3250 4829 3347 4879 ex
3383 4808 3613 4879 sexta

2058 4921 2300 5013 hujus
2344 4921 2681 5013 capituli
2719 4950 2731 4991 :
2784 4922 2969 5014 quia
3034 4922 3101 4993 Si
3146 4947 3401 4991 neccsse
3448 4946 3604 5002 esse,

2057 5060 2155 5109 ex
2196 5060 2279 5107 sc
2318 5038 2453 5108 uni
2488 5041 2805 5109 naturae
2845 5038 3078 5120 inest,
3118 5042 3197 5111 et
3232 5037 3609 5130 quidquid

2056 5174 2220 5225 non
2279 5159 2404 5226 est
2475 5154 2885 5245 posterius
2950 5154 3027 5225 in
3107 5175 3612 5248 quocumque

2057 5271 2313 5343 trium
2350 5271 2927 5363 praedictorum
2972 5270 3274 5354 ordine,
3321 5276 3447 5347 est
3484 5294 3611 5347 ne·

2061 5411 2286 5462 cesse
2317 5410 2494 5461 esse
2529 5410 2625 5460 ex
2648 5411 2773 5472 se;
2811 5409 3008 5479 ergo
3044 5390 3283 5462 unica
3313 5395 3613 5465 natura

2061 5527 2219 5578 non
2253 5510 2376 5580 est
2412 5507 2645 5598 prior
2718 5507 3074 5597 quolibet
3107 5508 3607 5600 posteriore;

2061 5644 2261 5716 ergo
2333 5624 2445 5697 sic
2507 5623 2955 5717 tripliciter
3016 5623 3386 5720 quaelibet
3448 5625 3609 5697 alia
