4252 6393
413 923 554 1053 Eju}
564 960 671 1037 ‘acc
677 988 717 1039 ι’-

390 1055 596 1108 dentia-

751 407 865 472 108

742 568 1249 641 insensibiles
1283 574 1805 660 generantur,
1841 574 1921 644 et
1952 589 2285 660 congre-

741 690 1048 776 gantur
1109 709 1355 781 super
1423 686 1743 771 herbaS,
1815 692 1898 762 et
1972 687 2285 761 faciunt

742 803 1107 894 guttulas
1152 803 1596 876 sensibiles

830 920 1047 992 Tunc
1089 921 1179 992 de
1220 921 1763 994 accidentibus
1798 921 2014 993 roris
2059 945 2073 990 :
2122 921 2281 1014 pri-

743 1056 872 1107 mo
905 1036 1121 1108 enim
1153 1037 1444 1111 accidit
1476 1039 1680 1130 quod
1715 1059 1852 1110 ros
1884 1057 2046 1110 non
2074 1038 2281 1111 vide-

740 1155 878 1226 tur
920 1155 1207 1227 cadere
1260 1176 1506 1249 super
1569 1156 1945 1248 pulveres
2003 1159 2275 1236 terrae,

734 1271 861 1341 vel
897 1291 1147 1365 supra
1187 1273 1532 1363 tegulas,
1566 1272 1725 1345 nisi
1759 1292 1978 1344 raro.
2016 1276 2281 1347 Causa

732 1389 882 1468 est,
930 1388 1118 1479 quia
1178 1388 1256 1460 in
1318 1388 1439 1461 rei
1493 1389 1844 1463 veritate
1903 1389 2008 1461 ibi
2067 1389 2280 1463 cadit

736 1522 901 1586 ros,
949 1504 1159 1579 sicut
1212 1505 1291 1577 in
1332 1506 1519 1579 aliis
1563 1506 1958 1599 partibus,
2003 1511 2277 1580 tamen

733 1625 1013 1713 partes
1066 1622 1577 1696 insensibiles
1621 1622 1859 1697 istius
1894 1624 2139 1705 roris,
2179 1623 2278 1695 si-

731 1741 869 1810 cut
920 1739 1301 1813 continue
1352 1740 1669 1819 cadunt,
1727 1739 1842 1813 sic
1893 1739 2277 1813 continue

730 1853 1247 1930 desiccantur
1287 1877 1333 1928 a
1367 1856 1739 1931 siccitate
1774 1856 2160 1949 pulveris,
2195 1859 2276 1928 et

732 1970 1223 2062 tegularum.

823 2090 1182 2162 Secundo
1237 2089 1642 2181 contingit
1685 2091 1887 2183 quod
1934 2111 2070 2162 ros
2112 2111 2271 2162 non

731 2206 820 2279 fit
872 2211 1242 2299 tempore
1299 2207 1686 2279 nebuloso
1741 2233 1757 2277 :
1812 2228 2060 2280 causa
2118 2213 2268 2289 est,

734 2323 922 2415 quia
991 2328 1331 2417 propter
1400 2324 1875 2415 grossitiem
1952 2325 2271 2396 nebula-

734 2461 943 2522 rum,
1000 2440 1482 2534 prohibetur
1530 2462 1790 2535 vapor
1867 2441 1984 2514 ita
2027 2442 2269 2516 subti-

733 2557 835 2630 lis
878 2557 1089 2630 sicut
1131 2578 1296 2639 ros,
1339 2558 1673 2631 elevari.

815 2675 1116 2757 Tertio,
1181 2676 1585 2766 contingit
1655 2677 1859 2767 quod
1918 2696 2054 2749 ros
2108 2696 2268 2749 non

728 2792 817 2866 fit
893 2797 1265 2885 tempore
1339 2798 1715 2874 ventoso,
1799 2812 2047 2865 causa
2114 2797 2264 2874 est,

729 2908 915 3001 quia
948 2909 1297 2981 materia
1329 2909 1548 2982 roris
1583 2914 1922 3004 propter
1947 2911 2072 2984 sui
2094 2911 2269 2982 sub-

731 3025 1123 3101 tiIItatem
1159 3025 1643 3100 dissolvitur
1687 3046 1733 3097 a
1773 3032 2040 3102 vente.

817 3147 1155 3226 Quarto,
1205 3143 1501 3219 accidit
1552 3145 1758 3237 quod
1802 3165 1939 3218 ros
1978 3165 2138 3219 non
2178 3145 2269 3220 fit

726 3263 1094 3353 tempore
1127 3260 1442 3353 hyemis
1485 3261 1807 3353 frigido,
1849 3264 2034 3355 quia
2076 3268 2266 3337 tune

721 3397 984 3470 vapor
1034 3377 1187 3450 iste
1239 3377 1366 3449 vel
1418 3378 1902 3471 prohibetur
1949 3399 2046 3453 ne
2091 3401 2267 3474 pos-

723 3493 830 3567 sit
880 3493 1212 3576 elevari,
1275 3495 1403 3566 vel
1464 3495 1694 3588 prius
1754 3497 2262 3588 congelatur,

723 3632 961 3705 quam
1005 3616 1543 3687 convertatur
1577 3614 1655 3686 in
1691 3634 2012 3705 aquam.

810 3729 1131 3813 Quinto,
1177 3752 1320 3832 nec
1379 3750 1515 3803 ros
1574 3732 1664 3808 fit
1724 3738 2095 3825 tempore
2154 3734 2266 3806 ni-

724 3846 877 3919 mis
920 3846 1203 3929 calide,
1252 3848 1440 3939 quia
1499 3853 1690 3922 tunc
1751 3854 2096 3942 propter
2157 3850 2266 3921 in-

722 3964 1175 4038 tensionem
1218 3965 1521 4039 caloris
1573 3969 1926 4041 materia
1982 3987 2265 4039 eonsu-

724 4080 1002 4153 mitur.
1041 4083 1159 4151 Ex
1203 4100 1358 4171 quo
1407 4087 1630 4175 patet
1673 4082 1878 4174 quod
1925 4102 2061 4153 ros
2103 4102 2262 4155 non

720 4196 810 4269 fit
869 4196 1028 4268 nisi
1087 4198 1622 4288 temporibus,
1686 4201 1766 4272 et
1806 4198 2007 4271 locis
2068 4204 2261 4273 tem-

720 4314 1057 4406 peratis,
1113 4314 1392 4395 elaris,
1446 4319 1525 4388 et
1568 4315 2061 4408 tranquilliS,
2111 4316 2261 4391 hoc

720 4432 1039 4514 accidit,
1096 4432 1285 4525 quia
1329 4453 1464 4505 ros
1505 4439 1630 4508 est
1680 4434 2002 4523 signum
2054 4456 2264 4506 sere-

720 4547 1042 4631 nitatis;
1089 4570 1339 4622 causa
1383 4554 1531 4631 est,
1581 4552 1767 4642 quia
1809 4551 1889 4623 in
1924 4570 2262 4642 genera-

722 4668 945 4741 tione
983 4666 1200 4739 roris
1233 4668 1660 4743 elevantur
1693 4690 2044 4763 vapores
2088 4670 2262 4741 sub-

724 4782 936 4864 tiles,
1000 4787 1080 4855 et
1140 4801 1301 4854 non
1359 4803 1711 4877 vapores
1772 4786 2070 4875 grossi,
2128 4790 2260 4877 qui

723 4902 911 4973 sunt
945 4901 1295 4974 materia
1340 4901 1829 4994 pluviarum.

825 5020 1071 5092 Sexto
1143 5017 1437 5092 accidit
1516 5020 1721 5112 quod
1808 5041 1945 5092 ros
2023 5020 2264 5095 habet

721 5132 1147 5223 quamdam
1208 5132 1727 5215 dulcedinem,
1783 5135 2014 5226 quasi
2074 5135 2263 5207 mel-

721 5248 845 5328 lis,
884 5248 1036 5320 sibi
1069 5249 1537 5322 admixtam.
1576 5254 1837 5323 Causa
1869 5255 1994 5324 est
2030 5271 2262 5344 prop-

718 5371 849 5440 ter
879 5366 1420 5458 digestionem
1455 5366 1800 5459 alicujus
1834 5370 2265 5441 terrestris

719 5504 903 5556 cum
949 5505 1160 5575 aqua
1220 5483 1474 5564 roris;
1526 5486 1607 5555 et
1658 5485 1866 5574 quod
1921 5485 2266 5575 quando-

723 5616 874 5697 que
916 5596 1079 5680 tale
1122 5600 1525 5676 terrestre
1570 5596 2021 5675 misceatur
2063 5598 2263 5686 rori,

1885 409 2029 471 LIB.
2081 410 2124 472 Ι.
2172 409 2715 475 METEORORUM

2398 573 2621 662 patet
2656 590 2803 664 per
2843 570 3200 660 signum;
3237 567 3426 660 quia
3467 564 3928 657 quandoque

2395 685 2755 759 videmus
2799 706 2946 779 per
2974 685 3268 758 herbas
3304 683 3494 756 illud
3535 683 3929 755 terrestre

2396 801 2491 873 ad
2532 803 2853 876 modum
2905 803 3193 877 farinae
3239 802 3442 874 albae
3492 797 3929 893 pulveriza-

2393 923 2522 1001 tae,
2558 925 2638 995 et
2671 923 3146 1014 quandoque
3175 920 3270 992 ad
3305 919 3628 991 modum
3672 914 3930 987 mellis

2392 1038 2936 1129 conglutinati
2991 1037 3283 1130 vapori
3342 1032 3755 1109 subtiliori
3819 1053 3931 1104 re·

2395 1154 2667 1229 soluto
2741 1181 2755 1224 :
2821 1160 2902 1229 et
2971 1154 3409 1228 secundum
3479 1151 3970 1234 Albertum„

2393 1271 2585 1345 talis
2630 1292 2768 1344 ros
2812 1271 3206 1346 interficit
3264 1269 3584 1350 herbaS,
3648 1271 3731 1341 et
3774 1285 3930 1337 om-

2393 1409 2534 1460 nes
2602 1409 2700 1460 ex
2763 1409 2858 1460 eo
2918 1388 3428 1462 comedentes
3489 1382 3931 1478 putrefiunt

2393 1506 2765 1579 interius.
2814 1507 3049 1580 Patet
3090 1504 3350 1596 igitur
3392 1501 3571 1595 quis
3604 1504 3728 1573 est
3772 1519 3929 1571 mo-

2389 1621 2532 1693 dus
2620 1620 3180 1712 generationis
3269 1619 3514 1701 roriS,
3595 1619 3677 1690 et
3754 1636 3926 1708 quae

2390 1739 2576 1811 sunt
2627 1736 3074 1810 accidentia
3114 1737 3315 1829 ejus.

2479 1854 2625 1925 Sed
2670 1854 2761 1925 de
2807 1853 3268 1927 differentia
3319 1852 3538 1924 roris
3580 1853 3675 1924 ad
3715 1851 3919 1923 alias

2388 1970 2968 2063 impressiones
3038 1990 3314 2042 omnes
3386 1989 3710 2061 aqueas,
3792 1988 3921 2060 po-

2388 2093 2549 2164 test
2580 2089 2733 2163 dici
2779 2090 2985 2182 quod
3028 2111 3165 2161 ros
3198 2093 3324 2161 est
3365 2087 3722 2181 ejusdem
3756 2107 3923 2179 spe-

2385 2208 2539 2281 ciei
2600 2229 2782 2280 cum
2847 2207 3144 2300 pluvia,
3222 2209 3302 2279 et
3363 2204 3779 2297 grandine,
3845 2208 3926 2276 et

2387 2327 2547 2399 ista
2594 2327 2797 2400 flunt
2847 2347 2947 2397 ex
2996 2324 3271 2396 eadem
3334 2322 3685 2395 materia
3743 2342 3923 2414 pro-

2386 2443 2712 2536 pinqua,
2750 2447 2830 2516 et
2868 2441 2967 2514 ab
3000 2444 3290 2532 agente
3321 2438 3756 2512 consimili.
3797 2441 3925 2511 Se-

2384 2559 2669 2640 cundo,
2723 2559 2911 2631 dato
2965 2559 3172 2649 quod
3220 2555 3493 2630 differt
3553 2557 3925 2650 specifice

2383 2694 2429 2746 a
2490 2675 2673 2747 nive
2732 2679 2813 2748 et
2875 2674 3194 2767 pruina,
3260 2674 3662 2768 probatur
3713 2673 3925 2746 sieut

2384 2791 2652 2883 primo
2721 2793 2813 2864 de
2873 2790 3174 2885 pluvia.
3245 2794 3346 2864 Et
3422 2789 3570 2863 hoc
3637 2791 3730 2862 de
3807 2812 3971 2862 se-.

2382 2911 2665 2982 cundo.

2472 3026 2587 3099 Ad
2639 3026 3030 3098 rationes,
3076 3024 3191 3098 Ad
3232 3025 3611 3119 primam,
3650 3028 3919 3117 potest
3943 3041 4207 3165 qaam.

2382 3142 2669 3235 negari
2722 3142 3014 3236 major,
3070 3142 3257 3234 quia
3304 3140 3739 3215 diversitas
3792 3161 3919 3232 ge·
3964 3167 4093 3231 pau.

2382 3260 2838 3335 nerationis
2872 3261 3306 3332 secundum
3330 3260 3601 3332 locum
3623 3263 3702 3331 et
3727 3263 3920 3332 tem-

2382 3399 2530 3471 pus
2575 3383 2846 3472 potest
2893 3378 3331 3473 provenire
3370 3400 3469 3451 ex
3500 3378 3923 3450 diversita-

2381 3500 2461 3569 te
2495 3497 2860 3570 materiae
2909 3496 3342 3568 secundum
3392 3515 3798 3586 grossum,
3845 3500 3925 3568 et

2381 3613 2578 3695 leve,
2623 3618 2704 3687 et
2751 3614 3230 3687 diversitate
3280 3612 3598 3703 agentis
3649 3633 3923 3684 secun-

2378 3729 3008 3802 dumintensum
3050 3732 3131 3801 et
3165 3728 3626 3800 remissum.
3667 3730 3766 3799 Et
3797 3747 3921 3799 eo-

2378 3848 2557 3919 dem
2602 3845 2835 3917 modo
2869 3845 2965 3916 ad
3005 3844 3239 3917 alias.

2704 4154 3174 4239 QUAESTIO
3265 4154 3575 4226 XXIII.

2383 4357 2615 4422 Utrum
2661 4354 2924 4444 gyrando
2972 4356 3187 4442 mayis
3246 4353 3474 4419 debeat
3520 4354 3677 4436 fieri
3734 4353 3913 4431 Vere,
4013 4424 4018 4431 ,

2465 4485 2524 4538 el
2554 4475 2909 4552 AulumnO,
2947 4494 3144 4560 quam
3184 4471 3439 4557 hyeme,
3474 4481 3535 4535 el
3563 4469 3832 4535 testate?

2464 4666 2870 4757 Arguitur
2902 4666 3104 4756 quod
3144 4684 3330 4745 non,
3378 4664 3567 4756 quia
3608 4666 3913 4755 grando

2379 4900 2649 4993 potius
2719 4917 2878 4970 uno
2937 4902 3334 4992 tempore,
3413 4919 3654 4991 quam
3721 4898 3908 4971 alio.

2378 5015 2973 5109 Consequentia
3040 5018 3235 5088 nota
3306 5020 3453 5091 est.
3529 5018 3629 5089 Et
3699 5019 3915 5088 ante-

2376 5134 2660 5207 cedens
2721 5133 3145 5226 probatur,
3223 5132 3412 5223 quia
3468 5133 3595 5204 vel
3659 5153 3918 5225 vapor

2379 5250 2605 5344 prius
2629 5250 3146 5323 convertitur
3179 5249 3258 5321 in
3290 5269 3608 5341 aquam,
3633 5270 3731 5321 ex
3763 5269 3916 5341 quo

2381 5371 2830 5458 generatur
2879 5368 3213 5455 grande,
3261 5387 3502 5458 quam
3550 5366 3916 5457 congela-

2381 5491 2545 5567 tur,
2581 5486 2707 5557 vel
2751 5508 2792 5557 e
2836 5485 3262 5559 contrario
3307 5511 3322 5556 ε
3372 5485 3439 5559 si
3473 5486 3704 5580 prius
3736 5497 3954 5559 con-⁶

2383 5600 2706 5693 geletur
2755 5602 2946 5678 tunc
2988 5599 3077 5675 fit
3117 5598 3281 5683 niX,
3335 5600 3415 5675 et
3458 5618 3603 5695 per
3647 5617 3917 5673 conse-

2375 4783 2597 4855 nuuo
2642 4782 2874 4854 modo
2914 4782 3145 4855 dohet
3184 4782 3390 4866 fler-i,
3446 4782 3705 4873 igitur
3752 4801 3913 4853 non
3941 4737 4207 4849 „wlff
