4252 6393
1897 427 2149 493 CAPUT
2195 432 2265 492 ll.

485 595 550 666 7.
588 591 875 682 Melaph.
924 606 1083 660 leael.
1149 615 1307 664 com.
1365 595 1475 666 60.
1552 590 1632 665 Si
1694 590 1876 683 quid
1937 611 2035 662 ex

489 710 725 782 unico
759 709 1159 783 elemento
1192 715 1408 784 esset
1457 732 1617 782 non
1660 713 1873 783 esset
1917 709 2034 782 ni-

484 826 553 898 si
613 826 828 904 illud,
888 827 1046 898 imo
1099 827 1293 900 illud
1337 849 1494 899 non
1553 833 1767 901 esset
1844 826 2037 899 illud

486 945 1000 1026 elementum,
1039 966 1138 1016 ex
1173 945 1442 1037 prima
1475 944 2036 1038 propositione

487 1062 722 1156 hujus
780 1063 1106 1134 secundi
1177 1062 1540 1155 capituli,
1614 1068 2029 1160 quae'est:

485 1182 676 1247 Nihil
704 1184 1148 1248 essentialiter
1176 1207 1214 1248 a
1255 1207 1322 1249 sc
1360 1183 1730 1270 dependere
1750 1207 1773 1262 ,·
1836 1179 2034 1269 ergo

488 1317 533 1367 a
559 1294 835 1377 simili,
876 1297 944 1368 si
977 1297 1161 1388 quid
1187 1297 1421 1370 habet
1445 1301 1758 1370 tantum
1794 1317 2036 1369 unam

494 1416 811 1504 partem
862 1412 1414 1496 essentialem,
1481 1434 1641 1485 non
1699 1420 1823 1487 est
1878 1416 2035 1488 nisi

491 1527 657 1612 illa,
724 1528 887 1601 imo
949 1530 1122 1621 ‚jam
1193 1551 1350 1601 non
1416 1534 1540 1602 est
1604 1551 1818 1623 pars,
1893 1553 2034 1603 nec

119 1661 443 1723 Gemit-osi·
492 1668 765 1729 causa,
843 1654 1180 1741 propter
1232 1648 1587 1741 primam
1668 1649 2036 1739 regulam

83 1735 215 1774 tum
262 1737 465 1771 nentes-

82 1764 829 1910 ἒᾝῖιιὲαὸῖιᾱίοῑᾶηη
902 1785 1100 1854 ergo
1161 1786 1394 1836 omne
1454 1771 1882 1839 causatum
1938 1785 2036 1835 ex

229 1887 232 1888 ⁷
441 1873 464 1884 '
1799 1881 2037 1953 habet

85 1911 463 1974 rayner-in..
493 1878 764 1970 aliqua
862 1900 1109 1951 causa
1209 1880 1705 1962 intrinseca,

85 1989 289 2023 πω·
486 1995 736 2068 ctiam
795 1996 1040 2069 aliam
1107 1996 1635 2070 intrinsecam
1700 2018 2039 2070 concau-

491 2118 832 2192 santem,
868 2119 947 2188 et
985 2114 1098 2187 ita
1133 2118 1354 2207 patet
1407 2115 1943 2207 propositum.

968 2341 1418 2397 SCHOLIUM
1464 2342 1560 2396 111.

565 2526 893 2582 Conclusio
938 2530 1175 2590 octava,
1228 2539 1346 2580 non
1404 2530 1725 2581 causatum
1759 2539 1792 2580 a
1831 2527 2036 2581 causis

494 2624 884 2688 extrinseciS‚
919 2637 1038 2679 nou
1070 2622 1315 2678 causari
1347 2623 1421 2678 ab
1447 2623 1824 2689 intrinsecis,
1873 2628 2040 2694 patet

493 2738 565 2780 ex
616 2722 980 2793 praemissiS,
1013 2727 1073 2777 et
1102 2723 1248 2791 quia
1283 2723 1640 2777 intrinsecae
1671 2722 1888 2778 dicunt
1918 2726 2037 2778 im-

496 2820 962 2894 perfectionem,
995 2819 1362 2875 extrinsecae
1414 2833 1554 2874 non.
1611 2821 1755 2876 ltem
1803 2823 2038 2876 intrin-

494 2935 644 2976 secae
704 2924 961 2991 possunt
1015 2933 1148 2973 esse
1199 2919 1457 2974 effectus
1515 2920 2031 2975 extrinsecarum.

496 3019 901 3075 Conclusione
964 3032 1120 3074 nona
1179 3019 1532 3088 explicatur
1597 3021 1822 3087 optime
1887 3019 2035 3074 ordo

494 3131 821 3173 causarum
852 3118 916 3173 in
950 3115 1277 3182 causando,
1324 3117 1739 3187 comparando
1771 3122 2038 3186 quatuor

494 3231 708 3273 causas
740 3217 906 3272 inter
935 3231 999 3271 se
1030 3219 1090 3269 et
1134 3216 1509 3271 intrinsecas
1539 3230 1680 3271 cum
1724 3217 2036 3270 extrinse-

495 3317 603 3371 cis.
627 3314 794 3382 Quod
820 3315 906 3371 ait
927 3317 1061 3386 post
1082 3314 1480 3381 additionem,
1514 3314 1755 3368 nullam
1788 3327 2034 3368 causam

497 3415 743 3471 totalem
783 3428 919 3469 esse
949 3414 1254 3484 aequalem
1286 3417 1551 3481 causato,
1587 3412 1847 3467 difficile
1887 3413 2036 3468 satis

497 3518 606 3568 est.
673 3515 752 3566 De
805 3512 1002 3567 variis
1049 3510 1393 3579 cogitabam
1436 3510 1680 3579 glossis,
1734 3508 1838 3562 sed
1890 3514 2037 3579 puto

496 3612 683 3667 verba
716 3610 828 3665 illa
869 3624 1003 3664 esse
1042 3609 1116 3665 de
1159 3612 1290 3679 ipsa
1341 3608 1676 3674 additione,
1730 3609 2038 3680 quidquid

495 3711 656 3765 dicat
689 3708 1022 3763 Mauritius
1065 3706 1187 3763 hic.
1225 3710 1367 3762 Dato
1398 3708 1581 3763 etiam
1615 3707 1777 3777 quod
1809 3710 1932 3763 sint
1964 3709 2039 3763 de

496 3808 703 3864 littera
765 3807 1059 3871 Doctoris,
1123 3807 1253 3876 ipse
1317 3820 1382 3860 se
1438 3806 1709 3876 explicat
1774 3806 2040 3861 'rhem-e-

497 3911 658 3963 mate
694 3908 776 3960 19.
809 3905 1084 3961 conclus.
1123 3906 1176 3959 5.
1213 3904 1368 3960 illud
1403 3910 1641 3960 tantum
1693 3907 1895 3960 locum
1931 3906 2042 3960 lia-

497 4005 639 4060 bere
665 4005 728 4059 in
750 4005 1059 4059 efficiente
1083 4005 1397 4073 aequivoco
1417 4009 1479 4058 et
1506 4006 1622 4058 linc
1673 4006 2045 4072 extrinsecO,

497 4120 633 4175 quae
665 4103 804 4158 duze
835 4117 1038 4157 causae
1071 4116 1321 4173 semper
1352 4109 1497 4159 sunt
1530 4104 1866 4160 nobiliores
1893 4121 1960 4159 ca
1976 4121 2043 4159 u-

497 4206 649 4268 sat0,
685 4201 948 4272 reliquae
990 4217 1108 4258 non
1141 4203 1224 4257 ita
1258 4219 1269 4254 :
1308 4202 1471 4259 unde
1506 4218 1625 4259 non
1657 4208 1750 4260 est
1789 4218 2041 4259 necesse

498 4315 825 4355 recurrere
847 4302 923 4357 ad
947 4304 1201 4372 glossas,
1235 4302 1464 4374 quibus
1493 4305 1824 4359 veritatem
1869 4303 2045 4357 illius

498 4398 645 4456 dieti
679 4400 1018 4457 salvemus,

251 4604 320 4656 «5,
595 4585 783 4660 Quod
820 4605 950 4649 non
983 4595 1075 4649 esc
1105 4596 1442 4649 caet-satum
1473 4608 1512 4649 a
1545 4587 1760 4650 causis
1789 4588 2042 4651 extrin-

501 4703 696 4781 secix,
732 4711 824 4766 esc
864 4712 1207 4765 causatum
1247 4722 1331 4763 ea:
1370 4701 1586 4765 ecticse's
1636 4702 2037 4766 intrinsecis.

597 4816 784 4887 Haec
807 4835 903 4885 ex
942 4813 1390 4906 praemissis
1442 4815 2042 4905 quatuorsatis,

504 4931 739 5003 habet
765 4935 1034 5002 tamen
1073 4930 1589 5022 probationes
1626 4932 2042 5024 speciales.

507 5048 784 5120 Prima
824 5050 972 5127 est,
1039 5046 1226 5137 quia
1286 5048 1816 5119 causalitates
1865 5068 2046 5120 cau-

506 5184 784 5235 sarum
870 5162 1524 5235 extrinsecarum
1625 5164 2045 5256 perfectio-

503 5302 685 5353 nem
754 5280 1050 5360 dicunt,
1121 5280 1248 5352 cui
1318 5299 1477 5351 non
1544 5284 1666 5352 est
1737 5302 2048 5352 annexa.

504 5395 969 5469 necessario
1026 5395 1564 5488 imperfectio.
1618 5406 1896 5470 Causa·
1941 5397 2046 5467 in-

503 5513 882 5585 trinsecae
914 5535 1013 5585 ex
1045 5514 1532 5587 necessitate
1585 5514 1876 5588 liabent
1913 5516 2047 5586 im-

507 5628 1092 5723 perfectionem
1164 5649 1596 5715 annexam,
1661 5630 1772 5705 ita
1845 5632 2049 5724 quod

88 4834 379 4886 conclus.
420 4831 474 4880 8.

3556 425 3668 487 731

2150 612 2413 664 causae
2483 590 2965 663 extrinsecae
3018 588 3203 659 sunt
3247 587 3568 680 priores
3612 587 3690 659 in

2149 709 2552 782 causando
2599 704 3086 786 intrinsecis,
3136 703 3345 776 sicut
3388 701 3692 796 persec-

2148 831 2322 899 tum
2348 825 2847 920 imperfecto.
2886 824 2998 896 Ad
2997 825 3025 917 j
3042 843 3244 914 unge
3267 822 3692 894 secundam
3722 819 4034 932 Cyggfegg‘

2151 937 2349 1036 quae'
2385 949 2505 1016 est
2566 943 2735 1015 lizec
2790 970 2803 1012 ;
2855 941 3075 1024 Quod
3141 960 3301 1011 non
3342 941 3464 1010 cst
3514 957 3691 1010 cau·
3718 945 4034 1067 (1ξῇιῖξὲιὲἑρ-

2151 1067 2417 1135 satum
2507 1083 2771 1134 causfc¹
2854 1057 3192 1153 priori&
3291 1076 3435 1127 nec
3514 1021 3875 1148 pos-{zema
3912 1084 4006 1118 εω-

2151 1178 2509 1259 terioris,
2563 1179 2935 1269 sequitur
2976 1173 3512 1268 propositum.
3562 1174 3689 1244 Sc·
3738 1137 4008 1246 ἷῖἷῖιωῖῗῖ.

2150 1298 2407 1370 cunda
2470 1296 2683 1369 ratio
2743 1297 2866 1366 est
2929 1293 3112 1372 ista,
3177 1288 3365 1382 quia
3425 1309 3689 1362 causae
3747 1253 3970 1370 ἓὴῗὶέζ

2154 1414 2615 1486 intrinsecae
2656 1414 2990 1504 possunt
3030 1429 3206 1480 esse
3253 1407 3330 1479 in
3384 1428 3467 1478 se
3510 1425 3692 1479 cau-

2152 1552 2233 1603 sa
2254 1537 2348 1605 tic
2375 1533 2745 1622 respectu
2781 1525 3465 1603 extrinsecarmm
3494 1541 3693 1612 ergo

2152 1653 2339 1722 sunt
2391 1646 2879 1741 posterioris
2935 1644 3013 1715 in
3064 1639 3470 1714 causando
3534 1657 3693 1709 res*-

2156 1771 2383 1858 pectu
2429 1784 2738 1854 earum.
2783 1759 3277 1834 Antecedens
3340 1757 3561 1848 patet
3600 1754 3692 1824 de

2152 1884 2445 1956 forma.
2487 1885 2714 1954 Patet
2749 1879 2997 1952 ctiam
3029 1878 3119 1948 de
3176 1871 3525 1946 materia
3577 1869 3690 1940 in-

2152 2005 2543 2094 quantum
2600 2019 2811 2091 pars‚
2877 1995 3009 2066 scd
3049 1995 3139 2065 dc
3202 1991 3379 2083 ipsa
3441 1988 3517 2061 in
3578 2008 3687 2067 se,

2150 2116 2490 2189 inferius
2526 2112 3015 2185 ostendetur.
3057 2109 3243 2180 Haec
3278 2101 3689 2177 conclusio

2149 2234 2342 2306 benc
2380 2233 2666 2325 probat
2710 2231 3049 2302 sextam.

2245 2360 2542 2430 Quacum·
2578 2372 2820 2438 [fenera
2852 2366 3203 2413 causarum
3244 2345 3319 2408 in
3358 2337 3692 2407 causando
3718 2347 3954 2399 Conclus.
3976 2346 4031 2400 9.

2153 2472 2349 2551 iclem,
2395 2471 2835 2536 essentialiter
2873 2467 2996 2531 ord
3002 2468 3303 2530 insuitur.

2240 2588 2469 2657 Patet
2504 2606 2601 2655 ex
2645 2573 2989 2674 quinque
3046 2574 3520 2671 praemissis,
3557 2569 3688 2641 sed
3719 2599 3911 2647 caum
3940 2611 4034 2643 or..

2148 2724 2245 2772 ex
2317 2723 2399 2773 se
2474 2702 2794 2772 videtur
2873 2691 3393 2773 rationabile,
3484 2658 4036 2779 quodssssss‘i'sssffl'.

2151 2821 2407 2891 multa
2467 2841 2512 2890 a
2573 2817 2857 2911 quibus
2938 2810 3238 2903 aliquid
3309 2805 3688 2900 dependet
3716 2785 4036 2896 2&ssssssan

2145 2937 2702 3010 essentialiter
2754 2933 3114 3006 ordinem
3159 2927 3529 3005 habeant,
3578 2941 3689 2992 se-

2147 3056 2488 3128 cundum
2526 3075 2758 3145 quem
2826 3050 3136 3122 scilicet
3202 3044 3392 3117 illud
3444 3037 3690 3112 abeis

2150 3171 2515 3243 ordinate
2564 3169 2947 3261 dependet
2984 3192 2997 3236 :
3037 3183 3223 3235 nam
3272 3181 3368 3231 ex
3405 3156 3691 3249 quibus

2149 3308 2307 3358 non
2361 3288 2447 3358 lit
2494 3306 2762 3365 unum,
2814 3289 2898 3357 ut
2933 3304 3029 3353 ex
3082 3283 3267 3351 actu
3301 3280 3379 3348 et
3420 3276 3693 3367 poten·
3748 3355 3757 3360 ,

2153 3403 2290 3483 tia,
2342 3402 2408 3474 si
2455 3401 2779 3473 omnino
2823 3397 3129 3469 nullam
3172 3392 3467 3463 habent
3529 3385 3693 3458 uni-

2154 3526 2403 3595 tatem
2442 3520 2772 3599 ordinis,
2814 3537 2967 3588 non
3019 3514 3357 3586 causant
3392 3504 3695 3598 aliquid

2155 3641 2356 3713 idem
2383 3636 2964 3711 essentialiter.
3002 3636 3199 3705 Cum
3237 3628 3695 3729 igiturqua-

2153 3762 2344 3831 tuor
2413 3775 2713 3847 genera
2783 3769 3216 3823 causarum
3275 3764 3437 3817 non
3507 3745 3693 3815 sunt

2157 3877 2431 3966 partes
2467 3868 2811 3962 alicujus
2847 3862 3281 3957 compositi
3325 3882 3422 3932 ex
3465 3859 3688 3952 ipsis,

2155 3991 2366 4061 sicut
2399 4008 2495 4058 ex
2538 3990 2721 4057 actu
2761 3983 2882 4053 vel
2930 3977 3311 4073 potentia,
3351 3974 3417 4045 si
3448 3973 3696 4047 etiam

2157 4105 2484 4180 omnino
2555 4102 2859 4174 nullam
2928 4098 3222 4168 habent
3300 4091 3697 4164 unitatem

2159 4222 2488 4302 ordinis,
2559 4221 3031 4312 inquantum
3082 4213 3449 4290 causant,
3512 4228 3698 4299 quo-

2160 4344 2393 4415 modo
2439 4346 2626 4413 tnnc
2671 4336 2969 4428 aliquid
3024 4335 3227 4405 idem
3262 4329 3699 4403 causarent

2162 4459 2237 4530 in
2274 4456 2678 4530 causando
2731 4457 3182 4530 causatum,
3235 4468 3386 4540 quo
3423 4443 3699 4545 ordine

2160 4596 2437 4647 omnes
2475 4578 2661 4647 sunt
2715 4592 2962 4641 unum
3016 4568 3385 4659 respectu
3440 4561 3694 4642 tertii,

2161 4693 2476 4767 scilicet
2530 4691 2605 4762 in
2659 4685 3087 4764 causando,
3138 4683 3204 4754 si
3259 4682 3472 4754 inter
3522 4699 3700 4752 cau-

2162 4834 2293 4883 sas
2355 4810 2460 4882 sit
2531 4808 2725 4878 ordo
2792 4801 3370 4895 depelitlcntiai;
3450 4796 3701 4888 igitur

2158 4949 2319 5002 una
2358 4928 2643 5000 causat
2684 4921 2932 4994 aliam
2975 4919 3452 5011 inquantum
3511 4935 3700 4986 cau-

2161 5069 2248 5119 sa
2298 5066 2507 5117 :non
2538 5043 2753 5116 enim
2806 5044 3077 5133 potest
3140 5036 3245 5109 ibi
3297 5034 3484 5128 poni
3523 5052 3703 5104 cau-

2161 5170 2429 5238 satum
2522 5161 2780 5254 prius;
2871 5177 3071 5247 ergo
3159 5154 3338 5225 finis
3423 5152 3704 5223 causat

2159 5280 2706 5360 efficientiam,
2747 5297 2921 5369 quse
2969 5279 3238 5348 tamen
3269 5287 3430 5340 non
3465 5265 3706 5339 effici·

2164 5403 2299 5472 tur
2372 5400 2708 5489 propter
2779 5406 3248 5486 processum
3311 5385 3390 5456 in
3449 5383 3704 5455 infini-

2165 5521 2374 5596 tum;
2416 5514 2670 5605 igitur
2713 5516 2837 5583 est
2870 5510 3100 5581 salsa.
3146 5508 3373 5585 Item,
3424 5502 3492 5574 si
3543 5520 3700 5574 una

2162 5652 2406 5711 causa
2432 5631 2711 5709 causat
2746 5625 3303 5709 causationem
3329 5621 3697 5708 alterius,
