4252 6393
155 841 187 888 l.

1679 414 2040 501 QUAES'rlO
2091 428 2106 487 Ι

267 586 704 668 violentam,
751 591 833 660 et
884 585 1403 667 occisionem,
1454 589 1535 658 et
1568 584 1784 658 simi-

276 703 381 776 lia.

340 820 479 893 Sed
517 820 705 892 dum
748 820 1072 912 aliquod
1108 820 1473 913 procedit
1507 839 1783 893 secun-

271 941 427 1013 dum
455 939 921 1013 naturalem
969 959 1443 1032 processum
1478 939 1574 1010 ad
1608 957 1782 1010 cor-

275 1057 732 1150 ruptionem,
769 1055 1074 1130 dicitur
1119 1055 1617 1148 putrefactio
1652 1074 1783 1125 na-

275 1173 560 1247 turalis.
600 1173 820 1246 Unde
852 1176 1262 1243 naturaliter
1290 1172 1591 1246 dicitur
1625 1192 1783 1243 uno

277 1290 500 1371 modo,
574 1295 820 1383 prout
889 1289 1428 1381 distinguitur
1491 1293 1786 1361 contra

275 1406 773 1488 voluntatem,
840 1412 928 1480 ut
1001 1406 1423 1480 inclinatio
1486 1405 1786 1478 dicitur

273 1523 671 1602 naturalis,
725 1524 862 1596 sed
929 1522 1394 1616 persecutio
1463 1520 1786 1594 volitio-

274 1639 376 1710 nis
412 1639 711 1714 dicitur
751 1640 1139 1713 violenta.
1180 1639 1363 1711 Alio
1410 1639 1644 1710 modo
1681 1636 1787 1708 di-

276 1753 840 1837 citurnatnrale,
891 1759 976 1827 ut
1027 1754 1567 1845 distinguitur
1607 1773 1789 1825 con-

279 1876 387 1944 tra
411 1876 794 1958 artificiale.
837 1875 918 1946 et
959 1872 1074 1945 sic
1106 1871 1447 1945 dicimus
1467 1871 1791 1965 plantas

275 1988 426 2060 fieri
509 1989 1042 2072 naturaliter,
1125 1990 1259 2062 sed
1326 2009 1592 2070 arcas,
1664 1986 1791 2059 vel

273 2104 560 2187 domus,
609 2105 1195 2181 artificialiter.

348 2221 613 2295 Tertio
669 2222 906 2295 modo
968 2221 1271 2296 dicitur
1323 2222 1659 2302 naturale,
1707 2222 1795 2291 ut

272 2337 789 2432 distinguitur
830 2345 1123 2414 contra
1153 2343 1541 2421 violentum,
1583 2337 1796 2409 sicut

269 2454 589 2529 dicimus
651 2458 861 2549 quod
922 2460 1191 2531 motus
1256 2455 1536 2546 gravis
1572 2456 1797 2526 deor-

277 2592 436 2644 sum
473 2578 598 2647 est
633 2572 1071 2652 naturalis,
1120 2572 1254 2643 sed
1298 2591 1630 2642 sursum
1673 2572 1799 2641 est

269 2687 697 2768 violentus;
777 2689 1011 2761 modo
1082 2687 1178 2759 ad
1249 2685 1794 2779 propositum,

278 2805 755 2894 putrefactio
833 2809 959 2877 est
1039 2807 1310 2876 motus
1391 2800 1801 2875 naturalis

279 2920 420 2993 isto
489 2921 740 2994 tertio
801 2920 1057 2992 modo.
1120 2919 1343 2990 Unde
1395 2915 1802 2990 naturalis

277 3037 808 3132 transpositio
850 3039 999 3117 est,
1057 3056 1233 3127 quae
1275 3034 1364 3108 fit
1416 3055 1462 3105 a
1508 3031 1804 3125 princi-

275 3154 395 3246 pio
478 3154 930 3231 intrinseco
1014 3174 1253 3246 passo
1332 3150 1807 3225 conferente

274 3272 452 3345 vim.
503 3275 650 3348 Sed
705 3273 1094 3352 violenta,
1144 3292 1320 3362 quae
1371 3270 1462 3343 fit
1510 3291 1556 3342 a
1594 3267 1807 3361 prin-

274 3388 477 3481 cipio
534 3389 1007 3463 extrinseco
1080 3408 1321 3480 passo
1374 3406 1536 3458 non
1589 3390 1806 3458 tran-

271 3512 546 3581 seunte
618 3507 816 3579 vim.
903 3508 1003 3579 Et
1085 3504 1181 3577 ad
1251 3502 1803 3595 propositum,

273 3624 765 3714 putrefactio
835 3628 962 3697 est
1034 3625 1307 3695 motus
1369 3618 1802 3697 naturalis,

271 3760 358 3813 eo
419 3744 632 3835 quod
685 3762 930 3836 passo
991 3739 1314 3813 confert
1381 3738 1572 3819 vim,
1624 3735 1815 3827 quia

268 3857 775 3932 naturaliter
809 3856 1135 3930 ratione
1178 3853 1547 3927 materiae
1582 3871 1816 3944 appe-

271 3971 364 4047 tit
403 3974 771 4048 sormam
826 3974 1214 4065 aliquam,
1260 3976 1340 4045 et
1388 3991 1532 4063 per
1566 3967 1816 4059 quali-

269 4092 481 4163 tates
519 4091 841 4166 activas
882 4094 963 4162 et
998 4087 1370 4181 passivas
1403 4090 1527 4158 est
1557 4083 1816 4175 dispo-

269 4204 525 4280 situm
600 4206 1061 4297 subjectum
1135 4203 1230 4276 ad
1291 4199 1816 4294 putrefactio-

269 4341 475 4406 nem,
561 4325 760 4397 licet
830 4328 1104 4396 tamen
1178 4319 1375 4412 ipsis
1450 4316 1815 4389 resistat.

267 4442 610 4515 Certum
652 4439 908 4513 etiam
941 4440 1066 4511 est
1106 4434 1696 4514 voluntarium,
1743 4437 1822 4505 et

266 4558 737 4638 artificiale,
775 4561 856 4630 et
891 4555 1081 4630 licet
1117 4552 1599 4646 improprie,
1644 4571 1824 4622 esse

269 4675 660 4749 naturale
722 4672 981 4746 modis
1044 4670 1445 4763 oppositis
1491 4668 1700 4749 istis,
1746 4671 1826 4739 et

269 4790 414 4866 hoc
484 4793 587 4865 de
660 4795 961 4882 quarto
1034 4793 1158 4862 est
1216 4787 1659 4859 dicendum.
1738 4785 1827 4855 In

275 4910 565 5002 quinto
605 4907 1053 4983 sufficiunt.

357 5027 466 5099 Et
524 5045 638 5096 ex
700 5021 887 5095 istis
955 5018 1327 5093 omnibus
1394 5021 1613 5109 patet
1670 5036 1832 5086 res-

274 5141 572 5233 ponsio
641 5141 736 5211 ad
782 5134 1347 5230 quaestionem,
1428 5137 1660 5202 Utrum
1710 5156 1833 5221 pu-

275 5261 595 5347 trefactio
657 5260 744 5324 sic
799 5255 1162 5344 possibilis,
1228 5256 1311 5324 at
1365 5250 1668 5323 dictum
1713 5251 1836 5321 est

279 5374 380 5448 im
436 5375 729 5469 prima
791 5374 1028 5464 parte
1089 5367 1566 5461 quaestionis
1629 5365 1838 5457 quod

277 5491 411 5566 sic.
475 5491 640 5568 Sed
724 5487 1303 5560 advertendum
1364 5487 1488 5556 est
1556 5482 1687 5556 hic
1763 5482 1841 5552 in

277 5606 422 5682 hoc
459 5609 785 5701 quarto
813 5601 1168 5677 articulo
1213 5598 1722 5694 quaestionis,
1760 5603 1842 5671 et

3326 433 3445 497 227

1899 585 2194 678 primo,
2243 590 2449 679 quod
2494 588 2573 661 in
2633 590 2785 664 hoc
2847 598 3143 684 quarto
3197 599 3439 670 sumi-

1898 706 2038 776 tur
2107 703 2259 779 hoc
2340 726 2636 779 nomen
2704 715 3131 798 putrefactis»,
3205 717 3435 790 valde

1899 815 2214 896 stricte,
2289 821 2603 909 quando
2673 821 2972 896 dicitur
3050 827 3255 917 quod
3326 827 3437 898 nil

1899 931 2031 1014 sit,
2085 934 2213 1004 vel
2255 935 2561 1027 aliquid
2616 944 2887 1030 potest
2930 962 3109 1013 esse
3168 947 3437 1036 putre-

1898 1048 2150 1121 factio
2217 1054 2552 1144 proprie
2598 1056 3018 1147 loquendO‚
3076 1061 3282 1150 quod
3334 1061 3439 1134 sit

1899 1186 2045 1258 per
2096 1188 2182 1238 se
2225 1190 2498 1252 unum,
2549 1174 2681 1243 sed
2743 1173 2820 1244 in
2866 1174 3133 1265 primo
3198 1178 3440 1249 sumi-

1899 1288 2038 1357 tur
2109 1286 2363 1377 Iarge,
2440 1310 2531 1361 ac
2597 1289 2663 1362 si
2716 1291 3170 1364 diceremus
3232 1296 3441 1386 quod

1899 1402 2314 1476 exercitus
2351 1405 2935 1499 subjectorum,
2982 1414 3063 1483 et
3106 1415 3439 1484 actuum

1899 1523 2024 1592 est
2093 1521 2543 1612 possibiliS,
2608 1528 2687 1597 et
2749 1524 2864 1597 sic
2945 1527 3441 1618 putrefactio

1900 1640 2023 1709 est
2082 1637 2521 1728 possibilia
2592 1640 2662 1712 id
2722 1647 2870 1723 est,
2918 1644 3317 1726 cumulus,
3365 1650 3445 1719 et

1903 1753 2390 1843 aggregatio
2456 1755 3040 1849 subjectorum,
3108 1763 3189 1832 et
3241 1760 3445 1834 acci-

1900 1867 2288 1953 dentium,
2336 1877 2459 1945 est
2516 1873 2952 1964 possibilis,
3008 1875 3132 1946 vel
3180 1882 3444 1950 muta-

1905 1981 2224 2058 tionum
2258 1988 2949 2071 substantialium,
2980 1995 3059 2063 et
3094 1991 3449 2063 acciden-

1906 2101 2200 2174 talium
2256 2105 2693 2176 secundum
2765 2107 3128 2179 ordinem
3183 2129 3448 2200 quem-

1906 2217 2114 2299 dam,
2170 2223 2250 2292 et
2295 2221 2617 2293 modum
2666 2223 2893 2315 prius
2951 2223 3280 2305 dictum,
3327 2229 3451 2297 est

1912 2335 2327 2426 possibilis
2372 2342 2718 2421 tantum,
2764 2362 2949 2412 cum
2986 2341 3139 2414 iste
3182 2344 3289 2416 sit
3322 2367 3452 2418 cu·

1915 2452 2209 2534 mulus,
2265 2454 2389 2525 vel
2446 2461 2595 2537 est,
2653 2457 2779 2528 vel
2826 2457 2891 2528 si
2945 2479 3111 2542 enS,
3178 2463 3454 2535 tamen

1915 2568 2155 2659 plura
2226 2575 2450 2652 sunt;
2504 2576 2583 2645 et
2646 2573 3185 2665 respondetur
3243 2578 3455 2668 quod

1916 2685 2301 2777 possibile
2360 2690 2482 2759 est
2526 2688 2829 2780 aliquid
2874 2691 3328 2782 putrefieri,
3386 2695 3459 2766 id

1915 2804 2065 2881 est,
2105 2801 2589 2893 subjectum,
2644 2804 2992 2878 addendo
3050 2807 3258 2881 tales
3296 2830 3459 2879 mu-

1917 2916 2272 2990 tationes
2325 2919 2936 3004 substantialeS,
2973 2927 3053 2996 et
3104 2924 3461 2997 acciden-

1919 3033 2126 3107 tales
2160 3036 2595 3107 secundum
2634 3037 3021 3122 ordinem,
3062 3043 3464 3133 putrefac-

1921 3150 2228 3224 tionem
2271 3156 2540 3244 potest
2576 3153 2969 3248 recipere.

2012 3268 2124 3339 Ad
2160 3268 2524 3341 rationes
2570 3269 3092 3363 principales.
3141 3275 3254 3346 Ad
3305 3276 3464 3367 pri-

1926 3405 2169 3466 mam,
2207 3388 2474 3473 qua-ndo
2504 3392 2845 3476 cor-ruptio
2874 3392 3269 3473 caliditatis,
3305 3398 3459 3466 eto.

1926 3500 2416 3573 Conceditur
2465 3505 2971 3588 antecedenS‚
3030 3506 3098 3579 si
3152 3527 3314 3580 non
3358 3510 3463 3581 sit

1927 3617 2253 3708 aliquod
2288 3618 2633 3692 mixtum
2680 3643 2861 3693 cum
2909 3622 3348 3709 caliditate,
3391 3626 3471 3699 in

1931 3733 2137 3824 quod
2172 3733 2387 3804 aliud
2426 3734 2773 3809 mixtum
2809 3742 3027 3828 agat,
3064 3745 3144 3813 et
3181 3741 3296 3813 sic
3359 3742 3469 3836 ip-

1931 3871 2110 3922 sum
2153 3850 2553 3943 disponat,
2604 3855 2729 3925 vel
2780 3855 3214 3940 distrahat,
3263 3860 3470 3950 quod

1929 3966 2281 4059 amplius
2340 3969 2571 4040 calor
2628 3991 2784 4043 non
2840 3975 3109 4063 potest
3156 3995 3473 4065 perma-

1929 4104 2124 4154 nere
2164 4083 2240 4155 in
2287 4085 2680 4177 subjecto.
2732 4087 2967 4159 Modo
3011 4088 3127 4161 sic
3164 4091 3476 4165 contin-

1935 4199 2056 4288 git
2128 4199 2209 4271 in
2280 4202 2669 4294 subJeeto,
2752 4203 2945 4295 quia
3016 4206 3475 4298 subjectum

1939 4314 2508 4408 indisponitur,
2548 4316 2734 4407 quia
2770 4318 3076 4398 rarefit,
3114 4325 3193 4393 et
3228 4319 3480 4393 humi-

1935 4429 2148 4512 dum,
2188 4431 2268 4502 in
2304 4453 2459 4524 quo
2496 4435 2978 4506 conservari
3008 4437 3261 4520 debet,
3298 4458 3479 4509 con-

1939 4548 2297 4621 sumitur
2365 4549 2640 4621 calore
2710 4552 3136 4634 exteriori,
3214 4557 3294 4626 et
3367 4553 3480 4626 sic

1938 4663 2232 4737 desinit
2274 4664 2529 4747 calor,
2577 4666 2766 4756 quia
2806 4686 2968 4736 non
3019 4666 3257 4740 habet
3301 4670 3480 4740 sub-

1931 4781 2266 4872 jectum.
2317 4785 2415 4855 Et
2456 4781 2707 4855 etiam
2749 4783 2949 4855 bene
2997 4789 3269 4875 potest
3304 4808 3487 4858 con·

1942 4898 2270 4970 cordari
2303 4900 2510 4989 quod
2543 4898 2916 4973 caliditas
2989 4900 3486 4985 extrinseca,

1946 5014 2283 5094 scilicet,
2327 5019 2408 5086 et
2462 5015 2912 5088 intrinseca
2984 5022 3172 5090 sunt
3214 5018 3473 5090 diver-

3494 3367 3583 3418 Aa
3596 3299 3811 3430 agium.

3513 3429 3559 3479 1.
3575 3427 3779 3493 princi·

3581 3492 3726 3556 pale.

1947 5152 2057 5202 sae
2125 5129 2449 5222 speciei,
2508 5130 2898 5223 capiendo
2955 5132 3494 5208 intrinsecum

1949 5268 2096 5340 pro
2132 5246 2587 5339 potentiali,
2643 5249 2770 5320 vel
2820 5249 3159 5324 virtuali
3221 5253 3497 5325 calidi-

1950 5366 2120 5436 tate
2170 5361 2635 5435 extrinsece
2689 5384 2837 5454 pro
2887 5365 3218 5448 actuali,
3278 5368 3494 5441 sicut

1952 5478 2328 5552 caliditas
2382 5499 2538 5570 qua
2600 5483 2871 5571 potest
2914 5480 3146 5573 piper
3206 5485 3498 5559 calefa-

1950 5617 2161 5680 cere,
2218 5596 2593 5690 specifice
2647 5596 2920 5671 differt
2976 5618 3024 5670 a
3076 5599 3495 5679 caliditate
