4252 6393
1920 392 2175 466 CAPUT
2222 401 2318 463 lv,

520 571 679 634 lem.
725 565 950 651 Tange
999 570 1089 633 ibi
1128 568 1504 632 instantiam
1545 583 1627 630 ex
1672 565 1731 629 4.
1777 568 1920 629 dist.
1974 566 2069 627 12.

523 685 740 756 quaest.
772 680 833 741 3.
880 677 964 742 de
1013 676 1211 741 modo
1254 676 1455 740 dandi
1495 693 1628 739 esse
1666 674 1966 737 effective
2010 678 2075 735 et

521 785 898 860 formaliter,
933 791 1000 848 et
1040 785 1142 848 dic
1182 788 1696 864 consequenter.
1745 783 1834 846 lbi
1877 784 2074 845 etiam

523 895 821 970 adverte,
856 892 1036 974 quod
1063 894 1218 957 licet
1247 891 1746 971 omnipotentia,
1778 896 1852 953 ut
1882 891 2072 968 poni-

527 1007 629 1063 tur
669 1019 704 1064 a
748 1001 1125 1081 Theologis‚
1159 984 1307 1063 'non
1358 1000 1565 1079 possit
1606 998 2071 1072 demonstrari,

521 1123 643 1171 seu
692 1105 940 1170 efficaci
986 1107 1239 1171 ratione
1292 1107 1569 1168 naturali
1611 1103 1906 1177 ostendi,
1951 1121 2074 1183 po-

523 1218 720 1278 tentia
760 1219 980 1277 tamen
1007 1213 1255 1275 infinita
1287 1216 1404 1276 sic.
1441 1214 1667 1289 Quaere
1699 1213 1763 1271 in
1799 1208 2068 1287 Quodli-

516 1323 697 1398 beto,
730 1328 950 1400 quaest.
983 1326 1044 1385 7.
1081 1327 1147 1384 et
1174 1325 1240 1384 in
1262 1323 1498 1397 primo,
1523 1323 1667 1384 dist.
1695 1321 1796 1380 42.
1823 1317 2074 1380 ibidem

517 1428 710 1504 infra,
759 1446 912 1493 cum
956 1431 1112 1491 dicit
1160 1448 1174 1489 ε
1222 1446 1425 1506 usque
1468 1430 1557 1490 ad
1597 1433 1950 1491 tractatum
1996 1430 2075 1490 de

519 1539 796 1613 creticis,
848 1543 976 1600 etc.
1024 1537 1322 1611 adverte,
1376 1535 1556 1616 quod
1602 1540 1919 1598 tractatus
1965 1536 2073 1596 ille

518 1645 822 1722 liabetur,
881 1646 986 1708 vel
1034 1646 1345 1708 inseritur
1393 1646 1459 1706 in
1496 1643 2071 1712 Theoremalibus‚

520 1758 594 1814 ut
635 1751 800 1815 infra
846 1758 1138 1833 tangam,
1176 1758 1243 1815 et
1280 1754 1367 1816 ibi
1399 1755 1790 1816 notavimus.
1826 1751 1959 1814 Sed
1990 1767 2072 1812 an

520 1856 766 1920 debeat
808 1873 958 1921 esse
1012 1876 1340 1934 seorsum,
1387 1876 1472 1922 an
1521 1876 1678 1937 non,
1739 1859 1827 1921 ibi
1878 1858 2077 1920 babet

517 1964 740 2025 videri.
773 1965 1041 2029 Ponitur
1065 1966 1154 2027 ibi
1185 1965 1434 2028 additio
1469 1964 1801 2045 quaedam,
1828 1963 1912 2026 de
1945 1982 2072 2044 qua

520 2087 720 2150 supra
747 2075 1157 2137 mentionem
1187 2072 1336 2136 feci.
1373 2074 1589 2150 Quare
1623 2076 1819 2136 etiam
1863 2090 2073 2136 causae

518 2179 834 2242 secundae
871 2187 1274 2244 concurrunt
1304 2202 1456 2246 cum
1484 2187 1716 2262 prima,
1750 2184 1957 2262 tangit
1985 2183 2074 2245 ibi

515 2287 791 2367 physice
815 2290 1268 2369 imaginandO,
1301 2291 1424 2354 sed
1452 2292 1642 2355 aliter
1665 2289 1844 2354 dicas
1865 2291 2074 2352 Theo-

518 2396 758 2476 logice,
814 2401 890 2460 ut
944 2398 1139 2460 nosti.
1204 2400 1393 2462 Plura
1431 2401 1521 2463 ibi
1560 2416 1679 2477 pro
1727 2404 1793 2463 et
1845 2405 2072 2463 contra

522 2501 719 2576 adde,
752 2503 927 2565 bene
959 2505 1393 2569 masticando.

603 2606 833 2670 Ultimo
866 2626 984 2684 pro
1026 2611 1147 2672 hac
1190 2613 1614 2676 conclusione
1655 2612 1929 2675 adducit
1966 2627 2069 2672 ra-

161 2702 469 2829 Βξξξῇαῆξζζια
523 2714 738 2777 tiones
791 2716 1091 2791 aliorum,
1126 2735 1404 2796 quarum
1435 2722 1645 2798 prima
1689 2724 1792 2782 est
1820 2720 2077 2782 Henrici

195 2836 473 2877 extremo·
529 2822 900 2893 Quodlibeco
930 2825 988 2886 4.
1025 2831 1243 2903 quaest.
1269 2827 1525 2900 ultima,
1562 2832 1629 2888 et
1657 2826 1955 2890 Richardi
1990 2827 2074 2889 de

162 2903 324 3002 3335
353 2906 507 3005 ZZZ-
530 2926 744 2988 media
775 2928 932 2989 Villa
963 2931 1023 2993 in
1054 2932 1113 2992 2.
1148 2933 1292 2994 dist.
1333 2934 1383 2995 1.
1428 2934 1711 2997 articulo
1749 2934 1808 2995 4.
1853 2942 2069 3011 quaesc.

197 3016 479 3078 liyenaa?
527 3034 586 3095 4.
641 3036 878 3111 Quaere
925 3038 1242 3101 'rhomam
1291 3047 1355 3102 et
1401 3040 1598 3113 alios,
1655 3047 1723 3103 et
1773 3041 2073 3119 procedit

521 3157 603 3205 ex
648 3141 883 3207 virtute
925 3148 1206 3211 creativa
1247 3148 1433 3226 primi
1475 3152 1669 3226 entiS,
1712 3167 1912 3230 quam
1943 3154 2063 3217 im-

516 3256 792 3331 pugnat,
861 3261 925 3317 et
984 3261 1300 3336 quantum
1359 3256 1443 3319 ad
1507 3259 1941 3337 antecedenS,
2002 3268 2067 3324 et

517 3363 1088 3439 consequentiam,
1121 3371 1185 3427 et
1225 3363 1519 3427 declarat
1557 3369 1854 3448 egregie,
1899 3386 2065 3448 qua-

510 3462 661 3525 liter
730 3466 1007 3548 intelligi
1053 3468 1254 3533 debet
1299 3470 1600 3534 distantia
1673 3473 1922 3536 infinita
1957 3491 2065 3537 ex·

521 3576 882 3636 tremorum
913 3578 1282 3641 creationis
1320 3580 1476 3643 Vide
1506 3581 1687 3645 idem
1718 3584 1966 3662 optime
1999 3587 2064 3645 in

506 3679 566 3739 4.
596 3687 813 3755 quaesc.
853 3684 906 3744 l.
943 3685 1179 3759 Quaere
1203 3688 1267 3747 in
1296 3688 1355 3748 2.
1392 3690 1537 3751 dist.
1580 3690 1631 3751 l.
1666 3696 1887 3766 quaest.
1912 3692 1972 3752 2.
2008 3698 2064 3754 et

506 3788 650 3848 disc.
696 3789 796 3851 39.
832 3793 1039 3866 prim.
1081 3794 1163 3855 ad
1212 3796 1622 3874 propositum
1664 3797 1768 3860 hic
1815 3799 2055 3877 aliqua.

587 3893 738 3955 Vult
765 3898 1056 3959 resolute
1086 3900 1353 3974 Doctor,
1387 3900 1567 3979 quod
1600 3900 2058 3964 distantiarum

507 3997 630 4062 alia
664 4006 765 4063 est
806 4004 1144 4081 privativa,
1186 4008 1310 4069 alia
1353 4009 1649 4087 positiva.
1693 4009 1899 4074 Prima
1938 4028 2056 4089 po-

509 4112 635 4168 test
671 4110 827 4185 poni
871 4109 1076 4187 finita,
1123 4118 1187 4176 et
1225 4114 1351 4175 hoc
1392 4116 1498 4178 vel
1541 4118 1753 4199 maj0r
1788 4119 1895 4180 vel
1936 4118 2054 4179 mi-

503 4229 648 4286 nor,
692 4221 760 4278 et
798 4223 1078 4299 utraque
1127 4222 1401 4298 positive
1450 4224 1557 4285 vel
1607 4226 1992 4301 permissive
2041 4244 2056 4299 ;

502 4324 717 4396 potest
766 4326 959 4385 etiam
1013 4327 1168 4404 poni
1207 4327 1478 4403 infinita,
1522 4333 1586 4391 et
1625 4331 1753 4393 hoc
1789 4334 1897 4395 vel
1939 4350 2053 4396 ex·

504 4431 753 4491 cessive
803 4432 910 4493 vel
969 4432 1514 4510 indeterminate,
1571 4443 1634 4501 et
1694 4445 2053 4521 utrumque

500 4536 777 4611 positive
832 4539 938 4601 vel
993 4544 1401 4618 permissive.
1455 4545 1763 4609 Secunda
1808 4552 2049 4625 princi·

501 4642 688 4717 palis,
735 4650 848 4707 aut
885 4652 987 4709 est
1030 4652 1487 4727 quantitativa,
1533 4657 1601 4715 et
1637 4656 1760 4718 hoc
1799 4658 1904 4721 vel
1935 4676 2057 4737 per

499 4748 799 4812 medium
835 4756 1047 4833 majus
1079 4757 1187 4819 vel
1215 4759 1472 4834 minus;
1524 4767 1638 4824 aut
1677 4768 1776 4827 est
1815 4765 2050 4828 entita-

503 4855 651 4932 tiva‚
686 4862 751 4920 et
778 4860 904 4921 hoc
935 4863 1035 4925 vel
1068 4865 1212 4926 sine
1235 4867 1454 4930 medio
1485 4870 1590 4931 vel
1623 4887 1770 4932 cum
1804 4873 2049 4949 medio;

503 4967 568 5022 et
594 4969 882 5045 utroque
915 4969 1139 5045 mode,
1173 4974 1278 5035 vel
1303 4980 1403 5036 est
1431 4974 1609 5039 finita
1639 4979 1743 5040 vel
1774 4978 2050 5053 infinita:

505 5073 572 5131 et
609 5071 734 5135 hoc
782 5076 886 5136 vel
937 5079 1214 5154 positive
1257 5082 1363 5143 vel
1415 5084 1751 5161 privative.
1817 5089 2054 5164 Quaere

507 5174 1020 5244 declarationem
1045 5188 1489 5251 membrorum
1519 5194 1584 5253 in
1615 5194 1675 5253 4.
1706 5195 1821 5256 ubi
1836 5199 2053 5273 prz'uS,

507 5289 573 5346 et
604 5287 777 5361 alibi,
809 5295 884 5351 ut
915 5296 1109 5356 nosti.
1145 5297 1239 5356 De
1281 5299 1620 5378 multiplici
1667 5306 2056 5383 acceptione

502 5395 756 5471 infiniti,
792 5415 1020 5477 quaere
1047 5404 1105 5464 3.
1140 5403 1587 5485 Physicorum‚
1622 5413 1688 5470 et
1719 5410 1803 5474 de
1837 5413 2055 5477 condi-

508 5502 793 5567 tionibus
844 5510 1191 5573 creationis
1250 5519 1317 5575 et
1380 5520 1822 5582 extremorum
1887 5525 2056 5604 ejuS,

296 2640 377 2688 57.

3606 395 3730 464 797

2189 571 2256 626 et
2295 564 2398 627 cui
2438 568 2747 630 convenit
2788 583 3033 642 creare,
3074 564 3225 630 vide
3256 567 3323 629 in
3348 567 3411 629 2.
3448 573 3503 629 ει
3532 565 3591 627 4.
3626 565 3743 627 uba·

2186 690 2405 752 supra,
2458 677 2516 735 et
2555 676 2621 736 ιή
2661 676 2721 738 3.
2765 676 2907 738 dist.
2949 677 3042 737 ll.
3084 680 3141 736 et
3184 673 3478 746 Quodlib.
3513 679 3733 751 quaesc.

2194 781 2286 841 12.
2341 786 2398 842 et
2443 780 2627 843 alibi.

2267 887 2570 951 Secunda
2609 889 2772 951 ratio
2814 889 3084 951 aliorum
3127 888 3211 951 ad
3253 889 3417 950 hanc
3460 889 3730 951 conclu·
3882 884 3963 935 58-

2187 997 2463 1071 sionem,
2498 997 2798 1076 procedit
2831 1016 2911 1061 ex
2945 996 3497 1061 immaterialitate
3550 994 3741 1074 primi

2188 1104 2508 1182 principii.
2545 1105 2771 1180 Quaere
2805 1106 2858 1165 l.
2885 1109 3064 1181 part.
3093 1110 3163 1166 S.
3206 1103 3475 1175 Theman
3524 1107 3741 1178 quaesc.

2186 1214 2249 1272 7.
2285 1217 2410 1272 are.
2459 1212 2513 1274 1.
2557 1218 2613 1272 et
2650 1212 2709 1272 2.
2752 1226 2947 1289 quam
2992 1211 3343 1290 impugnat
3391 1208 3476 1270 ad
3525 1208 3733 1270 homi-

2188 1334 2367 1392 nem,
2407 1317 2733 1380 instando.
2789 1317 2949 1380 Vide
3000 1318 3175 1379 bene
3223 1317 3290 1378 in
3339 1318 3738 1395 ReportatiS,

2179 1428 2381 1502 prim.
2430 1427 2574 1487 dist.
2616 1426 2677 1487 2.
2718 1425 2829 1486 llic
2860 1427 3042 1502 ponit
3079 1424 3260 1485 enim
3293 1424 3576 1486 Thomas
3608 1425 3738 1483 An-

2186 1536 2412 1614 gelum
2444 1551 2593 1597 esse
2627 1534 3144 1609 immaterialem,
3180 1530 3361 1612 quod
3396 1548 3478 1593 an
3509 1546 3740 1594 verum

2188 1647 2290 1718 sit,
2322 1659 2549 1722 quaere
2582 1643 2639 1702 3.
2674 1643 2819 1704 disc.
2853 1644 2913 1703 2.
2959 1643 3028 1703 in
3067 1640 3379 1719 antiquis,
3424 1643 3491 1703 et
3528 1641 3745 1701 maxi-

2188 1768 2293 1813 me
2325 1755 2386 1814 in
2420 1754 2660 1813 BonaV.
2697 1758 2752 1813 et
2784 1753 2847 1811 in
2879 1756 3097 1827 quaest.
3131 1750 3349 1826 hujus,
3379 1765 3575 1827 super
3623 1749 3735 1811 lib.

2188 1861 2265 1921 de
2294 1862 2522 1921 Anima
2553 1857 3091 1937 singularissime,
3141 1863 3207 1919 et
3252 1856 3542 1919 excludit
3579 1874 3737 1920 eva-

2190 1966 2445 2026 sionem
2485 1981 2739 2041 eorum,
2783 1964 2899 2025 ubi
2950 1982 3177 2042 supra,
3226 1964 3309 2027 de
3350 1983 3480 2027 esse
3525 1967 3592 2025 et
3625 1980 3730 2026 es-

2185 2074 2417 2144 sentia,
2468 2072 2552 2135 ad
2598 2088 2739 2152 quae
2781 2073 3080 2135 ultimate
3112 2070 3442 2154 refugium
3486 2072 3737 2134 babent

2185 2181 2539 2242 Tliomlstae
2580 2181 2973 2258 plerumque
3008 2199 3022 2252 ;
3059 2182 3283 2243 nescio
3324 2179 3378 2240 si
3424 2181 3738 2241 terminos

2186 2288 2304 2350 soli
2364 2292 2544 2349 recte
2604 2287 2893 2366 sapiunt,
2951 2293 3066 2349 aut
3123 2291 3300 2349 certe
3371 2285 3735 2360 insaniunt,

2189 2394 2348 2458 dum
2380 2400 2763 2457 concretum
2794 2394 3121 2456 abstracto
3152 2391 3481 2468 accidere,
3507 2397 3574 2456 et
3594 2407 3734 2454 rea·

2189 2501 2336 2564 liter
2378 2502 2457 2564 ab
2497 2504 2637 2582 ipso
2680 2500 2992 2582 distingui
3032 2506 3364 2577 asserunt,
3414 2499 3520 2564 vel
3556 2498 3731 2562 forte

2190 2609 2349 2672 dum
2376 2610 2481 2672 alii
2510 2614 2864 2690 gustarunt
2890 2614 3123 2673 nectar
3161 2616 3226 2671 et
3264 2623 3531 2683 manna,
3580 2606 3731 2668 dor·

2188 2723 2522 2783 mitarunt.
2556 2719 2764 2781 Docet
2801 2722 2997 2798 igitur
3034 2722 3276 2782 Doctor
3317 2717 3593 2798 egregie
3636 2715 3740 2778 cui

2188 2830 2398 2905 primo
2422 2827 2730 2888 convenit
2756 2825 2992 2899 finitas,
3027 2826 3134 2887 vel
3161 2823 3471 2887 infinitaS.
3499 2825 3739 2900 Quaere

2186 2933 2245 2994 8.
2284 2935 2430 2995 dist.
2458 2935 2662 3009 prim.
2705 2939 2920 3010 quaest.
2955 2933 3016 2993 3.
3042 2938 3098 2992 et
3127 2932 3186 2993 5.
3222 2936 3442 3007 quaest.
3478 2929 3736 3002 Quodli-

2186 3041 2330 3101 becz‘.
2371 3040 2811 3119 Consequitur
2850 3055 3138 3117 namque
3184 3039 3594 3100 extrinsecus
3646 3039 3738 3099 in·

2189 3148 2470 3211 trinsece
2496 3146 2934 3228 quidditatem
2946 3147 3127 3226 prius
3146 3159 3569 3227 quocumque
3582 3144 3736 3217 ali0,

2156 3272 2315 3319 non
2344 3256 2706 3319 formaliter
2734 3256 3009 3320 incluso.
3046 3257 3137 3317 lbi
3177 3254 3468 3318 ostendit
3512 3251 3732 3316 defec-

2182 3372 2320 3428 tum
2349 3365 2722 3448 argumenti
2750 3383 3003 3441 eorum,
3054 3364 3227 3427 sicut
3264 3363 3332 3424 in
3383 3362 3575 3424 simili
3615 3361 3733 3422 ha·

2179 3477 2376 3538 betur
2421 3477 2479 3537 3.
2534 3476 2969 3550 physicorum,
3022 3478 3179 3534 text.
3234 3474 3567 3532 comment.
3625 3469 3728 3532 31.

2176 3582 2294 3645 ubi
2319 3581 2610 3660 disputat
2640 3579 3095 3658 PhilosophuS,
3127 3594 3209 3639 an
3233 3578 3318 3639 sit
3340 3576 3497 3639 dare
3522 3574 3729 3639 infini-
3768 3590 3931 3641 omne
3956 3593 4081 3656 fini.

2182 3692 2353 3763 tum,
2387 3693 2454 3752 et
2492 3690 2708 3767 arguit
2745 3686 2927 3766 quod
2966 3687 3083 3759 sic,
3128 3687 3423 3766 quinque
3465 3682 3726 3746 rationi·
3758 3659 4060 3767 ζξῗᾪᾞξ

2175 3799 2322 3870 bus,
2385 3800 2450 3861 in
2502 3811 2782 3876 quarum
2822 3799 3051 3874 quarta
3092 3801 3192 3855 est
3233 3793 3589 3871 sophisma,
3635 3790 3719 3854 de
3751 3777 4077 3890 'ffbggffm

2176 3920 2307 3983 quo
2351 3905 2645 3983 loquitur
2679 3906 2921 3966 Doctor
2962 3920 2976 3963 :
3021 3904 3088 3962 et
3122 3897 3289 3962 infra
3331 3903 3488 3960 text.
3540 3912 3714 3960 com·
3759 3903 3833 3952 ad
3866 3860 4054 3956 αιῑιῖαῗ

2173 4020 2360 4075 ment.
2395 4012 2493 4072 74.
2537 4012 2728 4075 solvit
2762 4015 3003 4089 ipsum,
3046 4014 3113 4071 et
3153 4023 3466 4087 expresse
3514 4005 3718 4069 habet

2174 4118 2240 4182 id
2272 4119 2452 4199 quod
2490 4119 2595 4180 hic
2634 4116 2940 4192 intendit,
2994 4115 3175 4195 quod
3224 4115 3475 4178 scilicet
3517 4128 3714 4175 omne

2171 4226 2425 4289 finitum
2457 4229 2558 4288 est
2587 4227 2652 4286 in
2682 4241 2756 4287 se
2791 4225 2948 4300 tale,
2982 4226 3165 4303 prius
3194 4239 3395 4303 quam
3433 4220 3521 4285 ad
3559 4223 3720 4285 alte·

2171 4351 2319 4398 rum
2346 4340 2786 4412 comparetur.

2251 4445 2493 4509 Omitto
2524 4444 2948 4522 prolixiorem
2988 4440 3499 4521 disputationem
3540 4452 3718 4518 prae-

2169 4550 2489 4614 dictorum
2532 4552 2639 4615 hic
2685 4570 2699 4623 ;
2747 4550 2975 4615 solutis
3024 4550 3228 4625 enim,
3279 4553 3345 4612 et
3389 4547 3724 4619 refutatiS,

2171 4665 2237 4722 et
2280 4659 2688 4737 impugnatis
2744 4658 3001 4720 motivis
3061 4662 3128 4718 et
3194 4653 3718 4719 cavillationibus

2169 4771 2535 4830 nostratum
2591 4766 2933 4841 Minorum,
2988 4764 3098 4844 qui
3148 4764 3270 4828 soli
3326 4762 3517 4845 (pace
3568 4762 3720 4824 alio-

2169 4892 2314 4937 rum
2346 4871 2648 4952 dixerim)
2685 4870 2957 4950 limpide
2994 4869 3304 4934 viderunt
3349 4869 3719 4957 doctrinam

2168 4985 2389 5064 hujus,
2421 4983 2697 5045 aliorum
2727 4981 2858 5044 tela
2889 4980 3159 5043 minime
3184 4982 3338 5041 sunt
3365 4976 3719 5040 formidan-

2173 5090 2284 5165 da;
2341 5106 2546 5168 super
2605 5088 2980 5152 Sententias
3032 5087 3255 5167 igitur,
3318 5087 3455 5147 Deo
3516 5084 3717 5160 duce,

2171 5200 2391 5261 omnia
2420 5198 2712 5261 recitabo
2747 5200 2813 5259 et
2844 5211 2993 5275 quae
3023 5194 3110 5257 ad
3138 5211 3280 5256 rem
3307 5208 3441 5255 non
3470 5190 3733 5255 faciunt*

2172 5308 2573 5371 annihilabo,
3744 5284 3918 5365 '‹:·›n01.
3974 5315 4046 5367 ιο.

2248 5418 2519 5480 Decima
2594 5415 2928 5479 conclusio
3010 5418 3113 5477 est
3176 5412 3260 5476 de
3328 5408 3714 5474 omnimoda
3742 5376 4000 5491 Priffi'cm

2171 5526 2582 5605 simplicitate
2645 5523 2835 5602 primi
2906 5520 3210 5600 principii
3269 5538 3286 5595 ;
3348 5535 3504 5582 nam
3560 5519 3716 5583 licet
3752 5518 3847 5554 ens
3895 5505 4044 5554 omm·
