4252 6393
1839 390 2202 472 QuAEs'no
2251 390 2299 455 u

434 556 771 649 August.
810 561 925 627 lib.
970 559 1032 630 6.
1098 558 1180 625 de
1226 558 1412 625 Trin.
1473 579 1530 623 c.
1574 556 1696 622 ult.
1771 552 1983 646 quod

446 675 716 743 Verbum
795 687 889 743 est
937 697 1050 743 ars
1083 677 1288 763 plena
1336 676 1679 741 rationum
1749 677 1981 738 ve'ven-

435 794 619 872 tium,
680 804 743 860 et
809 793 1477 860 incommutabilium.
1544 787 1765 862 Siout
1838 809 1982 880 per

436 906 787 980 formam
926 906 1588 987 determinatam,
1724 903 1983 995 igitur

440 1043 684 1118 agens
717 1022 1095 1096 naturale
1131 1043 1373 1114 quam
1410 1022 1672 1104 habet,
1729 1040 1977 1093 unum

442 1139 971 1214 determinate
1015 1138 1412 1233 producit,
1450 1143 1536 1212 ut
1590 1137 1804 1229 ignis
1867 1137 1977 1228 ig-

444 1277 613 1329 nem
665 1283 680 1327 ε
744 1259 823 1329 et
886 1257 953 1330 si
1012 1258 1208 1329 duas
1266 1256 1581 1329 formas
1642 1257 1975 1345 agentes

448 1371 793 1455 haberet,
839 1375 992 1447 duo
1038 1374 1548 1467 produceret,
1604 1371 1975 1464 quamvis

450 1509 584 1582 per
610 1490 930 1563 diversa
996 1489 1419 1583 principia,
1494 1491 1580 1560 ut
1643 1489 1710 1561 si
1759 1490 1973 1561 esset

456 1606 778 1681 calidum
856 1610 934 1679 et
1005 1607 1415 1698 frigidum,
1489 1606 1974 1679 calefaceret

454 1726 525 1795 et
566 1722 1148 1813 refrigeraret:
1198 1721 1313 1795 sic
1371 1739 1621 1813 agens
1666 1742 1810 1814 per
1870 1720 1976 1792 in·

456 1839 875 1920 tellectum,
922 1836 1351 1911 secundum
1411 1837 1974 1911 diversitatem

457 1954 917 2037 formarum,
955 1974 1155 2048 quas
1186 1954 1423 2027 habet
1458 1955 1538 2027 in
1582 1977 1690 2037 se,
1725 1954 1976 2027 diver-

460 2092 537 2144 sa
566 2076 824 2166 potest
866 2073 1337 2166 producere.
1373 2073 1591 2145 Unde
1626 2073 1811 2165 quia
1846 2072 1975 2143 ha-

460 2188 587 2261 beo
619 2190 832 2262 ideas
883 2189 1177 2262 harum
1220 2188 1721 2272 litterarum,
1774 2194 1853 2260 A.
1890 2193 1970 2262 B.

463 2310 527 2377 C.
566 2310 638 2380 et
679 2309 794 2381 sie
830 2308 922 2381 de
956 2307 1167 2389 aliis,
1205 2306 1381 2380 ideo
1428 2327 1705 2379 omnes
1759 2306 1975 2378 litte-

461 2442 582 2496 ras
659 2445 987 2518 possum
1074 2425 1368 2497 facere.
1448 2429 1646 2499 Cum
1719 2423 1975 2513 igitur

462 2542 672 2625 Deus,
741 2544 829 2615 ut
906 2542 1096 2625 dixi,
1186 2563 1467 2615 omnes
1572 2541 1972 2615 factibiles

464 2655 648 2731 ideas
685 2658 889 2751 apud
922 2681 1006 2732 se
1039 2658 1352 2740 habeat,
1394 2658 1662 2731 omnia
1698 2657 1976 2731 imme-

466 2767 647 2844 diate
678 2776 944 2866 potest
990 2774 1461 2867 producere.

200 2904 402 3017 &2231-
541 2887 877 2961 Secunda
914 2889 1050 2960 via
1116 2891 1240 2962 est
1309 2909 1408 2960 ex
1468 2894 1702 2981 parte
1764 2888 1972 2961 modi

156 3026 237 3075 2.
276 2986 941 3108 sspssfssprodueendi.
1007 3007 1136 3081 Sic
1197 3027 1494 3099 argum
1554 3007 1636 3080 in
1699 3007 1975 3080 ordine

231 3094 411 3143 '‘¹²¹⁰‘'
684 3122 696 3135 '
944 3124 1332 3207 videmuS,
1404 3126 1610 3217 quod
1669 3127 1972 3217 quanto

472 3238 774 3330 majoris
806 3245 995 3315 sunt
1054 3243 1584 3324 actualitatis,
1618 3247 1853 3316 tanto
1891 3243 1970 3315 in

472 3370 589 3425 sua
639 3357 954 3431 actione
1014 3358 1314 3431 minori
1402 3359 1756 3450 indigent
1826 3359 1971 3432 ful-

466 3466 802 3548 cimento.
831 3466 1052 3548 Unde
1084 3476 1439 3568 Angelus
1473 3477 1771 3570 absque
1798 3498 1968 3550 eor·

457 3607 633 3682 pore
671 3597 947 3686 posset
1000 3593 1269 3667 faeere
1346 3593 1698 3678 domum,
1774 3594 1969 3667 alio-

452 3706 620 3797 quin
682 3729 841 3782 non
910 3712 1185 3803 posset
1226 3710 1588 3784 formare
1638 3732 1963 3804 corpus,

452 3821 568 3894 sed
594 3822 738 3898 hoc
768 3844 932 3899 non
964 3829 1232 3919 potest
1265 3827 1532 3900 homo.
1572 3826 1970 3902 Similiter

452 3943 811 4029 potentiae
847 3944 1257 4017 sensitivae
1315 3945 1671 4037 indigent
1729 3964 1969 4036 orga-

449 4056 560 4128 nis
637 4059 1225 4142 determinatis,
1290 4081 1450 4132 non
1503 4066 1776 4134 autem
1843 4064 1969 4134 In-

444 4174 926 4266 telligentiee,
992 4198 1165 4270 quae
1200 4183 1387 4252 sunt
1441 4179 1963 4254 actualioreS.

446 4292 828 4366 Similiter
917 4315 1056 4367 ars
1143 4298 1525 4389 supponit
1639 4297 1963 4388 aliquid,

444 4410 634 4500 quod
707 4429 871 4483 non
958 4412 1340 4504 supponit
1395 4416 1719 4485 natura.
1790 4414 1884 4482 Et
1927 4433 1967 4482 e

440 4525 873 4608 contrario,
924 4529 1224 4618 quanto
1257 4527 1521 4601 deficit
1556 4528 1654 4600 ab
1693 4532 1967 4601 actua-

437 4637 681 4724 litate,
724 4643 957 4714 tanto
1018 4642 1320 4734 indiget
1383 4644 1679 4735 majori
1746 4644 1972 4718 fulci-

432 4760 726 4832 mento,
773 4758 1043 4849 Igitur
1109 4779 1291 4833 cum
1335 4760 1679 4833 secunda
1729 4762 1970 4834 Intel-

425 4872 770 4965 ligentia
830 4874 1087 4958 cadat,
1150 4878 1583 4948 seeundum
1637 4877 1969 4950 Avicen-

422 5007 611 5062 nam
650 4992 717 5063 6.
773 4992 1268 5080 Meeaplzysicoe,
1318 5016 1462 5081 cap.
1522 4995 1588 5065 4.
1667 4994 1765 5065 ab
1840 5013 1968 5065 ae-

418 5105 803 5180 tualitate
845 5105 1156 5197 primae,
1242 5107 1538 5199 indiget
1607 5129 1970 5183 neeessa-

390 5218 548 5292 rio
616 5218 918 5311 aliquo,
975 5220 1053 5292 in
1098 5242 1254 5313 quo
1300 5226 1737 5314 operetur;
1810 5246 1970 5297 non

123 5354 387 5460 111115οοὶ
418 5355 621 5428 ergo
663 5337 758 5409 de
791 5336 1044 5410 nihilo
1088 5337 1388 5430 aliquid
1435 5340 1654 5413 facit.
1706 5343 1972 5433 Igitur

123 5417 392 5552 &1925
419 5452 489 5526 si
545 5452 922 5547 producit
982 5453 1228 5526 aliam
1305 5456 1966 5549 Intelligentiam‚

121 5555 362 5679 ‘'“p'ssia‘ffi'
422 5573 563 5644 aut
595 5569 690 5643 de
749 5568 1013 5645 divina
1059 5571 1438 5657 essentia,
1531 5576 1737 5672 quod
1796 5597 1973 5654 esse

3511 396 3636 463 283

2099 573 2259 625 non
2303 556 2596 647 potest,
2653 551 2840 646 quia
2875 554 2988 628 sic
3027 554 3516 649 simpliciter
3557 579 3642 631 se

2094 673 2357 742 totam
2416 671 3084 757 communica-ret,
3134 678 3218 747 ut
3267 675 3640 768 ponimus

2095 787 2177 860 in
2249 787 2667 881 personis;
2758 792 2836 861 et
2923 794 3115 864 tunc
3201 790 3342 864 illa
3423 801 3639 873 esset

2091 908 2332 989 DeuS,
2380 906 2587 979 sicut
2649 906 2904 982 Filius
2946 910 3141 984 Dei:
3180 916 3319 986 aut
3369 914 3461 986 de
3523 938 3633 1000 se,

2088 1026 2167 1094 et
2199 1026 2416 1106 tunc,
2461 1025 2588 1097 vel
2627 1025 2718 1098 de
2775 1028 2954 1101 tota
2995 1028 3493 1114 substantia;
3556 1034 3637 1106 et

2089 1144 2280 1214 tunc
2347 1162 2529 1214 eum
2592 1142 2696 1215 sit
2758 1142 3299 1229 indivisibilis,
3363 1149 3633 1220 essent

2087 1276 2248 1328 una
2286 1256 2482 1330 duae.

2183 1375 2412 1455 Item,
2525 1375 2805 1447 modus
2897 1377 3180 1469 agendi
3259 1378 3634 1471 sequitur

2090 1489 2411 1562 modum
2490 1490 2776 1564 formae
2848 1490 3162 1573 activae,
3238 1497 3632 1585 quantum

2087 1604 2184 1676 ad
2308 1606 2893 1698 perfectionem
2946 1633 2960 1678 z
3058 1629 3268 1683 nune
3361 1613 3636 1687 autem

2088 1740 2334 1810 agere
2368 1723 2838 1797 necessario
2896 1745 3042 1817 per
3084 1725 3455 1809 medium,
3510 1731 3635 1801 est

2087 1837 2505 1930 enjusdam
2541 1839 3210 1933 imperfectionis,
3262 1843 3470 1914 sicut
3509 1862 3638 1936 pa-

2087 1956 2202 2026 tet
2235 1955 2405 2026 tam
2454 1956 2547 2027 de
2582 1955 2839 2028 medio
2880 1956 3258 2030 totaliter
3293 1978 3637 2051 operan-

2084 2070 2190 2151 te,
2272 2090 2510 2162 quam
2587 2072 2676 2143 de
2749 2073 3007 2145 medio
3076 2074 3629 2168 coadjuvante,

2087 2203 2328 2276 quam
2369 2186 2618 2259 etia-m
2658 2188 2748 2259 de
2790 2188 3047 2264 medio
3109 2194 3629 2284 cooperante.

2088 2301 2475 2385 Quamvis
2533 2305 2750 2376 Deus
2818 2309 3008 2396 agat
3083 2327 3227 2399 per
3287 2308 3633 2382 medium

2086 2439 2543 2512 cooperans
2620 2440 2871 2513 opera
2958 2426 3305 2507 naturae,
3372 2424 3441 2496 si
3482 2424 3635 2500 hoc

2087 2534 2394 2610 faceret
2457 2536 2951 2621 necessarie,
3025 2538 3141 2612 ita
3210 2541 3416 2633 quod
3474 2562 3637 2615 non

2089 2657 2366 2746 posset
2429 2674 2574 2746 per
2607 2676 2691 2726 se
2735 2653 3006 2728 facere
3070 2678 3400 2749 pomum
3464 2658 3637 2734 sine

2088 2768 2410 2852 arbore,
2450 2769 2980 2863 imperfectus
3017 2774 3346 2847 omnino
3390 2779 3664 2850 esset,

2087 2888 2286 2960 Cum
2350 2886 2608 2977 igitur
2683 2887 2950 2962 virtus
3023 2890 3294 2963 divina
3371 2891 3478 2965 sit
3554 2894 3636 2967 in

2085 3002 2685 3095 complemento
2773 3006 3035 3078 omnis
3107 3008 3634 3100 perfectionis

2087 3118 2293 3191 sicut
2331 3120 2789 3193 substantia
2820 3121 3021 3215 ejus,
3072 3126 3352 3199 modus
3384 3126 3632 3200 etiam

2084 3233 2243 3306 erit
2305 3236 2795 3330 completum
2861 3257 3061 3330 crgo
3122 3259 3284 3312 non
3326 3239 3630 3335 indige-

2083 3351 2197 3425 bit
2262 3352 2544 3425 medie.

2177 3470 2407 3551 Item,
2451 3474 2728 3562 posset
2762 3470 3044 3545 adduci
3080 3474 3296 3547 ratio
3321 3495 3419 3546 ex
3443 3495 3624 3568 par-

2082 3589 2160 3658 te
2198 3585 2408 3657 finis:
2455 3586 3107 3680 experimentum
3150 3589 3365 3664 enim
3399 3598 3626 3667 natu-

2081 3701 2254 3772 rale
2289 3722 2332 3773 a
2370 3703 2596 3775 nullo
2637 3705 2921 3794 negari
2966 3709 3261 3798 potest,
3299 3730 3484 3782 cum
3520 3711 3627 3785 sit

2082 3818 2577 3912 principium
2600 3820 3626 3906 omnisscientiae,etcerti-

2081 3935 2407 4009 tudinis.
2455 3936 2902 4028 Experitur
2941 3943 3215 4013 autem
3251 3942 3626 4042 quaelibet

2083 4051 2520 4124 rationalis
2563 4052 2857 4135 anima,
2916 4056 3125 4145 quod
3166 4058 3341 4149 ejus
3393 4059 3625 4154 appe-

2084 4168 2286 4241 titus
2364 4169 2618 4242 tendit
2689 4170 2768 4240 in
2830 4169 3129 4244 bonum
3190 4173 3620 4261 infinitum,

2082 4302 2226 4355 nec
2296 4284 2458 4357 alio
2530 4289 2806 4378 posset
2873 4287 3247 4361 totaliter
3307 4291 3622 4367 satiari.

2082 4399 2301 4471 Unde
2333 4401 2836 4490 Augustinus
2870 4406 2984 4473 lib.
3024 4408 3086 4477 1.
3129 4411 3427 4494 Confessi.
3473 4415 3621 4501 cap.

2082 4522 2146 4590 1.
2207 4522 2380 4596 Quia
2428 4521 2652 4604 fecisti
2697 4544 2817 4589 nos
2856 4525 2947 4591 acl
2986 4537 3067 4604 te,
3119 4529 3486 4616 inquietum
3535 4544 3628 4599 est

2081 4659 2195 4703 cor
2225 4648 2544 4715 nostrum,
2574 4639 2779 4705 donec
2807 4645 3171 4728 requieseat
3202 4646 3274 4712 in
3306 4657 3386 4713 le.
3425 4647 3626 4720 Cum

2083 4750 2342 4842 igitur
2382 4751 2589 4833 finis,
2627 4757 2707 4826 et
2747 4754 3105 4829 efficiens
3150 4760 3312 4834 sint
3351 4770 3624 4835 corre-

2080 4867 2360 4948 lativa‚
2411 4869 2599 4960 quia
2633 4892 2869 4944 omne
2904 4893 3151 4964 agens
3185 4878 3354 4970 agit
3390 4900 3612 4973 prop·

2081 4987 2210 5056 ter
2250 4984 2603 5076 aliquem
2655 4989 2928 5070 tinem;
2976 4990 3043 5062 si
3090 4993 3353 5064 omnis
3406 5017 3625 5069 crea-

2081 5103 2270 5174 tura
2336 5101 2771 5176 rationalis
2815 5106 3069 5180 tendit
3115 5108 3192 5180 in
3235 5110 3619 5202 primum,

2082 5221 2171 5290 ut
2214 5217 2293 5288 in
2334 5219 2576 5290 finem
2624 5221 3205 5306 immediatum,
3254 5227 3627 5318 sequitur

2083 5335 2288 5425 quod
2350 5336 2457 5409 sit
2511 5339 2609 5409 ab
2669 5338 2869 5431 ipso,
2934 5345 3019 5418 ut
3085 5343 3183 5416 ab
3229 5343 3626 5422 efficiente

2094 5447 2595 5527 immediato,

3771 1406 3858 1461 17.

3774 3478 3856 3534 18.
