4252 6393
75 1700 221 1827 .12·9.¹'
237 1764 350 1825 pri.

1756 380 2114 455 QUAESTIO
2161 384 2236 444 xl

480 540 592 611 Ad
628 540 992 620 tertiam,
1055 540 1148 610 de
1219 540 1576 632 potagio,
1638 539 1939 612 dicitur

394 658 594 749 quod
667 657 745 728 in
788 656 1090 729 talius
1150 655 1474 747 liquidis
1515 656 1936 730 calefactis

395 773 915 847 includuntur
946 774 1309 864 quaedam
1342 772 1930 854 exhalationes,

390 896 468 964 et
550 888 755 961 fumi
852 889 1116 973 calidi,
1201 890 1335 982 qui
1389 911 1534 983 per
1620 895 1933 965 motum

389 1011 705 1080 exeunt.

826 1316 1291 1399 QUAESTIO
1336 1318 1475 1388 XI.

388 1523 610 1580 Utrum
652 1535 841 1578 omne
868 1518 1082 1579 lumen
1114 1520 1192 1578 sie
1217 1522 1623 1580 causativum
1652 1518 1935 1582 caloris?

471 1706 878 1795 Arguitur
944 1708 1153 1798 quod
1221 1727 1414 1788 non;
1480 1706 1669 1798 quia
1738 1706 1929 1779 illud

3514 390 3593 450 53

2056 542 2438 635 pinquior
2469 546 2700 618 nobis
2763 567 3004 639 quam
3048 547 3127 619 in
3168 552 3481 629 aestate,
3519 554 3598 622 ct

2051 663 2327 732 tamen
2369 666 2559 734 tunc
2605 662 2869 735 minus
2911 663 3311 737 ealefacit.
3360 667 3595 739 Modo

2050 780 2635 870 consequentia
2684 783 2931 872 patet,
2962 780 3152 871 quia
3186 781 3321 853 Sol
3355 780 3596 857 habet

2050 893 2231 986 plus
2273 895 2364 966 de
2425 896 2728 968 lumine
2773 896 2990 970 inter
3031 902 3332 970 caetera
3418 920 3593 971 cor-

2049 1030 2255 1103 pora
2287 1012 2716 1085 luminosa.

2137 1134 2472 1212 Quarto,
2558 1131 2932 1223 sequitur
3001 1133 3209 1223 quod
3318 1132 3589 1204 omnia
3638 1127 3920 1182 Quartum.

2047 1267 2407 1338 corpora
2437 1246 2726 1328 lucida,
2767 1248 2983 1321 sicut
3019 1268 3296 1320 omnes
3330 1249 3588 1321 stellae

2048 1363 2251 1445 coeli,
2289 1364 2857 1437 calefacerent.
2896 1369 3412 1456 Consequens
3449 1366 3588 1437 fal-

2050 1500 2254 1562 sum,
2303 1481 2491 1572 quia
2543 1482 2790 1561 Luna,
2837 1486 2916 1553 et
3004 1485 3433 1563 Saturnus,
3506 1487 3586 1554 et

2049 1597 2412 1687 quaedam
2456 1595 2711 1670 stellae
2761 1598 2941 1668 fixae
2973 1598 3065 1669 de
3105 1599 3428 1671 naturis
3460 1618 3584 1670 ea-

2049 1733 2231 1783 rum
2275 1717 2692 1804 ponuntur
2757 1733 2935 1784 esse
3000 1712 3579 1803 f1‘·igefactitiae.

139 1843 281 1875 mum·
380 1823 588 1915 quod
631 1823 902 1895 subito
938 1822 1420 1914 producitur
1458 1843 1618 1894 non
1660 1827 1930 1914 potest
2046 1828 2458 1901 Probatur
2503 1829 3129 1921 consequentia,
3227 1851 3327 1901 ex
3423 1852 3580 1921 quo

63 3583 324 3632 &mnium

87 5011 312 5064 Tertiam.

375 1959 557 2010 esse
587 1959 839 2010 causa
885 1938 1128 2019 illius,
1197 1937 1407 2030 quod
1467 1937 1929 2010 successive

375 2060 862 2146 generatum
910 2055 1044 2127 sed
1085 2055 1359 2127 lumen
1420 2055 1690 2128 subito
1743 2076 1925 2147 pro-

371 2173 728 2253 ducitur,
774 2177 855 2246 et
887 2172 1261 2246 caliditas
1305 2172 1766 2245 successive
1800 2193 1926 2262 ge·

371 2294 755 2369 neratur;
814 2290 1096 2381 igitur,
1133 2294 1285 2363 etc.
1325 2291 1598 2384 Major
1670 2295 1917 2383 patet,

368 2406 566 2497 quia
614 2405 809 2477 illud
878 2406 1085 2497 quod
1129 2405 1398 2479 subito
1443 2405 1925 2497 producitur

372 2522 455 2593 in
504 2522 773 2615 primo
835 2521 1176 2595 instanti
1210 2522 1336 2593 sui
1381 2546 1515 2589 esse
1545 2542 1706 2593 non
1740 2542 1921 2614 pro-

362 2639 595 2713 ducit
627 2638 1152 2722 caliditatem,
1189 2660 1285 2711 eo
1321 2638 1528 2730 quod
1551 2637 1922 2712 caliditas

366 2758 650 2831 subito
720 2760 1285 2848 generaretur,
1360 2759 1441 2828 et
1501 2755 1569 2826 si
1622 2775 1783 2827 non
1842 2756 1921 2827 in

367 2875 549 2957 illo,
589 2874 846 2966 igitur
876 2893 1037 2945 non
1071 2874 1150 2945 in
1185 2892 1694 2964 quocumque
1726 2871 1915 2944 alic.

366 2996 477 3068 Et
513 2994 786 3065 minor
829 2997 1173 3085 apparet
1240 2991 1500 3084 quoad
1567 2988 1921 3081 primam

367 3115 702 3208 partem
750 3114 815 3183 2.
860 3112 943 3177 de
984 3113 1266 3191 Anaua,-
1335 3111 1415 3179 et
1485 3106 1746 3199 quoad
1806 3126 1919 3177 se-

364 3230 723 3303 cundam
781 3229 1126 3319 apparet
1183 3228 1257 3292 in
1318 3227 1385 3296 5.
1439 3227 1921 3313 Phyxia-orum,-

364 3366 567 3420 nam
605 3345 699 3416 ad
735 3343 1237 3416 caliditatem
1306 3344 1430 3413 est
1470 3359 1667 3411 vera
1726 3339 1919 3411 alte-

366 3461 602 3535 ratio
627 3458 1112 3532 successiva.

462 3577 856 3658 Secundo,
945 3577 1258 3648 nullum
1342 3575 1612 3647 lumen
1680 3575 1921 3646 durat

362 3697 536 3771 nisi
571 3695 838 3768 solum
900 3714 1045 3787 per
1088 3695 1401 3768 instans
1437 3718 1452 3761 :
1493 3691 1750 3782 igitur
1808 3692 1919 3762 lu-

363 3837 561 3888 men
603 3835 764 3886 non
804 3817 928 3886 est
969 3831 1220 3885 causa
1251 3810 1584 3883 caloris.
1632 3813 1922 3882 Conse-

361 3930 709 4024 quentia
774 3933 1019 4009 tenet,
1085 3928 1273 4021 quia
1313 3926 1685 4000 caliditas
1762 3945 1922 3996 non

364 4052 652 4142 potest
686 4044 1068 4136 generari
1103 4045 1182 4118 in
1225 4041 1588 4116 instanti.
1638 4045 1739 4116 Et
1789 4062 1920 4112 an-

363 4164 751 4239 tecedens
788 4162 1210 4255 probatur,
1250 4160 1437 4251 quia
1469 4158 1742 4230 lumen
1802 4157 1922 4229 de-

366 4282 668 4376 pendet
709 4302 755 4353 a
799 4300 1152 4373 corpore
1194 4279 1602 4350 luminoso
1663 4296 1749 4346 se
1792 4274 1922 4345 ha-

361 4402 614 4473 bente
651 4397 729 4469 in
769 4397 942 4478 tali,
979 4396 1106 4468 vel
1130 4395 1279 4469 tali
1312 4394 1499 4474 situ,
1537 4398 1927 4485 tanquam

365 4538 413 4588 a
439 4516 995 4589 conservante
1029 4513 1328 4603 ipsum;
1361 4509 1594 4581 modo
1624 4530 1926 4601 corpus

364 4632 907 4710 luminosum,
943 4649 1129 4702 cum
1170 4627 1553 4701 continue
1615 4646 1928 4698 movea-

367 4756 521 4825 tur
562 4768 724 4820 non
759 4751 1033 4839 potest
1063 4766 1243 4819 esse
1285 4745 1365 4816 in
1397 4744 1674 4816 eodem
1736 4742 1925 4823 situ,

364 4868 538 4942 nisi
571 4887 717 4959 per
757 4865 1053 4938 Solem.
1566 4887 1571 4892 ·

466 4982 782 5065 Tertio,
830 4982 899 5054 si
934 4981 1205 5053 lumen
1236 4979 1750 5059 calefaceret,
1778 4977 1931 5052 hoc

373 5104 743 5173 maxime
785 5101 1001 5171 esset
1042 5098 1312 5170 lumen
1346 5094 1584 5169 Solis,
1646 5098 1936 5168 Conse-

378 5240 646 5311 quens
748 5216 1071 5299 falsum‚
1181 5217 1369 5307 quia
1470 5219 1662 5288 tunc
1769 5213 1931 5295 Sol,

379 5342 696 5428 quanto
730 5339 856 5408 est
900 5333 1441 5426 propinquior
1472 5331 1729 5412 nobiS,
1768 5334 1937 5402 tan-

376 5458 469 5526 to
518 5472 667 5523 nos
704 5450 966 5542 magis
1000 5449 1512 5530 calefaceret,
1561 5448 1766 5540 quod
1813 5450 1938 5519 est

378 5568 713 5653 falsum,
765 5568 954 5665 quia
996 5568 1077 5646 in
1108 5567 1395 5666 hyeme
1420 5564 1554 5640 Sol
1590 5569 1713 5642 est
1757 5585 1938 5659 pro-

2046 1943 2318 2015 omnia
2350 1965 2707 2037 corpora
2741 1945 2941 2018 talia
2981 1944 3248 2017 lucida
3286 1943 3581 2019 habent

2043 2061 2336 2132 lumen.

2132 2178 2453 2260 Quinto,
2522 2183 3006 2270 sequeretur
3047 2179 3252 2270 quod
3312 2178 3579 2251 calidi·
3644 2179 3928 2234 Quintum.

2041 2298 2169 2367 tas
2256 2316 2416 2367 non
2501 2301 2719 2368 esset
2824 2295 3178 2386 qualitas
3283 2294 3576 2387 prima.

2040 2413 2559 2503 Consequens
2593 2410 2916 2492 falsum,
2956 2415 3043 2484 ut
3094 2414 3318 2503 patet
3363 2413 3430 2481 2.
3502 2412 3585 2477 de

2040 2529 2517 2612 Generaeione,·
2548 2532 2628 2601 et
2663 2528 3062 2620 probatur
3093 2546 3582 2618 consequen-

2040 2641 2181 2723 tia,
2229 2644 2416 2735 quia
2450 2643 2981 2736 consequitur
3020 2643 3268 2715 aliam
3331 2641 3579 2734 quali-

2037 2764 2318 2841 tatem,
2367 2761 2682 2835 scilicet
2720 2761 2995 2832 lumen
3065 2760 3143 2855 in
3186 2759 3312 2832 sui
3352 2778 3580 2849 gene-

2037 2877 2381 2951 ratione.

2126 2998 2396 3076 Sexto,
2450 2998 2933 3086 sequeretur
2984 2995 3192 3085 quod
3262 2997 3577 3068 montes
3636 3004 3880 3056 Sextum·

2036 3110 2208 3192 alti,
2274 3116 2353 3185 et
2414 3112 2671 3183 media
2735 3110 2961 3201 regio
3022 3110 3241 3182 aeris
3307 3115 3578 3184 essent

2039 3229 2385 3303 multum
2417 3228 2680 3302 calidi.
2711 3233 3227 3320 Consequens
3250 3228 3574 3312 falsum,

2039 3351 2125 3419 ut
2169 3346 2434 3438 patuit
2467 3345 2720 3438 prius.
2769 3348 2871 3418 Et
2942 3345 3339 3437 probatur
3397 3367 3577 3417 con-

2038 3462 2483 3553 sequentia,
2522 3462 2711 3553 quia
2751 3465 2939 3534 sunt
2983 3461 3579 3554 propinquiora

2037 3578 2524 3671 corporibus
2566 3578 3027 3652 coelestibus
3096 3575 3577 3650 habentibus

2035 3697 2332 3777 lumen,
2380 3711 2621 3786 quam
2699 3693 2862 3768 sint
2919 3694 3061 3765 illa
3125 3693 3573 3776 inferiora;

2041 3814 2274 3884 modo
2319 3832 2553 3884 omne
2603 3829 2852 3902 agens
2911 3810 3290 3884 naturale
3350 3809 3578 3903 prius

2037 3936 2117 4005 et
2204 3926 2600 4002 intensius
2662 3926 2834 4018 agit
2895 3926 2975 3998 in
3046 3931 3367 4019 partem
3427 3926 3579 3998 sibi

2039 4046 2610 4139 propinquam,
2659 4064 2900 4136 quam
2937 4043 3014 4114 in
3059 4047 3380 4136 partem
3407 4063 3453 4114 a
3494 4065 3579 4116 se

2040 4166 2469 4236 remotam.

2129 4278 2518 4370 SeptimO,
2558 4281 3043 4370 sequeretur
3076 4278 3283 4369 quod
3315 4277 3579 4370 priva·
3600 4272 3932 4361 'Semnum

2041 4396 2159 4469 tio
2230 4395 2559 4466 luminis
2628 4414 2859 4486 pura,
2923 4393 3304 4475 tenebrae,
3367 4399 3583 4468 esset

2042 4532 2292 4586 causa
2333 4510 2836 4602 frigiditatis.
2886 4515 3402 4602 Consequens
3442 4511 3584 4583 sal-

2046 4650 2249 4710 sum,
2300 4627 2487 4719 quia
2511 4645 2716 4719 pura
2741 4626 3097 4719 privatio
3123 4646 3282 4697 non
3318 4630 3589 4719 potest

2044 4766 2222 4816 esse
2271 4763 2520 4815 causa
2555 4742 2898 4816 alterius
2960 4741 3308 4834 aliquus
3343 4743 3592 4833 quali-

2051 4862 2245 4937 tatis
2289 4859 2815 4953 positivae.Et
2866 4859 3266 4951 probatur
3322 4880 3595 4932 consc-

2050 4977 2404 5071 quentia,
2436 4976 2625 5068 quia
2657 4975 2727 5047 si
2754 4995 3001 5046 unum
3028 4975 3596 5068 oppositorum

2049 5100 2173 5169 est
2243 5113 2491 5167 causa
2571 5092 2808 5164 unius
2881 5092 3331 5183 qualitatis,
3414 5094 3595 5165 reli-

2054 5233 2299 5302 quum
2334 5213 2549 5282 esset
2599 5229 2850 5280 causa
2904 5210 3300 5301 oppositae
3347 5211 3596 5301 quali-

2053 5328 2278 5409 tatis,
2335 5327 2546 5398 sicut
2581 5325 2649 5396 si
2709 5323 3138 5397 calefactio
3184 5324 3290 5400 sit
3347 5345 3596 5397 causa

2055 5443 2526 5523 caliditatis,
2564 5442 3032 5534 frigefactio
3074 5445 3292 5514 esset
3343 5461 3595 5514 causa

2054 5559 2561 5655 frigiditatis,
3326 5573 3340 5585 ·
