4252 6393
548 860 632 913 21.

566 2249 646 2299 22.

577 5284 658 5335 22.

483 5349 668 5411 Supra
697 5363 724 5396 n
736 5385 747 5398 .

461 5411 538 5461 15.

783 425 901 491 342

1957 421 2061 485 DE
2104 421 2370 486 RERUM
2413 419 2804 488 PRINCIPIO

776 600 935 654 ram,
968 586 1188 645 saltem
1222 584 1806 653 instrumentaliter,
1836 596 2213 642 concurrere
2243 581 2319 639 ad
2432 586 2636 657 nunt,
2668 584 2748 656 in
2807 602 2952 656 sua
2985 584 3309 660 actione
3367 610 3383 657 ς
3429 592 3732 680 quanto
3762 592 3960 667 enim

778 686 1180 744 creationem.

873 828 1298 903 Sciendum
1340 832 1640 911 autem,
1696 828 1903 920 quod
1962 827 2325 920 quaedam

783 948 973 1018 sunt
1013 947 1297 1017 creata
1328 963 1475 1036 per
1509 964 1593 1015 se
1635 942 2193 1025 subsistentia,
2241 946 2326 1016 ut

784 1061 1166 1152 Angelus,
1255 1062 1572 1143 coelum,
1646 1065 1728 1135 et
1784 1061 1983 1136 talia
2037 1086 2052 1131 ε
2115 1064 2198 1135 et
2249 1060 2331 1134 in

785 1180 1203 1255 creatione
1245 1180 1537 1254 talium
1569 1184 1959 1254 creatura
1998 1199 2161 1253 non
2203 1200 2333 1273 po·

787 1300 950 1371 test
1017 1296 1450 1389 cooperari
1530 1317 1675 1390 per
1755 1296 2107 1388 aliquem
2171 1317 2332 1369 mo-

788 1414 1001 1495 dum,
1092 1414 1281 1506 quia
1365 1434 1508 1488 nec
1592 1414 2109 1508 disponendo,
2188 1434 2334 1489 nec

791 1531 1166 1603 creand0.
1222 1528 1406 1603 Alia
1482 1534 1692 1611 sunt,
1758 1550 1934 1623 quae
2012 1530 2090 1603 in
2150 1529 2337 1604 aliis

794 1646 1088 1721 habent
1153 1667 1357 1728 esse,
1406 1651 1494 1720 ut
1561 1646 1836 1740 gra-tia
1896 1647 1976 1720 in
2034 1647 2333 1732 anima,

794 1762 1068 1834 anima
1110 1762 1190 1836 in
1222 1783 1573 1856 corpore
1610 1788 1625 1833 :
1670 1768 1751 1837 et
1800 1763 1879 1836 in
1921 1763 2341 1838 creatione

794 1877 1147 1952 istorum
1198 1883 1697 1971 cooperatur
1725 1883 2138 1960 creatura,
2184 1879 2343 1952 dis-

797 1994 1157 2088 ponendo
1189 2016 1288 2067 ex
1323 1999 1555 2088 parte
1591 1996 2135 2089 suscipientis,
2181 2015 2344 2069 non

797 2110 1217 2184 causative
1276 2131 1375 2183 ex
1428 2116 1660 2204 parte
1712 2112 1832 2185 rei
1898 2113 2337 2206 productae.

889 2226 1110 2308 Quod
1161 2231 1431 2319 potest
1481 2227 1597 2300 sic
1654 2227 2057 2301 declarari
2102 2253 2117 2298 ε
2183 2228 2343 2322 pri·

801 2363 960 2426 mo,
1030 2364 1129 2414 ex
1215 2349 1448 2437 parte
1515 2350 1919 2419 creaturae
2015 2350 2096 2421 et
2166 2347 2344 2440 ejus

800 2459 1284 2534 conditione.
1332 2461 1556 2536 Sicut
1595 2465 1810 2536 Deus
1852 2483 2012 2536 non
2073 2468 2345 2558 potest

801 2577 1408 2651 communicare
1449 2582 1855 2652 creaturae
1902 2599 2135 2653 suam
2186 2581 2347 2675 pri-

808 2691 1203 2774 mitatem,
1277 2692 1392 2766 ita
1432 2713 1593 2766 non
1652 2697 1924 2786 potest
1983 2716 2347 2769 commu-

804 2805 1083 2878 nicare
1144 2825 1375 2878 suam
1418 2806 2029 2884 actualitatem:
2075 2812 2348 2883 actua·

801 2923 995 2996 litas
1027 2925 1300 2997 autem
1339 2923 1609 2997 divina
1638 2929 1762 3000 est
1795 2925 2346 3020 impermixta,

805 3060 990 3113 cum
1015 3039 1123 3115 sit
1155 3059 1360 3132 pura
1391 3043 1469 3115 et
1524 3040 2170 3135 simplicissima;
2230 3064 2353 3118 er-

805 3175 907 3248 go
940 3157 1297 3232 essentia
1332 3158 1762 3253 cujuslibet
1790 3164 2197 3236 creaturae
2228 3167 2355 3240 est

799 3275 1265 3350 necessario
1295 3277 1676 3368 potentiae
1715 3278 2076 3355 admixta
2120 3304 2136 3350 :
2171 3302 2355 3355 cum

806 3389 1064 3479 igitur
1106 3391 1608 3484 impossibile
1678 3394 1810 3476 sit,
1858 3396 2065 3488 quod
2119 3397 2355 3470 effec-

804 3513 935 3581 tus
958 3511 1478 3586 ‘transcendat
1508 3531 2201 3595 causa-m,necesse
2232 3518 2355 3589 est

811 3625 1015 3718 quod
1053 3627 1392 3718 primuS,
1439 3632 1519 3701 et
1576 3627 1962 3721 proprius
2021 3628 2356 3704 effectus

808 3741 1238 3834 cujuslibet
1301 3748 1708 3818 creaturae
1753 3743 1861 3818 sit
1918 3765 2085 3827 ens,
2152 3746 2358 3838 quod

808 3859 900 3931 de
943 3880 1027 3931 se
1080 3858 1274 3934 dicit
1334 3863 1604 3934 actum
1667 3859 2164 3953 permixtum
2224 3881 2357 3955 po-

813 3974 1115 4058 tentiae,
1193 3975 1346 4050 hoc
1387 3982 1659 4051 autem
1717 3981 1842 4052 est
1889 3982 2185 4061 motuS,
2223 3976 2358 4072 qui

813 4095 940 4166 est
981 4098 1212 4167 actus
1253 4093 1464 4165 entis
1507 4091 1589 4165 in
1648 4093 2037 4187 potentia,
2083 4115 2359 4167 secun-

812 4210 998 4280 dum
1045 4209 1249 4301 quod
1310 4208 1391 4281 in
1435 4209 1830 4302 potentia;
1892 4228 2092 4302 ergo
2135 4210 2353 4293 illud,

815 4326 1018 4416 quod
1059 4325 1328 4418 primo
1365 4327 1755 4418 procedit,
1799 4329 1878 4400 et
1921 4329 2360 4421 procedere

811 4439 1036 4514 debet
1072 4460 1118 4512 a
1158 4446 1544 4515 creatura
1573 4446 1699 4517 est
1732 4444 2045 4515 motus:
2084 4446 2357 4516 motus

813 4560 1088 4629 autem
1138 4557 1613 4631 necessario
1658 4557 2011 4651 requirit
2052 4559 2357 4652 subjec-

813 4677 1021 4756 tum;
1077 4694 1275 4766 ergo
1319 4675 1578 4748 sinon
1612 4679 1880 4768 potest
1912 4675 2358 4748 communi-

814 4788 989 4862 cari
1068 4795 1473 4864 creaturae
1545 4790 1812 4883 prima
1883 4790 2351 4874 actualitas,

814 4927 958 4982 nec
1024 4906 1098 4981 ei
1150 4906 1745 4980 communicari
1816 4911 2086 4999 potest
2164 4906 2355 4999 quin

814 5024 1180 5117 subjecto
1216 5022 1594 5114 indigeat,
1640 5044 1733 5096 ac
1767 5042 1913 5115 per
1945 5021 2094 5095 hoc
2133 5041 2356 5096 crea·

814 5161 900 5213 re
932 5161 1095 5212 non
1135 5142 1430 5234 potest.

903 5260 1134 5338 Item,
1175 5256 1387 5330 sicut
1421 5255 1922 5348 jamdictum
1965 5259 2090 5328 est
2118 5277 2350 5343 supra,

808 5374 958 5448 hoc
1018 5375 1381 5447 videmus
1441 5374 1521 5446 in
1566 5372 1842 5446 ordine
1903 5370 2348 5463 agentium,

808 5492 1012 5583 quod
1045 5490 1483 5563 secundum
1519 5489 1723 5581 quod
1758 5492 1945 5561 sunt
1979 5488 2242 5581 magis
2274 5492 2356 5563 et

811 5603 2355 5699 minusactualia,plusetminussuppo·

2436 696 2762 790 aliquod
2803 719 3053 792 agens
3095 703 3277 796 plus
3310 703 3549 780 habet
3580 706 3670 779 de
3712 714 3962 783 actua·

2437 814 2695 899 litate,
2768 821 2849 891 et
2919 818 3184 895 minus
3251 821 3343 894 de
3410 822 3961 915 possibilitate,

2440 937 2671 1011 tanto
2740 935 3007 1008 minus
3077 942 3640 1034 praesupponit
3691 942 3770 1015 in
3836 965 3967 1017 sua

2442 1049 2797 1133 actione;
2878 1057 2958 1128 et
3023 1075 3066 1127 e
3141 1057 3592 1142 contrario,
3684 1067 3966 1152 quanto

2443 1170 2626 1263 plus
2661 1172 3045 1263 supponit
3077 1171 3158 1247 in
3185 1176 3519 1265 agendo,
3559 1176 3821 1250 minus
3850 1177 3969 1252 ha·

2444 1286 2577 1360 bet
2625 1288 2717 1361 de
2749 1290 3253 1371 actualitate,
3335 1295 3424 1365 ut
3455 1298 3681 1386 patet
3724 1296 3814 1369 de
3857 1317 3971 1370 ar·

2447 1402 2554 1482 te,
2608 1403 2690 1474 et
2735 1406 3095 1476 natura:
3151 1404 3219 1478 si
3288 1425 3488 1498 ergo
3555 1410 3973 1483 secundum

2449 1537 2867 1590 accessum
2927 1521 3025 1593 ad
3090 1522 3658 1598 actualitatem
3729 1526 3976 1600 minus

2452 1633 2534 1708 in
2619 1636 2929 1727 agendo
2999 1646 3722 1734 praesupponatur3
3795 1665 3978 1737 ergo

2452 1769 2727 1842 agens,
2827 1754 3036 1846 quod
3111 1754 3311 1829 nihil
3407 1762 3976 1854 praesupponit,

2452 1868 2920 1941 necessario
2962 1874 3089 1945 est
3129 1871 3211 1943 in
3253 1874 3608 1948 termino
3666 1878 3985 1952 actuali·

2456 1986 2680 2069 tatis,
2725 1992 2806 2061 et
2854 1987 3105 2061 etiam
3165 1990 3328 2065 erit
3394 1996 3627 2066 actus
3681 2014 3978 2087 purus:

2457 2104 2592 2179 sed
2655 2104 2848 2178 talis
2907 2105 3345 2185 actualitas
3403 2113 3985 2186 communicari

2455 2241 2619 2293 non
2707 2224 2980 2314 potest
3048 2228 3493 2307 creaturae;
3575 2246 3776 2319 ergo
3851 2248 3981 2302 nec

2453 2338 2793 2412 creatio.

2546 2459 2907 2532 Secunda
2978 2458 3115 2532 via
3198 2463 3470 2557 potest
3550 2462 3813 2554 accipi
3892 2482 3982 2534 ex
4083 2463 4140 2514 Β

2459 2577 2696 2668 parte
2741 2574 2954 2647 modi
2995 2576 3335 2657 essendi,
3384 2576 3544 2659 sic;
3596 2598 3780 2650 cum
3823 2598 3987 2670 age·

2461 2711 2550 2764 re
2584 2696 3168 2784 praesupponat
3208 2714 3412 2775 esse,
3459 2698 3679 2768 recte
3723 2696 3989 2767 modus

2461 2806 2748 2898 agendi
2805 2807 2966 2881 erit
3008 2808 3445 2882 secundum
3522 2810 3847 2883 modum
3886 2833 3991 2883 es·

2463 2923 2729 2996 sendi:
2767 2942 2967 3015 ergo
3001 2923 3215 2999 sicut
3245 2929 3631 3000 creatura
3663 2927 3997 3001 sehabet

2463 3041 2559 3113 ad
2616 3061 2819 3123 esse,
2855 3060 3002 3115 nec
3042 3040 3288 3116 aliter
3329 3046 3599 3136 potest
3641 3067 3728 3118 se
3784 3044 3997 3117 habe·

2469 3178 2581 3240 re,
2619 3156 2733 3230 sic
2768 3177 2853 3230 se
2884 3155 3123 3233 habet
3157 3158 3258 3231 ad
3277 3176 3550 3251 agere,
3584 3179 3731 3234 nec
3764 3159 3997 3235 alium

2470 3274 2792 3348 modum
2851 3271 3136 3365 agendi
3177 3279 3448 3368 potest
3478 3273 3783 3350 habere
3820 3302 3835 3359 ;
3881 3277 3999 3350 sed

2470 3390 2734 3463 omnis
2784 3394 3172 3465 creatura
3214 3394 3679 3467 necessario
3745 3398 3869 3469 est
3911 3393 3999 3466 ab

2468 3506 2659 3591 alio,
2712 3527 2859 3580 nec
2890 3507 3144 3580 alium
3180 3508 3502 3583 modum
3529 3511 3851 3585 essendi
3881 3510 4000 3582 ha-

2466 3621 2657 3696 bere
2700 3625 3010 3715 potest;
3062 3642 3263 3714 ergo
3315 3625 3577 3698 omnis
3622 3633 4001 3702 creatura

2468 3737 2643 3829 agit
2675 3758 2820 3831 per
2854 3737 3177 3811 modum
3203 3739 3536 3831 organi:
3564 3740 4005 3835 impossibi-

2469 3853 2544 3928 le
2584 3857 2709 3928 est
2745 3857 3020 3929 autem
3061 3854 3657 3950 intelligi,quod
3685 3857 4003 3952 aliquod

2469 3991 2718 4064 agens
2754 3993 2898 4066 per
2929 3975 3252 4048 modum
3295 3975 3857 4062 instrumenti,
3890 3975 4007 4049 vel

2471 4090 2788 4180 organi,
2825 4095 3020 4182 agat
3039 4090 3200 4163 nisi
3231 4092 3738 4186 applicatum
3769 4121 3784 4177 ;
3822 4114 4006 4185 ergo

2471 4204 2975 4299 impossibile
3031 4211 3159 4282 est
3217 4209 3424 4302 quod
3468 4215 3864 4286 creatura
3904 4211 4007 4284 in-

2471 4321 2900 4415 telligatur
2929 4342 3200 4416 agere,
3236 4323 3397 4397 nisi
3446 4330 3535 4401 ut
3575 4327 4002 4420 applicata,

2469 4438 2915 4532 applicatio
2960 4459 3121 4512 non
3153 4444 3427 4533 potest
3476 4440 3829 4536 intelligi
3862 4441 4004 4516 nisi

2468 4553 2564 4627 ad
2613 4553 2977 4646 aliquod;
3051 4553 3557 4648 impossibile
3621 4564 3749 4634 est
3815 4577 4002 4650 ergo

2469 4670 2676 4762 quod
2737 4669 3250 4761 intelligatur
3315 4692 3586 4765 agere,
3638 4675 3801 4749 nisi
3873 4674 4002 4747 ali-

2468 4788 2675 4879 quod
2705 4807 2847 4859 ens
2891 4791 3612 4881 praesupponendo.

2559 4906 2790 4986 Item,
2836 4924 3205 4999 suppono
3246 4926 3346 4978 ex
3380 4905 3540 4982 ista
3607 4908 3995 4983 deductio·

2465 5040 2589 5102 ne,
2636 5021 2845 5113 quod
2882 5024 3272 5094 creatura
3310 5042 3472 5097 non
3511 5029 3787 5117 potest
3829 5044 3996 5117 rge-

2468 5158 2557 5210 re
2623 5136 2780 5210 nisi
2869 5141 2957 5211 ut
3043 5137 3704 5214 instrumentum.
3789 5139 3995 5224 Quod

2464 5253 2712 5329 etiam
2759 5258 3008 5347 patet,
3056 5254 3244 5347 quia
3275 5275 3435 5329 non
3478 5261 3749 5349 potest
3796 5277 3996 5330 oom-

2469 5368 3320 5452 municaricreaturae,
3358 5372 3563 5465 quod
3596 5374 3700 5446 sit
3760 5392 3998 5464 agens

2464 5486 2624 5560 nisi
2667 5486 3274 5571 secundarium;
3311 5508 3547 5561 omne
3587 5493 3858 5562 autem
3892 5494 3997 5562 ta-

2463 5604 2538 5677 le
2562 5602 2760 5694 agit,
2795 5609 2884 5677 ut
2915 5604 3577 5688 instrumentum,
3605 5625 3790 5679 cum
3813 5609 3996 5698 agat

4111 4910 4133 4958 2
