4252 6393
93 620 224 670 Thom.
247 616 289 665 5.

114 679 286 744 Metaph.

1678 456 2039 531 QUAEs'rto
2086 457 2131 517 X
2150 458 2187 513 V
2200 458 2216 517 l

337 636 638 687 rerum.
681 619 739 688 Ε
766 618 1187 691 contrario
1223 622 1495 690 autem
1537 618 1895 700 credens

91 744 291 794 lect-M
337 735 544 824 quod
614 734 890 805 eadem
963 734 1069 807 sit
1169 735 1498 807 omnino
1598 737 1899 807 natura

120 807 182 855 lib.
209 805 271 853 10.

115 870 206 918 lect.
232 867 273 915 2.

152 4512 176 4541 a

81 4572 155 4619 ssiu
177 4551 287 4627 ξοη-

85 4635 281 4703 sichario

111 4711 236 4751 ustus,

339 854 561 932 unius,
603 851 811 942 quod
874 852 1232 923 vertitur
1290 872 1470 923 cum
1540 854 1747 931 ente,
1816 857 1894 924 et

338 971 563 1049 unius,
596 969 799 1059 qnod
833 972 954 1041 θεῖ
997 968 1482 1062 principium
1519 969 1836 1041 numeri
1875 993 1889 1048 ;

339 1084 616 1156 videns
651 1086 857 1177 quod
897 1111 1100 1154 unum
1143 1085 1348 1176 quod
1408 1088 1530 1156 est
1597 1084 1892 1177 princi-

343 1203 563 1295 pium
626 1203 944 1275 numeri
1010 1203 1221 1275 addit
1284 1200 1582 1293 aliquid
1645 1221 1894 1294 supra

340 1321 883 1392 substantiam
933 1319 1045 1391 rei
1080 1319 1468 1410 (alioquin
1502 1339 1890 1391 numerus

339 1437 844 1528 compositus
869 1459 967 1508 ex
993 1436 1466 1518 unitatibus
1496 1457 1651 1507 non
1676 1441 1890 1509 esset

339 1553 652 1646 species
697 1554 1207 1656 quantitatis)
1242 1553 1572 1626 tradidit
1612 1555 1885 1625 eodem

339 1674 602 1753 modo,
677 1674 882 1763 quod
947 1697 1152 1740 mmm
1234 1673 1442 1763 quod
1533 1671 1891 1742 vortiuu·

335 1812 523 1863 cum
564 1796 771 1874 ente,
811 1793 1024 1864 addit
1066 1791 1367 1883 aliquid
1412 1813 1658 1883 super
1709 1791 1889 1861 sub-

341 1910 732 1982 stantiam
793 1911 1030 1993 entis,
1117 1911 1323 1983 sicut
1377 1910 1646 1981 album
1695 1909 1886 1982 (licit

344 2045 516 2096 rem
553 2024 1008 2096 absolutam
1037 2046 1284 2117 super
1311 2023 1883 2106 substantiam3

335 2143 417 2211 et
467 2139 581 2211 ita
620 2162 716 2211 ex
772 2142 1046 2212 eodem
1111 2140 1316 2211 salso
1369 2140 1888 2210 fundamento

335 2248 785 2320 contraria}
822 2247 1242 2342 opiniones
1280 2250 1747 2340 supersunt.

902 2476 1308 2532 SCIIOLIUM.

405 2684 752 2754 Distinguit
785 2684 996 2739 Scotus
1019 2683 1319 2738 unitatem
1346 2683 1408 2738 iu
1443 2682 1892 2739 transcenden-

337 2784 553 2848 talem,
605 2787 667 2837 et
717 2780 1142 2846 numeralem,
1194 2795 1301 2835 seu
1355 2781 1420 2835 in
1473 2796 1652 2833 unum
1729 2781 1892 2850 quod

333 2882 737 2939 convertitur
765 2895 909 2935 cum
942 2884 1103 2946 ente,
1144 2884 1206 2936 et
1240 2881 1305 2935 in
1354 2896 1532 2933 unum
1587 2878 1751 2950 quod
1800 2886 1893 2937 est

333 2978 730 3051 principium
755 2978 1026 3033 numeri.
1064 2978 1343 3032 Primum
1379 2977 1498 3034 late
1520 2975 1756 3047 probat,
1791 2978 1891 3033 ni-

335 3081 424 3136 hil
488 3077 720 3134 addere
753 3075 922 3132 reale
980 3090 1172 3147 super
1239 3090 1372 3144 θηε,
1454 3074 1560 3130 sed
1639 3075 1889 3132 modum

333 3175 674 3250 quemdam
707 3173 1107 3245 significandi
1159 3175 1573 3245 privativum,
1625 3180 1731 3231 aut
1781 3190 1890 3230 ne-

333 3277 644 3345 gativum,
678 3289 801 3346 qua
835 3276 1071 3330 ratione
1093 3273 1341 3330 obviam
1375 3275 1505 3344 agit
1536 3274 1611 3331 de
1636 3275 1890 3347 propria

331 3374 795 3445 significatione
831 3375 1105 3429 nominis
1134 3375 1396 3445 oppositi
1429 3377 1752 3432 multitudo.
1785 3378 1891 3431 vi-

331 3474 407 3530 de
438 3474 525 3530 de
558 3474 656 3530 his
689 3474 885 3529 multa
917 3475 1083 3543 apud
1116 3475 1324 3546 ipsum
1359 3474 1467 3530 lib.
1505 3475 1590 3529 10.
1617 3473 1888 3544 Metaph.

332 3576 560 3642 quaest.
602 3574 646 3627 Ι.
679 3573 733 3628 5.
769 3575 831 3628 θῖ
859 3573 916 3627 6.
951 3571 1305 3627 Secundum
1338 3574 1526 3628 etiam
1571 3577 1706 3642 post
1756 3573 1891 3628 lon-

333 3684 478 3739 gam
543 3668 993 3725 discussionem
1055 3670 1378 3725 variarum
1438 3670 1890 3740 acceptionum,

329 3772 390 3825 et
420 3769 782 3840 specierum
816 3772 1059 3823 unitatis
1084 3784 1154 3824 ac
1181 3772 1406 3822 numeri
1438 3770 1502 3824 in
1535 3767 1724 3824 rebus
1745 3769 1896 3825 alio·

329 3882 474 3923 rum
509 3865 1148 3924 Praedicamentorum
1182 3880 1216 3922 a
1266 3868 1630 3937 quantitate,
1674 3872 1893 3939 quate-

331 3981 449 4022 nus
480 3971 578 4022 est
612 3980 918 4022 numerus
950 3967 1334 4032 accidentalis,
1368 3968 1455 4023 ait
1485 3965 1727 4037 aliquid
1781 3967 1893 4022 ad-

332 4064 483 4121 dere
527 4066 894 4136 positivum‚
956 4066 1020 4121 in
1056 4067 1134 4120 iis
1160 4081 1307 4122 vero
1328 4081 1467 4137 quae
1494 4071 1639 4121 sunt
1670 4065 1748 4121 de
1783 4082 1893 4135 ge-

333 4179 488 4221 nere
520 4166 909 4236 quantitatiS.
945 4164 1098 4220 Vide
1131 4164 1423 4221 eumdem
1455 4168 1508 4221 5.
1544 4166 1890 4237 Metaphys.

333 4277 394 4332 q.
425 4263 483 4317 9.
522 4267 587 4319 et
619 4266 954 4318 Fonsecam
992 4260 1225 4317 ibidem
1258 4277 1394 4333 cap.
1437 4263 1518 4317 13.
1555 4269 1773 4333 quaest.
1808 4266 1862 4320 3.

421 4465 867 4557 Estigitur
936 4465 1367 4549 sciendum,
1451 4468 1654 4559 qnod
1731 4467 1894 4539 alia

332 4586 457 4655 est
507 4588 815 4657 natura
893 4587 1113 4665 unius,
1182 4604 1338 4674 quo
1389 4584 1690 4658 (licitur
1760 4606 1890 4656 res

338 4719 521 4780 una,
555 4700 763 4790 quod
797 4699 1311 4773 convertitur
1345 4723 1527 4774 cum
1560 4705 1743 4773 ente
1773 4727 1786 4770 :
1813 4707 1893 4775 et

336 4815 500 4887 alia
551 4816 769 4890 ratio
829 4820 1053 4896 um'us,
1119 4818 1324 4908 quod
1393 4822 1517 4889 est
1598 4818 1892 4910 princi-

340 4929 569 5021 pium
660 4931 1174 5023 quantitatis.
1268 4934 1589 5005 Natura
1679 4932 1892 5003 enim

337 5051 564 5130 unius,
623 5070 778 5139 quo
832 5052 954 5120 θεῖ
1016 5070 1217 5130 θεεθ,
1285 5049 1490 5140 quod
1533 5053 1681 5130 est,
1724 5049 1895 5121 ideo

337 5171 487 5247 est,
564 5165 752 5256 quia
885 5187 1133 5238 unum
1228 5187 1570 5238 numero
1656 5170 1780 5241 est
1880 5194 1894 5236 :

341 5284 463 5356 vel
513 5284 708 5356 illud
752 5286 959 5376 quod
998 5285 1319 5367 dicitur,
1387 5287 1590 5377 quod
1651 5312 1764 5355 ens
1821 5292 1900 5359 et

344 5425 552 5469 mmm
598 5404 1217 5482 convertuntur,
1266 5422 1425 5472 non
1467 5401 1662 5474 (licit
1702 5423 1897 5483 rem,

344 5519 468 5588 vel
533 5517 1146 5591 distinctionem
1191 5518 1549 5610 aliquam
1593 5520 1903 5590 absolu·

355 5643 534 5709 tam
575 5658 830 5729 supra
872 5641 1257 5710 naturam
1295 5636 1505 5708 entis
1544 5636 1711 5709 sive
1759 5637 1898 5719 rei,

3411 458 3527 520 567

2013 639 2188 708 quae
2222 615 2519 690 dicitur
2552 637 2733 698 una,
2783 618 2914 689 sed
2956 618 3397 689 essentiam
3431 639 3559 689 en-

2015 733 2145 816 tis,
2173 738 2252 807 ct
2291 734 2404 805 rei
2451 734 2596 806 sub
2638 734 2799 806 alia
2831 737 2908 806 et
2946 734 3105 805 alia
3142 735 3460 808 ratione
3483 738 3561 808 et

2010 850 2688 923 consideratione.
2739 853 3089 944 Propter
3131 853 3337 943 quod
3368 851 3563 926 dicit

2009 968 2524 1050 Aristotcles,
2588 973 2669 1042 et
2710 969 2887 1061 ejus
2932 972 3557 1042 Commentator

2007 1089 2115 1157 10.
2166 1088 2532 1173 ΜθιαρΙιῃε.
2579 1109 2725 1174 cap.
2772 1087 2836 1157 4.
2884 1090 2959 1153 in
3012 1089 3171 1170 sine,
3222 1109 3454 1154 comm.
3490 1089 3555 1156 G.

2007 1201 2213 1294 quod
2251 1201 2455 1273 idem
2481 1206 2607 1274 est
2648 1202 2925 1273 modus
2962 1201 3561 1276 consecutionis

2004 1323 2199 1400 entis,
2238 1323 2319 1392 et
2362 1325 2559 1387 unius
2591 1320 2685 1390 ad
2730 1318 3390 1402 l'raedicamenta,
3481 1325 3561 1394 ot

2003 1436 2439 1527 {equaliter
2476 1436 2946 1509 dividuntur
2980 1436 3558 1509 praedicamen-

2006 1560 2089 1628 ta
2132 1555 2562 1626 secundum
2604 1575 2724 1625 ea.
2792 1554 3014 1626 Sicut
3080 1554 3293 1626 enim
3362 1555 3555 1629 dici-

2005 1691 2184 1742 mus
2266 1671 2472 1760 quod
2550 1694 2664 1737 ens
2720 1669 3106 1743 dividitur
3165 1692 3311 1763 per
3372 1673 3549 1743 snb-

2003 1786 2999 1878 stantiam,quantitatem,
3043 1790 3194 1859 etc.
3224 1787 3339 1858 ita
3378 1787 3566 1859 ‹lici-

2005 1925 2209 1984 mus,
2285 1903 2489 1993 quod
2584 1927 2790 1970 unum
2872 1906 2993 1974 est
3074 1903 3555 1984 substantia,

2005 2019 2446 2112 quantitas,
2486 2019 2863 2111 qualitas,
2927 2022 3005 2091 et
3051 2020 3166 2091 sic
3209 2019 3299 2090 de
3342 2020 3554 2091 aliis

2005 2140 2101 2210 Et
2143 2138 2356 2209 ratio
2401 2137 2642 2228 liujus
2720 2142 2868 2219 est,
2925 2137 3137 2229 quia,
3212 2142 3298 2211 ut
3364 2138 3557 2213 (licit

2005 2254 2522 2336 Aristoteles
2560 2255 2833 2325 eodem
2874 2255 3054 2326 loco
3100 2253 3552 2347 Metapliys.

2005 2373 2079 2442 in
2111 2370 2712 2464 praedioatimm,
2739 2396 2911 2439 unias·
2928 2375 3121 2439 homo
3153 2391 3309 2442 non
3346 2371 3556 2443 addit

2002 2487 2304 2580 aliquid
2337 2487 2578 2570 aliud,
2625 2508 2864 2578 quam
2914 2493 3140 2565 homo,-
3171 2487 3381 2561 sicut
3412 2508 3555 2560 nec
3644 2469 3647 2474 μ

2003 2604 2268 2697 ipsum
2312 2628 2448 2672 esse
2502 2608 2803 2696 praeter
2834 2607 2996 2693 quid
3034 2617 3149 2685 esc,
3197 2608 3337 2678 aut
3372 2624 3555 2696 qua-

2002 2721 2099 2803 le,
2150 2725 2289 2794 aul:
2324 2725 2740 2813 quantum.
2782 2723 2879 2793 Et
2918 2719 3088 2792 idco
3125 2720 3285 2793 talo
3326 2745 3551 2802 unum,

2004 3187 2284 3259 albedo
2356 3206 2607 3280 supra
2695 3185 3169 3279 subjectum.
3256 3190 3354 3261 Et
3444 3186 3559 3261 ita

2005 3303 2470 3376 substantia
2539 3303 2974 3395 cujuslibet
3036 3302 3151 3374 rei
3224 3307 3346 3375 θεῖ
3398 3324 3558 3376 nna

2007 3442 2154 3514 per
2198 3442 2305 3502 se,
2353 3441 2511 3491 non
2559 3440 2704 3512 per
2734 3419 3091 3511 aliquam
3132 3440 3301 3492 rem
3347 3420 3557 3493 addi-

2004 3542 2172 3611 tam
2246 3556 2492 3628 super
2540 3535 2800 3627 ipsam
2856 3561 2870 3604 ε
2941 3538 3026 3608 ut
3090 3534 3203 3607 sic
3258 3536 3365 3609 sit
3432 3558 3558 3608 vc-

2007 3674 2188 3724 rum
2258 3652 2549 3733 dicere,
2624 3653 2827 3743 quod
2894 3652 3221 3724 omnino
3283 3654 3558 3725 eadem

2002 3775 2125 3842 θεῖ
2171 3771 2386 3843 ratio
2428 3773 2632 3837 real-is
2665 3773 2788 3849 rei,
2816 3773 2895 3842 et
2930 3774 3127 3837 unius
3166 3774 3290 3851 rei,
3348 3769 3560 3844 sicut

2001 3891 2318 3966 homini&
2356 3892 2436 3959 et
2479 3891 2677 3955 unius
2708 3890 2997 3954 hominis
3030 3912 3050 3953 .·
3084 3884 3295 3957 Sicut
3356 3885 3551 3957 dioi-

2007 4010 2144 4078 tur
2197 4003 2276 4073 in
2344 4002 2736 4084 1⁴]lencbiS,
2813 4003 3018 4094 quod
3090 4002 3365 4073 eadem
3434 4007 3558 4076 θεῖ

2008 4120 2223 4194 ratio
2268 4119 2881 4214 propositionis
2925 4124 3006 4192 et
3070 4119 3311 4191 nnius
3375 4139 3558 4212 pro-

2006 4238 2468 4331 positionis.

2095 4354 2355 4445 Hujus
2403 4353 2519 4427 rei
2556 4358 2680 4427 est
2722 4358 3009 4446 aperta
3062 4354 3302 4436 rati0,
3371 4354 3558 4446 quia

2008 4471 2074 4544 si
2122 4492 2252 4541 res
2286 4473 2501 4541 esset
2542 4489 2697 4540 una
2765 4490 2909 4562 per
2968 4469 3294 4560 aliquod
3352 4469 3558 4542 addi-

2007 4591 2182 4661 tum
2262 4607 2506 4679 super
2588 4606 2793 4668 eam,
2875 4585 3175 4659 iterum
3258 4587 3349 4659 de
3417 4586 3560 4659 illa

2009 4725 2487 4796 quzererem,
2534 4707 2810 4776 utrum
2850 4703 2956 4774 sit
3017 4723 3176 4774 una
3240 4723 3385 4795 per
3446 4726 3555 4785 se,

2005 4821 2134 4892 vel
2182 4841 2323 4911 per
2363 4819 2603 4900 aliud,
2634 4823 2783 4891 etc.
2811 4822 2890 4890 et
2924 4818 3087 4892 erit
3130 4841 3560 4912 processus

2013 4935 2090 5007 in
2138 4935 2566 5007 inlinitum.
2603 4933 2746 5004 Vel
2787 4938 2910 5007 est
2973 4935 3417 5008 sistendum
3482 4937 3563 5007 in

2011 5053 2311 5144 alique,
2387 5051 2591 5143 quod
2664 5071 2806 5141 per
2894 5071 3125 5122 suam
3196 5052 3560 5126 substan-

2014 5170 2215 5244 tiam
2262 5168 2368 5241 sit
2412 5187 2683 5250 unum,
2767 5170 2844 5238 et
2905 5168 3179 5239 eadem
3245 5170 3561 5244 ratione

2015 5286 2419 5378 quodlibet
2492 5306 2638 5377 per
2703 5304 2931 5355 suam
3022 5286 3563 5361 substantiam

2015 5408 2138 5477 est
2173 5426 2446 5476 unum.
2500 5406 2596 5475 Et
2652 5400 2802 5473 hoc
2872 5406 3021 5483 est,
3105 5403 3310 5493 quod
3376 5402 3567 5474 dicit

2017 5523 2353 5595 Boetius
2424 5541 2671 5613 super
2753 5518 3339 5612 Porphyrium,
3419 5520 3571 5590 edi-

2017 5641 2241 5715 tione
2287 5639 2655 5721 secunda‚
2696 5637 2914 5711 circa
2950 5637 3323 5719 medinm,
3366 5641 3572 5730 quod

2005 2860 2339 2930 queres
2406 2838 2707 2912 dicitur
2775 2858 2957 2920 nna,
3030 2842 3110 2912 et
3157 2836 3559 2912 converti·
3586 2780 3873 2905 auggfflm

3611 2912 3728 2952 011ίέ
3742 2915 3864 2952 002?-

2006 2958 2146 3027 tur
2203 2974 2387 3026 cum
2465 2957 2672 3034 ente,
2741 2973 2900 3024 non
2941 2953 3133 3027 dicit
3206 2975 3377 3026 rem
3411 2955 3558 3026 ali·
3620 2967 3882 3076 ἳῆιςιεῑὲιῖαε

2006 3091 2247 3162 quam
2321 3091 2568 3162 snper
2636 3070 3177 3142 substantiam
3253 3072 3394 3153 rei,
3470 3043 3901 3202 ¹¹t3⁶gssgfig³⁹ffl
