4252 6393
1645 377 2005 454 QuAEsno
2053 378 2185 440 xvi
3413 379 3486 442 81

175 561 215 656 ff
237 538 517 656 tgysquod
548 537 843 630 duplex
883 540 1011 611 est
1039 537 1273 609 color
1314 538 1650 620 rubeus;
1698 537 1862 630 qui-

175 686 210 718 s.
343 656 496 727 dam
526 655 860 727 tendens
895 654 991 726 ad
1031 654 1500 738 albedinem,
1544 655 1674 728 vel
1705 655 1862 728 cla-

345 771 678 853 ritatem,
714 775 796 844 et
826 777 1175 847 vocatur
1198 775 1523 862 puniceus
1558 799 1584 857 ,·
1652 772 1864 846 alter

344 887 642 961 tendens
662 887 1273 980 adnigredinem
1305 892 1385 962 et
1418 873 1863 962 obscurita-

342 1009 502 1086 tem,
544 1009 629 1078 et
657 1011 1011 1080 vocatur
1037 1029 1434 1097 purpureus.

416 1122 765 1195 Secundo
810 1123 1247 1206 sciendum,
1294 1125 1500 1216 quod
1549 1127 1862 1216 quando

343 1240 410 1311 in
476 1240 720 1332 plana
815 1240 1244 1333 superficie
1317 1241 1865 1334 depinguntur

340 1358 472 1430 duo
511 1356 862 1439 colores,
901 1378 1251 1450 quorum
1284 1379 1493 1431 unus
1541 1363 1667 1433 est
1706 1359 1864 1431 cla·

343 1473 518 1556 rior,
563 1479 646 1547 et
675 1475 891 1547 alter
924 1474 1380 1558 obscurior,
1416 1480 1607 1549 tunc
1633 1475 1866 1549 color

344 1590 755 1663 obscurior
795 1596 1139 1684 apparet
1178 1613 1356 1664 esse
1399 1591 1478 1663 in
1535 1592 1864 1685 profun-

339 1707 445 1790 do,
510 1711 591 1782 et
636 1707 897 1800 magis
944 1713 1285 1791 remote,
1332 1729 1571 1802 quam
1633 1708 1866 1782 color

340 1824 618 1906 claruS,
646 1828 727 1898 et
755 1824 911 1898 ista
946 1824 1417 1918 superficies
1438 1845 1600 1898 non
1627 1845 1864 1918 appa-

342 1943 451 2014 ret
500 1940 770 2032 plana,
844 1942 976 2013 sed
1034 1941 1460 2024 elevatior,
1532 1940 1667 2014 ubi
1740 1944 1867 2015 est

338 2056 550 2128 color
589 2057 927 2129 clarior.
977 2059 1078 2131 Et
1119 2057 1290 2131 ideo
1334 2057 1694 2158 pictores
1733 2078 1868 2129 vo-

339 2172 577 2246 lentes
675 2173 1013 2267 pingere
1101 2173 1861 2267 supereminentias,

338 2294 407 2361 et
450 2291 1031 2374 concavitates,
1107 2292 1482 2385 superius
1556 2294 1869 2385 ponunt

336 2405 644 2481 colores
685 2409 991 2492 claros3
1031 2408 1164 2483 ubi
1201 2407 1430 2482 debet
1465 2428 1868 2502 apparere

336 2524 819 2607 concavitas,
847 2528 1153 2617 ponunt
1181 2524 1642 2597 obscurum.
1672 2528 1869 2598 Cau·

338 2657 417 2708 sa
460 2644 610 2722 est,
647 2640 838 2733 quia
885 2643 1123 2715 color
1172 2641 1361 2714 talis
1407 2639 1669 2732 magis
1708 2660 1869 2712 mo-

332 2763 454 2831 vet
520 2760 812 2839 visum,
892 2779 1078 2831 cum
1165 2759 1345 2851 plus
1432 2755 1871 2850 participet

335 2880 707 2948 naturam
784 2873 1016 2958 luciS,
1052 2879 1133 2949 et
1179 2875 1412 2948 color
1473 2874 1870 2946 obscurus

333 2990 614 3062 minus.

411 3107 688 3180 Tertio
764 3111 892 3182 est
958 3106 1392 3189 sciendum,
1458 3106 1666 3200 quod
1731 3105 1871 3178 ali-

332 3225 638 3315 quando
670 3226 763 3299 de
813 3228 1051 3299 nocte
1098 3223 1463 3297 videmus
1522 3223 1602 3296 in
1670 3224 1870 3297 coelo

332 3341 752 3431 quamdam
805 3340 1402 3435 apparentiam,
1451 3362 1626 3433 quae
1661 3341 1729 3414 si
1764 3340 1871 3414 sit

333 3462 501 3534 tota
544 3460 789 3532 rubea
827 3462 1177 3532 vocatur
1227 3463 1474 3541 hiatus,
1523 3459 1657 3530 sed
1689 3456 1758 3529 si
1793 3457 1871 3529 in

334 3576 587 3648 medio
627 3575 879 3650 fuerit
910 3575 1272 3667 nigredo,
1310 3579 1391 3648 et
1451 3573 1532 3646 in
1598 3571 1871 3646 lateri-

332 3689 468 3764 bus
534 3692 853 3775 rubedo,
926 3694 1114 3765 tunc
1148 3693 1490 3783 apparet
1529 3708 1868 3778 vorago.

336 3809 684 3880 Secundo
733 3807 1096 3880 videmus
1131 3806 1425 3888 Solem,
1461 3809 1541 3879 et
1590 3803 1877 3878 stellas

334 3924 798 4017 quandoque
850 3923 1154 4000 mutari
1220 3923 1312 3996 de
1379 3942 1537 3995 uno
1593 3920 1874 3995 colore

333 4038 408 4110 in
449 4041 724 4126 alium,
798 4042 1010 4115 sicut
1066 4040 1261 4114 dicit
1327 4039 1736 4120 Albertus,
1793 4041 1874 4111 et

333 4159 797 4251 quandoque
821 4160 1046 4231 Luna
1076 4160 1417 4250 apparet
1451 4152 1872 4246 sanguinei

333 4272 663 4356 coloris,
721 4275 932 4348 sicut
974 4274 1055 4346 in
1077 4271 1386 4366 eclipsi.

417 4396 723 4474 Quarto
764 4392 1043 4465 dicunt
1084 4389 1335 4482 aliqui
1383 4389 1590 4481 quod
1658 4387 1874 4460 audi·

332 4511 464 4579 tus
496 4514 622 4583 est
654 4530 904 4584 sonus
948 4509 1030 4581 in
1072 4528 1262 4581 aere
1303 4506 1476 4578 sine
1509 4504 1739 4586 nube,
1793 4506 1875 4577 et

336 4626 804 4720 quandoque
846 4646 939 4699 ac
974 4625 1045 4698 si
1102 4628 1321 4698 esset
1385 4643 1545 4696 vox
1596 4620 1873 4694 audita

334 4740 424 4811 de
466 4742 711 4814 caelis.
797 4744 987 4817 Istae
1058 4741 1316 4832 igitur
1383 4742 1572 4812 sunt
1632 4756 1874 4830 appa-

336 4856 644 4942 rentiae,
690 4879 1040 4953 quarum
1073 4877 1392 4938 causas,
1448 4860 1528 4930 et
1581 4854 1877 4928 modun

334 4975 884 5063 generationis
918 4973 1257 5068 inquirit
1289 4970 1630 5065 quaestio
1679 4989 1877 5078 prae-

335 5110 550 5163 senS.
592 5095 688 5168 Et
724 5093 877 5165 hoc
919 5093 1012 5165 de
1047 5090 1339 5184 primo.

476 5712 626 5763 Tom.
674 5710 741 5764 lv
816 5717 819 5719 “

2462 753 2892 811 ARTICULUS
2957 757 3024 812 11.

2324 940 2546 998 Causae
2595 939 3162 1014 appar-ontearum.

2065 1122 2179 1193 De
2215 1122 2585 1205 secundo,
2621 1123 2799 1196 dico
2825 1124 3031 1215 quod
3065 1122 3524 1197 materialis
3688 1125 3720 1174 3

3682 1189 3867 1239 Causa

1975 1257 2231 1310 causa
2305 1239 2771 1332 hujusmodi
2842 1241 3520 1333 apparentiarum
3554 1251 3870 1302 materialis

1977 1358 2249 1447 potest
2289 1377 2468 1426 esse
2507 1357 2825 1449 duplex,
2894 1356 3206 1430 scilicet
3261 1378 3524 1450 vapor
3552 1328 3870 1426 emti&

1975 1469 2344 1545 elevatus
2410 1472 2508 1543 ab
2570 1471 2753 1545 istis
2805 1472 3330 1546 inferioribus
3377 1494 3524 1566 per

1978 1587 2386 1661 actionem
2458 1589 2670 1663 Solis
2705 1611 2958 1682 usque
3017 1591 3111 1662 ad
3174 1590 3520 1664 mediam

1980 1705 2425 1794 regionem,
2467 1706 2771 1781 mixtus
2827 1706 3305 1798 aliqualiter
3392 1727 3521 1780 ex-

1979 1821 2378 1896 halationi
2421 1824 2724 1908 calidae,
2772 1830 2852 1899 et
2889 1825 3123 1898 siccae
3184 1825 3519 1909 adustae,

1977 1941 2058 2011 et
2103 1939 2390 2012 ibidem
2442 1939 2963 2030 ingrossatus
3000 1961 3143 2034 per
3215 1939 3524 2032 frigidi·

1980 2058 2238 2128 tatem
2309 2054 2588 2129 mediae
2671 2056 3061 2148 regionis.
3157 2058 3524 2131 Secunda

1979 2193 2231 2245 causa
2265 2175 2725 2249 materialis
2781 2178 3051 2267 potest
3100 2196 3278 2246 esse
3348 2193 3518 2258 aer,

1979 2310 2170 2364 nam
2215 2296 2836 2388 superveniente
2868 2294 3322 2387 frigiditate
3343 2316 3526 2369 noc-

1982 2407 2116 2491 tis,
2163 2429 2307 2482 aer
2364 2411 2952 2503 quodammodo
2997 2411 3522 2504 inspissatur,

1982 2534 2060 2602 et
2096 2526 2621 2617 ingrossatur
2657 2528 2736 2600 in
2768 2532 3083 2611 tantun,
3131 2529 3337 2622 quod
3372 2528 3529 2601 suf-

1980 2644 2205 2718 ficiat
2240 2645 2718 2737 rest-angere
2752 2646 3046 2730 lumen,
3072 2647 3203 2719 vel
3278 2646 3527 2720 etia-m

1986 2762 2433 2836 reflectere.
2473 2766 2573 2836 Et
2609 2766 2813 2855 quod
2859 2785 3002 2836 aer
3061 2769 3335 2858 potest
3414 2765 3530 2840 sic

1985 2878 2417 2971 inspissari
2450 2880 2958 2954 demonstrat
2982 2880 3365 2955 Albertus
3387 2901 3533 2975 per

1987 2995 2384 3086 quoddam
2467 2995 3146 3088 experimentum,
3211 3016 3400 3068 nam
3462 2998 3532 3070 si

1983 3112 2365 3206 capiatur
2402 3131 2547 3184 vas
2578 3112 2961 3196 vitreum,
3011 3112 3338 3206 plenum
3407 3134 3532 3187 ae·

1986 3250 2099 3311 re,
2167 3234 2247 3304 et
2329 3251 2419 3302 os
2480 3228 2655 3321 ejus
2729 3235 3086 3323 ponatur
3149 3230 3230 3301 in
3289 3249 3525 3321 aqua,

1983 3349 2173 3419 tunc
2205 3345 2297 3417 de
2318 3344 2442 3417 die
2497 3348 2921 3436 apparent,
2958 3341 3085 3413 vel
3146 3341 3528 3415 videntur

1985 3461 2348 3552 quaedam
2373 3458 2752 3552 ampullae
2770 3459 2999 3532 exire
3021 3479 3167 3551 per
3190 3478 3485 3549 aquam
3510 3483 3525 3541 ;

1987 3576 2120 3647 sed
2162 3577 2253 3649 de
2285 3579 2524 3648 nocte
2567 3579 2912 3667 apparot
2945 3594 3088 3647 aer
3139 3570 3220 3646 in
3263 3574 3534 3666 quiete

1988 3692 2160 3764 sine
2201 3692 2426 3765 exitu
2463 3689 2812 3781 alicujus
2858 3690 3049 3763 talis
3118 3691 3528 3782 ampullae,

1988 3810 2196 3901 quod
2272 3810 2444 3894 non'⁸
2522 3812 2762 3889 esset,
2828 3806 2987 3879 nisi
3045 3807 3136 3879 de
3212 3807 3336 3879 die
3393 3826 3536 3879 aer

1987 3929 2205 3999 esset
2241 3923 2503 4017 magis
2557 3922 3045 4006 rarefactuS,
3073 3926 3154 3996 et
3184 3923 3276 3994 de
3296 3926 3535 3995 nocte

1990 4042 2537 4133 ingrossatuS.
2592 4042 2695 4114 Et
2725 4038 2877 4113 hoc
2909 4040 3002 4113 de
3061 4059 3314 4112 causa
3373 4056 3534 4110 ma-

1990 4159 2207 4233 riali.
2830 4144 2845 4158 ’

2076 4278 2190 4349 De
2232 4292 2482 4349 causa
2548 4273 2973 4356 efficiente,
3070 4272 3247 4347 dico
3329 4273 3536 4364 quod

1990 4395 2328 4488 ponitur
2367 4412 2543 4465 esse
2586 4392 2920 4484 triplex,
2965 4411 3154 4463 nam
3218 4394 3344 4464 est
3412 4384 3537 4464 ca-

1991 4512 2118 4585 lor
2157 4510 2482 4584 elevans
2530 4526 2950 4599 vaporem,
3005 4506 3137 4578 vel
3213 4504 3539 4577 exhala-

1989 4628 2320 4702 tionem.
2360 4625 2717 4698 Secundo
2741 4627 2865 4696 est
2895 4622 3307 4714 frigiditas
3357 4642 3540 4695 con·

1988 4748 2332 4820 densa-ns
2365 4742 2597 4817 illum
2636 4760 3054 4833 vaporem,
3093 4745 3173 4815 et
3227 4740 3539 4832 ingros-

1992 4883 2207 4936 sans.
2248 4861 2393 4935 Sed
2422 4858 2675 4934 tertia
2734 4877 2985 4931 causa
3062 4861 3188 4931 est
3256 4857 3533 4949 aliqua

1992 4979 2258 5063 stella,
2291 4978 2418 5050 vel
2463 4976 2756 5068 aliquae
2810 4975 3072 5048 stellae
3138 4975 3532 5056 lucentes,

1993 5096 2513 5193 quarumlux
2563 5091 3077 5183 refrangitur
3144 5092 3224 5164 in
3291 5092 3540 5165 aliam

1992 5216 2454 5295 materiam,
2498 5215 2580 5284 et
2609 5208 2808 5283 facit
2827 5226 3233 5302 apparere
3294 5211 3542 5285 talem

1990 5334 2384 5409 colorem.
2436 5330 2644 5401 Nam
2733 5324 2801 5396 si
2874 5323 3228 5397 materia
3286 5322 3540 5395 fuerit

1991 5449 2272 5524 rarior
2296 5447 2376 5518 in
2417 5440 2836 5523 lateribuS,
2908 5442 2988 5513 et
3035 5438 3384 5532 spissior
3462 5436 3540 5510 in

1992 5564 2281 5648 mediO,
2307 5566 2502 5638 tunc
2524 5557 2873 5633 materia
2906 5553 3422 5628 illuminatur
3455 5554 3541 5626 in

3326 5674 3360 5727 e

3596 4303 3777 4355 Causa
3801 4299 3848 4354 ¹.

3592 4367 3850 4432 efficiem-
