4252 6393
114 970 309 1086 Egi-Qua

1528 428 1531 429 ⁷
1582 428 1624 475 '⁷'
1660 433 2020 511 QUAESTIO
2065 433 2198 496 Xlll
2293 433 2300 439 ’
2337 432 2350 440 ’

324 601 497 673 dum
571 599 838 697 ipsam
911 598 1030 671 illi
1092 602 1447 689 quatuor
1534 595 1868 670 termini

327 716 700 790 continue.
741 716 1488 809 proportionabiles
1515 718 1727 794 sunt,
1755 718 1863 795 31.

328 837 422 906 30.
481 837 725 930 8089.
754 836 864 907 35.
897 833 1177 915 millia,
1211 837 1367 907 900.
1413 837 1493 905 et
1530 835 1641 904 83.

355 1000 359 1005 -
408 952 553 1023 Sed
596 951 761 1024 ista
804 950 1076 1043 opinio
1106 955 1232 1025 est
1266 950 1497 1031 salsa,
1534 954 1621 1021 ut
1658 952 1869 1040 pate-

84 1117 153 1150 m
215 1103 312 1145 ‚nm
335 1069 554 1142 bitex
583 1068 1055 1161 quaestione,
1095 1068 1265 1140 ideo
1295 1066 1869 1159 sequiturcon-

102 1162 275 1213 continue

95 1225 317 1292 Wfflfo.
338 1185 580 1257 clusio
607 1185 792 1265 ista,
830 1184 1036 1276 quod
1058 1184 1459 1256 elementa
1490 1203 1648 1255 non
1683 1186 1871 1255 sunt

90 1290 242 1339 nabilia.

167 4613 222 4663 17.

335 1303 703 1397 continue
728 1300 1405 1396 proportionalia.
1434 1299 1864 1379 Probatur,

336 1422 506 1511 quia
567 1419 637 1491 si
682 1418 799 1491 ita
839 1423 1082 1499 esset,
1127 1420 1613 1509 sequeretur
1664 1415 1870 1507 quod

334 1558 562 1609 unum
604 1537 1103 1609 elementum
1154 1556 1315 1631 non
1358 1537 1636 1627 posset
1677 1552 1867 1621 aug-

333 1654 666 1727 mentari
732 1653 1046 1745 reliquo
1100 1672 1255 1724 non
1304 1654 1861 1742 augmentato,

331 1769 912 1862 Consequentia
933 1772 1179 1847 tenet,
1207 1787 1393 1839 nam
1435 1766 1622 1839 dato
1659 1766 1865 1857 quod

332 1908 559 1958 unum
595 1890 1306 1977 augmentaretur,
1344 1888 1424 1956 et
1460 1883 1863 1974 reliquum

328 2024 492 2084 non,
552 2002 909 2094 amplius
974 2021 1131 2073 non
1192 2005 1487 2079 essent,
1525 2019 1862 2092 propor‡

330 2122 653 2195 tionalia
682 2120 1066 2192 continue
1100 2145 1115 2189 :
1163 2117 1295 2189 sed
1330 2117 1648 2191 falsitas
1682 2138 1863 2190 con-

330 2239 725 2333 sequentis
789 2240 1213 2332 probatur,
1298 2236 1589 2328 primo,
1676 2236 1863 2327 quia

329 2356 780 2429 voluntarie
808 2360 1075 2448 potest
1100 2353 1401 2427 intendi
1463 2354 1695 2426 calor
1719 2374 1863 2446 per

329 2473 987 2553 combustionem,
1041 2476 1121 2545 et
1155 2491 1302 2564 per
1359 2490 1860 2563 consequens

331 2586 836 2677 augmentari
890 2589 1157 2677 potest
1211 2583 1448 2675 ignis,
1520 2582 1860 2675 reliquis

330 2703 740 2776 elementis
766 2702 1084 2793 frigidis
1111 2701 1745 2782 remanentibus,
1774 2706 1862 2775 ut

336 2820 569 2911 prius.
618 2820 977 2897 Secundo
1022 2823 1245 2910 patet
1280 2817 1626 2898 falsitas,
1675 2816 1863 2908 quia

333 2938 789 3028 quandoque
833 2935 1090 3008 multa
1141 2939 1373 3008 astra
1425 2933 1863 3023 frigefacta

332 3056 416 3126 ad
479 3055 822 3127 invicem
896 3054 1542 3145 conjunguntur;
1607 3052 1863 3143 igitur

332 3172 784 3266 proeodem
830 3176 1200 3264 tempore
1251 3171 1519 3263 major
1567 3175 1692 3244 est
1725 3168 1862 3241 fri-

332 3290 614 3377 giditas
658 3290 737 3361 in
790 3288 972 3361 istis
1019 3288 1571 3367 inferioribus,
1621 3307 1862 3379 quam

330 3407 479 3478 alio
525 3413 918 3499 tempore,
990 3411 1071 3480 et
1148 3427 1294 3499 per
1359 3385 1860 3496 consequens

332 3523 497 3615 plus
521 3525 612 3596 de
640 3524 1043 3597 elemento
1065 3523 1387 3618 frigide.
1425 3522 1700 3596 Tertio
1734 3543 1862 3615 pa-

330 3645 459 3721 tet,
527 3641 711 3732 quia
764 3641 1077 3732 quando
1150 3640 1284 3713 Sol
1354 3644 1480 3715 est
1538 3640 1914 3734 propin--

329 3757 566 3848 quior
592 3758 682 3830 ad
723 3763 1062 3837 terram,
1108 3761 1301 3830 tunc
1360 3759 1484 3829 est
1542 3756 1723 3848 plus
1772 3756 1863 3827 de

326 3874 741 3949 elementis
783 3873 1091 3953 calidis,
1142 3895 1235 3944 eo
1294 3873 1499 3964 quod
1554 3873 1688 3946 Sol
1739 3876 1864 3945 est

329 3992 846 4083 productivus
897 3989 1236 4072 caloris;
1291 3990 1522 4062 modo
1560 3990 1638 4061 in
1680 3990 1862 4080 hye-

330 4129 441 4180 me
471 4113 605 4180 est
636 4109 766 4181 Sol
815 4106 1354 4202 propinquior
1405 4108 1500 4179 ad
1548 4112 1863 4179 terram

336 4244 465 4315 per
508 4225 1023 4315 Astrologoffi
1057 4224 1313 4314 igitur
1336 4227 1526 4296 tunc
1559 4228 1862 4296 estma-

328 4340 457 4430 jor
485 4341 873 4421 caliditas,
938 4341 1308 4432 quamvis
1348 4362 1507 4412 non
1575 4340 1865 4412 sentia-

341 4462 491 4529 tur.
1672 4518 1679 4525 .

423 4577 766 4648 Secundo
820 4576 1208 4666 arguitur
1262 4574 1360 4645 ad
1416 4572 1862 4646 conclusio-

341 4713 538 4773 nem,
576 4714 775 4786 aqua
805 4698 931 4766 est
975 4692 1245 4764 minor
1297 4696 1559 4768 terra;
1608 4690 1865 4778 igitur

338 4810 741 4892 elementa,
788 4817 942 4885 etc.
980 4809 1575 4902 Consequentia
1618 4813 1860 4890 tenet,

343 4925 521 5015 quia
558 4928 618 4998 si
661 4932 932 5000 essent
982 4927 1362 5000 continue
1402 4927 1863 5020 proportio-

345 5041 579 5123 nalia,
613 5051 797 5117 tunc
833 5049 1134 5135 quanto
1192 5043 1403 5133 ignis
1445 5048 1660 5116 esset
1704 5064 1862 5114 ma-

338 5160 471 5250 jor
510 5182 711 5243 aere,
750 5183 895 5234 aer
936 5163 1205 5254 major
1246 5183 1480 5254 aqua,
1526 5167 1605 5234 et
1655 5182 1866 5253 aqua

346 5279 590 5347 terra.
642 5280 1136 5352 Antecedens
1200 5280 1621 5371 probatur,
1681 5278 1865 5369 quia

345 5409 543 5479 aqua
576 5398 646 5465 et
699 5398 931 5466 terra
998 5414 1158 5464 non
1223 5393 1465 5465 simul
1527 5396 1867 5465 causant

350 5506 733 5596 majorem
775 5509 1172 5590 umbram,
1221 5529 1460 5600 quam
1505 5514 1732 5582 terra
1784 5529 1869 5579 se

354 5622 519 5697 sola
552 5630 925 5714 causaret
969 5651 983 5702 ε
1034 5626 1292 5724 igitur
1322 5647 1530 5723 aqua
1556 5647 1715 5705 non
1746 5629 1870 5702 est

3434 426 3515 490 69

1984 596 2252 688 major
2312 600 2563 669 terra.
2625 589 3248 684 Consequentiav
3279 589 3525 667 tenet,

1985 714 2175 806 quia
2208 735 2252 785 a
2287 711 2586 806 majori
2644 730 2992 804 corpore
3039 710 3531 779 causaretur

1987 832 2254 925 major
2285 832 2599 904 umbra.
2638 832 2737 902 Et
2769 827 3246 902 antecedens
3281 830 3528 918 patet,

1986 951 2173 1042 quia
2209 971 2353 1043 per
2383 945 3124 1021 demonstrationes
3167 942 3531 1017 Astrolo-

1986 1067 2211 1158 gicas
2247 1069 2516 1159 potest
2560 1064 2757 1138 sciri
2800 1048 3216 1154 quantitas
3239 1059 3533 1132 diame-

1986 1185 2098 1258 tri
2134 1184 2372 1264 Solis,
2410 1186 2490 1255 et
2519 1180 2909 1273 distantia-
2943 1184 3190 1275 ter-rae
3226 1197 3268 1248 a
3303 1177 3525 1277 Sole}

1979 1301 2243 1393 igitur
2321 1288 2591 1393 potest
2687 1295 3035 1369 inveniri
3113 1287 3527 1386 quantitas

1979 1418 2362 1492 diametri
2410 1416 2716 1487 umbrae
2760 1419 3117 1488 causatae
3190 1413 3268 1487 in
3338 1413 3520 1507 loco

1984 1536 2227 1607 Lunae
2255 1534 2334 1605 in
2366 1532 2674 1625 eclipsi,
2713 1536 2792 1604 et
2820 1552 2961 1623 per
2983 1530 3186 1603 alias
3208 1531 3525 1603 demon-

1982 1652 2431 1725 strationes
2510 1651 2769 1744 possit
2841 1652 3037 1723 sciri
3108 1649 3523 1741 quantitas
3573 1730 3612 1751 ᾖ,
3726 1666 3735 1685 ’

1980 1771 2289 1841 umbrae
2321 1771 2411 1841 de
2444 1769 2662 1842 facto
2705 1774 3061 1842 causatae
3087 1767 3185 1838 ab
3215 1766 3423 1859 aqua
3445 1770 3526 1840 et
3772 1766 3780 1775 ’
3846 1752 3862 1777 ”

1980 1892 2208 1960 terra
2245 1888 2504 1959 'simul
2539 1888 2617 1960 in
2649 1887 2935 1980 eclipsi
2978 1888 3246 1969 Lunae,
3291 1890 3371 1959 et
3413 1878 3524 1957 inss

1979 2004 2354 2078 venietur
2406 2006 2611 2096 quod
2664 2005 2948 2076 umbra
2991 2024 3149 2076 una
3198 2023 3359 2075 non
3398 2006 3522 2075 esst

1980 2120 2237 2192 multo
2293 2121 2560 2212 major
2600 2120 2787 2191 alia.
2834 2121 3136 2202 Tertio,
3185 2140 3371 2191 nam
3406 2141 3519 2192 se-

1979 2240 2369 2328 queretur
2393 2238 2597 2328 quod
2623 2242 2797 2311 tota
2830 2241 3058 2311 terra
3088 2242 3303 2310 esset
3347 2237 3520 2309 sub-

1979 2374 2276 2427 mersa.
2323 2358 2838 2447 Consequens
2881 2358 3004 2427 est
3053 2350 3522 2444 contrajexss

1976 2470 3521 2563 perientiam.Probaturconsequentia‚

1977 2587 2166 2678 quia
2220 2587 2285 2658 si
2335 2587 2938 2677 imaginaretur
2987 2591 3299 2660 terram
3345 2609 3524 2660 esse

1975 2707 2215 2776 extra
2249 2704 2518 2776 locum
2571 2724 2833 2785 suum,
2890 2707 2971 2776 et
3006 2724 3302 2795 aquam
3341 2727 3521 2777 esse

1974 2821 2054 2892 in
2088 2824 2399 2901 centro,
2429 2826 2618 2894 tunc
2643 2821 2710 2892 si
2734 2826 2962 2894 terra
2979 2822 3519 2903 descenderet,

1975 2943 2411 3031 antequam
2445 2943 2817 3013 centrum
2858 2939 3033 3031 ejus
3076 2940 3307 3013 fieret
3347 2961 3523 3011 een·

1974 3061 2196 3130 trum
2249 3055 2545 3137 mundi,
2610 3055 2785 3147 ipsa
2845 3058 3021 3128 tota
3079 3059 3296 3128 esset
3348 3056 3522 3128 sub-

1972 3193 2271 3255 mersa,
2318 3193 2505 3248 cum
2549 3192 2759 3265 aqua
2811 3172 2919 3247 sit
2971 3172 3243 3267 major
3281 3154 3520 3255 easet

1970 3293 2061 3365 de
2094 3293 2312 3366 facto
2344 3313 2505 3390 non
2531 3291 2795 3363 minus
2822 3292 3514 3382 submergeretur,

1971 3430 2156 3483 cum
2191 3431 2581 3501 aquanon
2625 3410 2731 3483 sit
2755 3409 3025 3480 minor
3049 3429 3287 3501 quam
3327 3413 3518 3481 tunc

1969 3533 2210 3602 esset.
3506 3541 3510 3545 ’

2063 3687 2208 3758 Sed
2253 3689 2527 3778 posset
2567 3685 2746 3766 dici,
2795 3687 3001 3777 quod
3043 3689 3271 3758 terra.
3299 3686 3517 3779 poni-

1974 3807 2111 3876 tur
2137 3801 2367 3894 quasi
2393 3801 2538 3873 sub
2573 3821 2728 3872 una
2757 3805 2988 3893 parte
3011 3802 3272 3874 centri
3299 3789 3554 3873 mun?

1971 3919 2072 3998 di,
2107 3924 2188 3990 et
2222 3939 2432 4010 aqua
2474 3918 2625 3990 'sibi
2662 3922 2953 3991 contra
2988 3915 3378 4010 ponderat
3420 3919 3518 3991 ab
3603 3947 3611 3983 t
3645 3979 3648 3982 ,

1975 4036 2138 4107 alia
2170 4041 2428 4128 parte.

2068 4190 2213 4260 Sed
2255 4192 2571 4268 contra,
2633 4188 2822 4279 quia
2860 4188 3096 4271 sisic,
3147 4210 3516 4294 sequere7

1978 4311 2115 4380 tur
2147 4306 2353 4397 quod
2397 4325 2621 4378 mare
2670 4304 3049 4378 continue
3091 4306 3518 4398 profunda-

1978 4428 2213 4496 retur
2254 4443 2297 4493 a
2332 4426 2584 4508 terra.
2641 4425 3153 4514 Consequens
3204 4429 3329 4498 est
3379 4423 3518 4496 fal-

1981 4559 2185 4620 sum,
2251 4544 2339 4612 ut
2410 4542 2633 4631 patet
2701 4559 2844 4631 per
2895 4528 3513 4632 experientiam.

1981 4656 2364 4744 Secunde,
2395 4653 2583 4746 quia
2609 4659 2835 4727 terra
2858 4656 3356 4730 naturaliter
3386 4680 3520 4756 nar

1981 4775 2063 4844 ta
2095 4775 2220 4843 est
2274 4792 2450 4842 esse
2521 4773 2666 4843 sub
2734 4793 2978 4863 aqua;
3026 4773 3282 4864 igitur
3313 4795 3524 4866 aqua

1980 4908 2138 4958 non
2180 4890 2471 4960 contra
2520 4889 2911 4977 ponderat
2962 4890 3112 4963 sibi
3146 4892 3244 4963 ab
3285 4913 3524 4987 oppo—

1980 5001 2141 5074 sita
2173 5005 2431 5093 parte.

2068 5154 2370 5235 Tertio,
2418 5155 2606 5246 quia
2647 5162 3188 5248 aggregatum
3230 5182 3328 5233 ex
3370 5166 3528 5236 ter-

1985 5293 2075 5342 ra
2110 5277 2190 5343 et
2249 5291 2460 5362 aqua
2507 5293 2666 5344 non
2722 5279 2936 5348 esset
2995 5275 3520 5368 sphaericiim;

1983 5409 2484 5479 consequens
2539 5389 2860 5472 falsum,
2911 5392 3098 5482 quia.
3139 5394 3313 5484 ejus
3358 5417 3524 5467 um-

1982 5506 2130 5576 bra
2164 5512 2287 5578 est
2321 5506 2746 5597 sphaerica,
2785 5513 2872 5581 ut
2916 5513 3139 5600 patet
3174 5510 3252 5580 in
3286 5497 3524 5605 eclip-

1987 5626 2079 5699 si.
2106 5628 2206 5703 Et
2237 5629 2457 5714 patet
2482 5625 3058 5722 consequentia
3092 5634 3524 5729 postquam
