4252 6393
191 1292 254 1341 26.

165 1356 306 1403 Caum

120 1419 245 1464 realis
266 1433 360 1464 rea·

134 1478 163 1526 11‘
180 1480 348 1527 relano-

138 1555 186 1587 κε
205 1542 343 1601 reser-

1712 431 2072 511 QoAEsno
2113 432 2192 494 1v

365 593 496 663 aut
525 593 727 683 quod
762 593 1024 665 omnis
1067 595 1453 665 creatura
1493 596 1707 665 esset
1750 592 1895 665 Dei

364 706 651 798 imago,
725 709 852 781 vel
924 711 1017 781 ad
1063 709 1497 801 imaginem
1568 710 1711 781 Dei
1736 734 1752 791 ;
1820 711 1897 780 et

369 825 561 914 quod
628 826 1004 917 quaelibet
1069 830 1286 900 esset
1352 831 1685 908 aeterna,
1759 831 1900 900 aut

372 939 672 1021 saltem,
723 942 927 1032 quod
973 962 1249 1013 omnes
1313 942 1557 1014 simul
1598 947 1893 1023 essent,

379 1062 503 1129 aut
534 1058 732 1148 quod
767 1060 981 1130 Deus
1012 1079 1153 1130 eas
1195 1080 1355 1133 non
1399 1059 1665 1151 potuit
1696 1060 1898 1132 face-

385 1193 461 1244 re
482 1171 734 1243 simul.

461 1292 675 1370 Item,
750 1290 1014 1363 omnis
1090 1312 1337 1365 causa
1404 1290 1901 1365 naturaliter

381 1406 833 1496 producens,
900 1408 1101 1479 reali
1175 1409 1572 1481 relatione
1652 1409 1897 1479 refer-

386 1526 502 1593 tur
541 1523 631 1595 ad
672 1525 1195 1615 productum;
1246 1526 1537 1598 relatio
1595 1531 1893 1607 autem,

171 1613 241 1651 tur
262 1604 318 1651 od
429 1640 441 1651 .

149 1667 348 1727 effectam.

388 1663 446 1711 sl
480 1644 594 1712 est
662 1640 936 1721 realis,
1009 1643 1204 1716 dicit
1256 1644 1561 1715 realem
1618 1644 1896 1737 depen-

388 1755 731 1836 dentiam,
808 1759 941 1830 sed
984 1759 1486 1851 impossibile
1518 1764 1641 1832 est
1694 1761 1897 1852 quod

388 1873 574 1943 Deus
606 1873 940 1947 realiter
1005 1876 1438 1967 dependeat
1499 1896 1545 1947 a
1590 1896 1677 1947 re
1720 1897 1897 1968 pro-

388 1988 619 2062 ducta.

468 2105 675 2185 Item,
730 2107 1064 2198 quilibet
1096 2107 1433 2181 effectus
1467 2107 1707 2181 habet
1741 2113 1896 2181 sta-

388 2219 779 2303 bilitatem,
896 2228 974 2296 et
1079 2224 1689 2298 durabilitatem
1778 2248 1898 2296 se-

389 2336 700 2408 cundum
809 2341 1231 2430 aspectum
1349 2361 1513 2411 suae
1633 2361 1898 2413 causae

391 2452 785 2534 naturalis,
859 2453 1212 2525 maxime
1290 2455 1381 2525 ad
1464 2455 1754 2547 ipsum,
1819 2461 1898 2530 et

394 2573 791 2642 secundum
909 2570 1476 2644 actualitatem
1584 2595 1894 2655 causae,

396 2693 468 2762 ut
527 2689 786 2760 lumen
889 2687 1127 2761 habet
1235 2689 1772 2762 stabilitatem
1853 2712 1899 2761 a

392 2804 572 2883 Sole,
654 2809 734 2878 et
791 2804 1107 2877 fructus
1192 2805 1291 2875 ab
1362 2805 1898 2895 a1¹bore;igi-

393 2924 509 2991 tur
560 2941 738 2995 cum
792 2925 1092 2993 natura
1148 2921 1419 2993 divina
1490 2921 1592 2993 sit
1627 2927 1897 2995 actua-

392 3036 674 3110 lissima
766 3043 844 3112 et
913 3043 1247 3120 aeterna,
1333 3039 1595 3110 omnis
1672 3042 1898 3112 effec-

386 3158 497 3226 tus
550 3155 642 3226 ab
700 3177 793 3229 ea
856 3158 1320 3249 procedens,
1384 3161 1599 3230 esset
1668 3161 1898 3230 {ntor-

384 3291 536 3353 nus,
604 3277 682 3345 et
742 3273 1071 3346 haberet
1141 3273 1713 3346 necessitatem
1782 3297 1898 3347 es-

380 3390 628 3461 sendi:
704 3390 907 3479 quod
976 3395 1100 3463 est
1189 3396 1481 3464 contra.
1569 3393 1898 3465 Avicen-

377 3525 568 3587 nam,
615 3508 989 3597 quidieit,
1038 3510 1242 3598 quod
1276 3513 1655 3581 creatura
1689 3512 1779 3582 (le
1815 3533 1897 3582 se

375 3624 485 3692 est
538 3620 948 3712 possibilis
984 3641 1143 3692 non
1183 3643 1384 3692 esse.

452 3738 660 3818 Quod
701 3759 861 3809 non
903 3740 1389 3811 necessitate
1446 3741 1895 3815 voluntatis

116 3859 547 3943 ·quae,2‚2agat
589 3858 1002 3927 ostensum
1044 3861 1245 3939 est',
1317 3860 1394 3928 ot
1459 3859 1705 3931 etiam
1767 3881 1896 3952 pa·

107 3953 145 3988 n.
172 3943 235 3992 2¹3.
259 3949 355 3998 etin

109 4000 348 4070 aequm·
380 3972 501 4043 tet.
545 3974 720 4043 Non
762 3973 976 4044 enim
1018 3975 1507 4047 necessitate
1550 3977 1896 4048 coactio—

165 4081 207 4115 n.
226 4070 289 4121 10.

377 4085 510 4168 niS,
554 4109 724 4179 quae
769 4088 849 4159 in
889 4091 1142 4160 Deum
1185 4091 1468 4161 cadere
1536 4112 1695 4164 non
1768 4114 1894 4184 po-

373 4204 541 4275 test.
575 4206 790 4277 Tune
832 4205 990 4286 sic;
1033 4205 1412 4277 Videmus
1443 4207 1894 4299 appetitum

381 4323 665 4394 moveri
741 4324 842 4395 ab
936 4315 1540 4416 appetibilibus,
1624 4349 1895 4399 secun-

377 4435 540 4508 dum
597 4441 802 4530 quod
877 4439 956 4510 in
1024 4439 1139 4511 eis
1209 4439 1623 4513 invenitur
1679 4446 1893 4517 ratio

381 4554 842 4644 appetibilis.
910 4556 1079 4627 Hoc
1137 4555 1500 4628 videmus
1572 4557 1652 4629 in
1713 4561 1892 4631 bru-

380 4666 494 4746 tis,
532 4670 711 4760 quia.
757 4671 1189 4742 secundum
1242 4674 1447 4764 quod
1506 4674 1893 4766 imagina-

381 4781 574 4856 tione
667 4808 804 4858 seu
900 4787 1469 4869 aestimatione,
1565 4812 1892 4884 perpen-

382 4898 551 4974 dunt
601 4903 1000 4974 rationem
1042 4903 1528 4995 appetibilis,
1595 4909 1891 5001 majori

386 5014 705 5108 impulsu
796 5023 1250 5092 moventur.
1348 5022 1435 5091 In
1523 5026 1889 5116 appetitu

380 5131 599 5205 etiam
633 5134 1019 5207 rationali
1057 5135 1421 5218 dicimus,
1469 5141 1674 5229 quod
1704 5143 1889 5233 quia

380 5249 659 5323 nullum
700 5253 996 5324 bonum
1057 5252 1589 5324 terminatum
1654 5256 1888 5330 habet

380 5365 753 5439 rationem
789 5367 1126 5440 totalem
1171 5369 1889 5464 a.ppetibilis(quia

376 5480 507 5554 etsi
600 5484 817 5555 sorte
943 5484 1267 5575 aliquod
1354 5486 1886 5560 terminatum

374 5593 548 5670 nihil
587 5599 827 5672 habet
875 5598 1090 5680 mali,
1129 5620 1291 5671 non
1336 5603 1606 5674 tamen
1650 5603 1887 5676 habet

3430 425 3549 489 313

2015 592 2420 665 rationem
2464 590 2726 663 omnis
2801 588 2991 661 boni
3021 590 3047 679 )
3077 605 3238 659 non
3281 606 3556 659 neces-

2012 708 2237 781 sario
2308 712 2708 792 movetur,
2798 706 3042 778 aliter
3102 707 3376 777 tamen
3433 705 3558 775 est

2010 829 2101 900 de
2170 826 2591 897 voluntate
2631 821 2801 898 Dei.
2881 823 3101 894 Unde
3188 818 3556 901 dicimus,

2014 945 2220 1036 quod
2295 942 2676 1014 voluntas
2737 936 3202 1014 necessario
3246 936 3558 1031 appetit

2011 1059 2594 1133 beatitudinem
2689 1058 2897 1130 sicut
2974 1056 3238 1127 finem.
3337 1053 3558 1124 Unde

2016 1181 2357 1267 August.
2406 1180 2512 1248 13.
2549 1178 2630 1245 de
2677 1178 2919 1243 Trinit.
2993 1198 3140 1263 cap.
3175 1175 3241 1244 5.
3305 1169 3552 1244 dicit:

2017 1298 2254 1362 Omnes
2346 1295 2518 1360 beati
2574 1315 2708 1359 esse
2772 1293 3023 1371 volunt,
3089 1290 3287 1378 idque
3353 1309 3558 1355 imum

2011 1412 2481 1477 ardentissime
2553 1418 2896 1496 appetunt,
2982 1418 3041 1471 et
3103 1415 3382 1492 propter
3438 1405 3557 1470 hoc

2011 1539 2247 1594 coelera
2286 1546 2700 1614 quma-umque
2754 1533 3094 1611 appetunt.

2106 1644 2223 1713 Ex
2270 1639 2680 1734 praedictis
2727 1640 2976 1730 patet,
3025 1633 3231 1726 quod
3290 1634 3386 1705 ad
3427 1653 3556 1704 ex-

2012 1766 2145 1835 tra
2187 1759 2387 1832 nihil
2420 1763 2611 1849 agat
2643 1760 2856 1830 Deus
2888 1756 2980 1827 de
3029 1751 3552 1831 necessitate;

2012 1899 2157 1949 nec
2209 1875 2700 1949 necessitate
2753 1885 3035 1950 naeuroe,
3101 1890 3275 1962 quae
3329 1854 3602 1960 ponif'¹

2014 1994 2093 2066 in
2155 1999 2442 2083 agente
2504 1986 3156 2084 dependentiam;
3218 2006 3365 2057 nee
3427 2004 3556 2056 ne-

2014 2110 2400 2183 cessitate
2434 2110 2814 2186 coactioni3‚
2853 2126 3026 2196 quae
3051 2123 3301 2194 agens
3325 2104 3556 2175 natu-

2018 2229 2213 2309 rale,
2269 2232 2348 2299 et
2411 2223 2969 2297 voluntarium
3040 2223 3333 2293 eontra
3378 2236 3558 2310 pro-

2015 2348 2282 2440 priam
2356 2341 2967 2417 inclinationem
3059 2358 3203 2431 per
3259 2335 3559 2408 violen-

2015 2463 2213 2536 tiam
2264 2459 2624 2538 inclinat,
2663 2455 2869 2548 quod
2912 2455 2990 2527 in
3024 2457 3190 2526 Deo
3225 2473 3383 2524 non
3426 2472 3559 2544 po-

2015 2581 2176 2653 test
2218 2599 2419 2658 esse,
2458 2593 2642 2648 cum
2685 2572 2791 2644 sit
2825 2570 3151 2643 omnino
3189 2568 3556 2661 impassi-

2013 2694 2197 2767 bilis
2273 2697 2352 2765 et
2418 2690 2966 2782 omnipotens;
3019 2704 3164 2757 nec
3214 2683 3557 2756 necessi-

2015 2817 2183 2885 tate
2254 2811 2840 2886 immutabilitati&
2915 2824 3089 2896 (111ae
3159 2804 3556 2876 virtutem

2014 2934 2388 3020 agentem
2434 2923 2923 3017 simpliciter
2984 2921 3064 2993 in
3126 2924 3400 2993 actum
3469 2919 3558 2991 li-

2016 3051 2193 3137 gat,
2250 3044 2457 3137 quod
2506 3064 2665 3116 non
2721 3045 2988 3135 potest
3041 3039 3335 3118 faeere,
3401 3035 3558 3108 nisi

2012 3163 2197 3235 finis
2234 3161 2748 3253 simpliciter.
2797 3160 2896 3230 Et
2931 3155 3059 3228 hic
3105 3158 3230 3228 est
3261 3152 3558 3227 articu-

2016 3281 2140 3350 lus
2174 3279 2751 3352 condemnatus
2780 3295 2825 3344 a
2857 3271 3203 3345 Domino
3231 3268 3560 3361 Stepha-

2014 3419 2117 3469 no
2165 3396 2565 3487 Episcopo
2603 3387 3084 3468 parisiensi,
3134 3386 3270 3478 qui
3307 3385 3502 3458 dicit
3538 3409 3552 3464 ;

2013 3518 2221 3580 Deum
2253 3535 2503 3581 necesse
2543 3513 2792 3596 facere,
2846 3507 3177 3596 quidquid
3208 3505 3558 3571 immedia-

2014 3644 2073 3698 te
2118 3632 2308 3718 facit,
2364 3650 2555 3695 error
2601 3638 2717 3692 esc.
2763 3626 2877 3695 De
2930 3621 3029 3693 iis
3098 3619 3312 3691 enim
3383 3640 3556 3710 quae

3681 1621 3766 1677 27.

3627 3555 3758 3604 Vide
3785 3555 3878 3604 hos

3618 3618 3879 3667 articulos

3654 3679 3712 3727 in
3769 3682 3879 3743 fine

2014 3748 2209 3819 facit
2271 3765 2415 3837 per
2472 3741 2798 3830 agentia
2856 3742 3161 3818 creata,
3224 3757 3555 3808 concor·
3610 3740 3869 3806 Mastistri

3633 3811 3858 3854 sentent.

2011 3866 2202 3936 dant
2238 3857 2735 3951 Philosophi,
2781 3860 2861 3929 et
2913 3855 3318 3928 Avicenna
3367 3873 3552 3925 cum
3606 3873 3875 3914 vestusta-

3629 3942 3759 3976 rum
3791 3930 3902 3977 im-

2012 3979 2481 4058 Catholicis,
2575 3975 2779 4067 quod
2847 3993 3005 4045 non
3085 3970 3552 4043 necessario
3611 3988 3849 4051 pressio-

2012 4098 2153 4169 illa
2201 4097 2616 4189 producat.

2394 4424 2642 4481 ARTIC.
2711 4424 2781 4478 11.
2869 4422 3070 4477 SECT.
3147 4421 3217 4477 V.

2017 4609 2321 4685 Qualiter
2379 4607 2580 4671 sinml
2635 4628 2781 4671 cum
2841 4606 3380 4674 immutabilitate
3445 4630 3554 4674 vo-

2098 4723 2404 4801 luntati-5,
2462 4733 2524 4786 ec
2564 4723 3060 4806 infallibilitate
3111 4725 3555 4809 proescicntiae

2096 4839 2370 4915 clioince,
2447 4838 2655 4921 possit
2714 4858 2847 4903 esse
2917 4839 2990 4904 in
3048 4838 3238 4904 rebus
3312 4840 3554 4904 creatis

2092 4945 2567 5030 cont-inqenlia.

2094 5139 2334 5212 Circa
2377 5138 2789 5229 quintun1;
2839 5139 3193 5230 qualiter
3239 5140 3546 5214 contin-

2006 5254 2281 5345 gontia¹
2349 5275 2623 5324 rerum
2679 5255 2920 5326 simul
2994 5261 3217 5329 stare
3287 5257 3546 5348 possit

2004 5392 2189 5444 cum
2216 5373 2720 5453 'aeternitatm
2766 5378 2844 5445 et
2879 5373 3544 5447 immutabilitate

2004 5491 2238 5558 actus
2309 5488 2757 5561 veluntatis
2826 5489 3138 5572 divinae,
3212 5493 3292 5563 et
3359 5512 3541 5563 cum

2004 5604 2493 5677 certitudine
2554 5605 3071 5700 ‘praevisionis
3112 5607 3311 5697 ejuS.

3660 4066 3813 4101 stum.

3702 5179 3782 5227 28.
