<?xml version="1.0" encoding="UTF-8"?>
<!DOCTYPE html PUBLIC "-//W3C//DTD XHTML 1.0 Transitional//EN"
    "http://www.w3.org/TR/xhtml1/DTD/xhtml1-transitional.dtd">
<html xmlns="http://www.w3.org/1999/xhtml" xml:lang="en" lang="en">
 <head>
  <title>
</title>
<meta http-equiv="Content-Type" content="text/html;charset=utf-8" />
  <meta name='ocr-system' content='tesseract 3.04.00' />
  <meta name='ocr-capabilities' content='ocr_page ocr_carea ocr_par ocr_line ocrx_word'/>
</head>
<body>
  <div class='ocr_page' id='page_1' title='image "./joannisdunsscot03waddgoog_0707.png"; bbox 0 0 4252 6393; ppageno 0'>
   <div class='ocr_carea' id='block_1_1' title="bbox 1681 420 2225 498">
    <p class='ocr_par' dir='ltr' id='par_1_1' title="bbox 1681 420 2225 498">
     <span class='ocr_line' id='line_1_1' title="bbox 1681 420 2225 498; baseline -0.002 -14"><span class='ocrx_word' id='word_1_1' title='bbox 1681 420 2044 498; x_wconf 82' lang='lat' dir='ltr'>QUAESTlO</span> <span class='ocrx_word' id='word_1_2' title='bbox 2092 423 2225 484; x_wconf 71' lang='lat' dir='ltr'>xx}</span> 
     </span>
    </p>
   </div>
   <div class='ocr_carea' id='block_1_2' title="bbox 244 579 1794 2310">
    <p class='ocr_par' dir='ltr' id='par_1_2' title="bbox 244 579 1793 2171">
     <span class='ocr_line' id='line_1_2' title="bbox 244 579 1787 673; baseline -0.002 -18"><span class='ocrx_word' id='word_1_3' title='bbox 244 579 571 655; x_wconf 88' lang='lat' dir='ltr'>instanti</span> <span class='ocrx_word' id='word_1_4' title='bbox 620 580 825 653; x_wconf 85' lang='lat' dir='ltr'>reali</span> <span class='ocrx_word' id='word_1_5' title='bbox 881 580 1235 673; x_wconf 88' lang='lat' dir='ltr'>positivo</span> <span class='ocrx_word' id='word_1_6' title='bbox 1284 579 1787 663; x_wconf 81' lang='lat' dir='ltr'>indivisibili,</span> 
     </span>
     <span class='ocr_line' id='line_1_3' title="bbox 249 698 1791 793; baseline -0.001 -24"><span class='ocrx_word' id='word_1_7' title='bbox 249 699 443 790; x_wconf 89' lang='lat' dir='ltr'>quod</span> <span class='ocrx_word' id='word_1_8' title='bbox 478 698 823 773; x_wconf 88' lang='lat' dir='ltr'>sitaliud</span> <span class='ocrx_word' id='word_1_9' title='bbox 848 718 894 769; x_wconf 86' lang='lat' dir='ltr'>a</span> <span class='ocrx_word' id='word_1_10' title='bbox 932 699 1303 791; x_wconf 88' lang='lat' dir='ltr'>partibus</span> <span class='ocrx_word' id='word_1_11' title='bbox 1341 698 1743 791; x_wconf 84' lang='lat' dir='ltr'>temporis</span> <span class='ocrx_word' id='word_1_12' title='bbox 1774 736 1791 793; x_wconf 73' lang='lat'><em>3</em></span> 
     </span>
     <span class='ocr_line' id='line_1_4' title="bbox 248 812 1789 906; baseline 0 -24"><span class='ocrx_word' id='word_1_13' title='bbox 248 814 368 884; x_wconf 87' lang='lat' dir='ltr'>sed</span> <span class='ocrx_word' id='word_1_14' title='bbox 409 837 544 881; x_wconf 77' lang='lat' dir='ltr'>esse</span> <span class='ocrx_word' id='word_1_15' title='bbox 577 813 784 905; x_wconf 86' lang='lat' dir='ltr'>quod</span> <span class='ocrx_word' id='word_1_16' title='bbox 833 817 955 886; x_wconf 89' lang='lat' dir='ltr'>est</span> <span class='ocrx_word' id='word_1_17' title='bbox 1012 814 1230 886; x_wconf 90' lang='lat' dir='ltr'>reale</span> <span class='ocrx_word' id='word_1_18' title='bbox 1272 812 1789 906; x_wconf 88' lang='lat' dir='ltr'>principium,</span> 
     </span>
     <span class='ocr_line' id='line_1_5' title="bbox 246 928 1793 1023; baseline 0.001 -24"><span class='ocrx_word' id='word_1_19' title='bbox 246 929 361 1001; x_wconf 86' lang='lat' dir='ltr'>vel</span> <span class='ocrx_word' id='word_1_20' title='bbox 406 928 588 1001; x_wconf 85' lang='lat' dir='ltr'>finis</span> <span class='ocrx_word' id='word_1_21' title='bbox 632 930 1057 1023; x_wconf 74' lang='lat' dir='ltr'>temporiS,</span> <span class='ocrx_word' id='word_1_22' title='bbox 1105 934 1230 1003; x_wconf 91' lang='lat' dir='ltr'>est</span> <span class='ocrx_word' id='word_1_23' title='bbox 1268 949 1457 1023; x_wconf 84' lang='lat' dir='ltr'>pars</span> <span class='ocrx_word' id='word_1_24' title='bbox 1495 934 1793 1022; x_wconf 88' lang='lat' dir='ltr'>tempo-</span> 
     </span>
     <span class='ocr_line' id='line_1_6' title="bbox 249 1045 1787 1139; baseline -0.001 -20"><span class='ocrx_word' id='word_1_25' title='bbox 249 1049 377 1130; x_wconf 81' lang='lat' dir='ltr'>riS,</span> <span class='ocrx_word' id='word_1_26' title='bbox 447 1066 618 1139; x_wconf 84' lang='lat' dir='ltr'>quae</span> <span class='ocrx_word' id='word_1_27' title='bbox 646 1068 793 1139; x_wconf 87' lang='lat' dir='ltr'>pro</span> <span class='ocrx_word' id='word_1_28' title='bbox 831 1052 1059 1121; x_wconf 90' lang='lat' dir='ltr'>tanto</span> <span class='ocrx_word' id='word_1_29' title='bbox 1093 1052 1217 1121; x_wconf 88' lang='lat' dir='ltr'>cst</span> <span class='ocrx_word' id='word_1_30' title='bbox 1255 1045 1787 1128; x_wconf 84' lang='lat' dir='ltr'>indivisibilis,</span> 
     </span>
     <span class='ocr_line' id='line_1_7' title="bbox 248 1164 1793 1258; baseline -0.002 -22"><span class='ocrx_word' id='word_1_31' title='bbox 248 1186 384 1257; x_wconf 87' lang='lat' dir='ltr'>pro</span> <span class='ocrx_word' id='word_1_32' title='bbox 429 1170 732 1257; x_wconf 89' lang='lat' dir='ltr'>quanto</span> <span class='ocrx_word' id='word_1_33' title='bbox 776 1169 1095 1258; x_wconf 88' lang='lat' dir='ltr'>tempus</span> <span class='ocrx_word' id='word_1_34' title='bbox 1139 1169 1261 1237; x_wconf 89' lang='lat' dir='ltr'>est</span> <span class='ocrx_word' id='word_1_35' title='bbox 1335 1164 1518 1256; x_wconf 85' lang='lat' dir='ltr'>quid</span> <span class='ocrx_word' id='word_1_36' title='bbox 1558 1168 1793 1237; x_wconf 88' lang='lat' dir='ltr'>natu-</span> 
     </span>
     <span class='ocr_line' id='line_1_8' title="bbox 247 1280 1790 1356; baseline -0.002 -4"><span class='ocrx_word' id='word_1_37' title='bbox 247 1282 410 1354; x_wconf 90' lang='lat' dir='ltr'>rale</span> <span class='ocrx_word' id='word_1_38' title='bbox 458 1308 471 1351; x_wconf 93' lang='lat'>:</span> <span class='ocrx_word' id='word_1_39' title='bbox 519 1282 712 1355; x_wconf 91' lang='lat' dir='ltr'>etin</span> <span class='ocrx_word' id='word_1_40' title='bbox 758 1282 974 1354; x_wconf 92' lang='lat' dir='ltr'>omni</span> <span class='ocrx_word' id='word_1_41' title='bbox 1020 1282 1380 1356; x_wconf 88' lang='lat' dir='ltr'>naturali</span> <span class='ocrx_word' id='word_1_42' title='bbox 1430 1285 1551 1351; x_wconf 90' lang='lat' dir='ltr'>est</span> <span class='ocrx_word' id='word_1_43' title='bbox 1598 1280 1790 1352; x_wconf 88' lang='lat' dir='ltr'>dare</span> 
     </span>
     <span class='ocr_line' id='line_1_9' title="bbox 247 1396 1791 1490; baseline 0 -21"><span class='ocrx_word' id='word_1_44' title='bbox 247 1398 690 1479; x_wconf 88' lang='lat' dir='ltr'>minimum,</span> <span class='ocrx_word' id='word_1_45' title='bbox 749 1399 1114 1490; x_wconf 89' lang='lat' dir='ltr'>quodest</span> <span class='ocrx_word' id='word_1_46' title='bbox 1159 1398 1366 1479; x_wconf 86' lang='lat' dir='ltr'>finis,</span> <span class='ocrx_word' id='word_1_47' title='bbox 1431 1402 1510 1470; x_wconf 89' lang='lat' dir='ltr'>et</span> <span class='ocrx_word' id='word_1_48' title='bbox 1557 1396 1791 1469; x_wconf 89' lang='lat' dir='ltr'>mini-</span> 
     </span>
     <span class='ocr_line' id='line_1_10' title="bbox 248 1512 1792 1609; baseline -0.002 -22"><span class='ocrx_word' id='word_1_49' title='bbox 248 1536 484 1594; x_wconf 88' lang='lat' dir='ltr'>mum,</span> <span class='ocrx_word' id='word_1_50' title='bbox 526 1515 732 1606; x_wconf 87' lang='lat' dir='ltr'>quod</span> <span class='ocrx_word' id='word_1_51' title='bbox 764 1519 888 1589; x_wconf 88' lang='lat' dir='ltr'>est</span> <span class='ocrx_word' id='word_1_52' title='bbox 927 1515 1439 1609; x_wconf 88' lang='lat' dir='ltr'>principium,</span> <span class='ocrx_word' id='word_1_53' title='bbox 1478 1518 1553 1586; x_wconf 91' lang='lat' dir='ltr'>et</span> <span class='ocrx_word' id='word_1_54' title='bbox 1592 1512 1792 1585; x_wconf 83' lang='lat' dir='ltr'>nihi-</span> 
     </span>
     <span class='ocr_line' id='line_1_11' title="bbox 248 1632 1789 1725; baseline -0.003 -21"><span class='ocrx_word' id='word_1_55' title='bbox 248 1632 594 1704; x_wconf 79' lang='lat' dir='ltr'>lominus</span> <span class='ocrx_word' id='word_1_56' title='bbox 635 1652 825 1725; x_wconf 88' lang='lat' dir='ltr'>pars</span> <span class='ocrx_word' id='word_1_57' title='bbox 864 1632 1006 1704; x_wconf 90' lang='lat' dir='ltr'>rei.</span> <span class='ocrx_word' id='word_1_58' title='bbox 1037 1634 1137 1704; x_wconf 81' lang='lat' dir='ltr'>L&#39;t</span> <span class='ocrx_word' id='word_1_59' title='bbox 1165 1635 1437 1704; x_wconf 88' lang='lat' dir='ltr'>autem</span> <span class='ocrx_word' id='word_1_60' title='bbox 1477 1632 1789 1705; x_wconf 87' lang='lat' dir='ltr'>instans</span> 
     </span>
     <span class='ocr_line' id='line_1_12' title="bbox 244 1748 1791 1841; baseline 0.001 -24"><span class='ocrx_word' id='word_1_61' title='bbox 244 1748 423 1820; x_wconf 87' lang='lat' dir='ltr'>dicit</span> <span class='ocrx_word' id='word_1_62' title='bbox 485 1748 999 1840; x_wconf 86' lang='lat' dir='ltr'>principium,</span> <span class='ocrx_word' id='word_1_63' title='bbox 1044 1748 1170 1821; x_wconf 79' lang='lat' dir='ltr'>vel</span> <span class='ocrx_word' id='word_1_64' title='bbox 1208 1749 1444 1820; x_wconf 82' lang='lat' dir='ltr'>finem</span> <span class='ocrx_word' id='word_1_65' title='bbox 1489 1752 1791 1841; x_wconf 88' lang='lat' dir='ltr'>tempo·</span> 
     </span>
     <span class='ocr_line' id='line_1_13' title="bbox 248 1864 1785 1948; baseline 0.001 -14"><span class='ocrx_word' id='word_1_66' title='bbox 248 1865 353 1936; x_wconf 88' lang='lat' dir='ltr'>ris</span> <span class='ocrx_word' id='word_1_67' title='bbox 424 1864 1035 1948; x_wconf 75' lang='lat' dir='ltr'>indivisibilem,</span> <span class='ocrx_word' id='word_1_68' title='bbox 1108 1887 1267 1937; x_wconf 93' lang='lat' dir='ltr'>non</span> <span class='ocrx_word' id='word_1_69' title='bbox 1344 1871 1469 1940; x_wconf 90' lang='grc' dir='ltr'>οε1</span> <span class='ocrx_word' id='word_1_70' title='bbox 1546 1864 1785 1948; x_wconf 88' lang='lat' dir='ltr'>aliud,</span> 
     </span>
     <span class='ocr_line' id='line_1_14' title="bbox 248 1981 1793 2073; baseline 0.001 -22"><span class='ocrx_word' id='word_1_71' title='bbox 248 2000 476 2072; x_wconf 86' lang='lat' dir='ltr'>quam</span> <span class='ocrx_word' id='word_1_72' title='bbox 532 1981 891 2073; x_wconf 73' lang='lat' dir='ltr'>privatio</span> <span class='ocrx_word' id='word_1_73' title='bbox 953 1982 1426 2064; x_wconf 52' lang='lat' dir='ltr'>anterioris</span> <span class='ocrx_word' id='word_1_74' title='bbox 1490 1981 1616 2054; x_wconf 93' lang='lat' dir='ltr'>vel</span> <span class='ocrx_word' id='word_1_75' title='bbox 1679 1982 1793 2053; x_wconf 88' lang='lat' dir='ltr'>ul-</span> 
     </span>
     <span class='ocr_line' id='line_1_15' title="bbox 251 2097 1094 2171; baseline -0.001 -1"><span class='ocrx_word' id='word_1_76' title='bbox 251 2097 576 2170; x_wconf 86' lang='lat' dir='ltr'>terioris</span> <span class='ocrx_word' id='word_1_77' title='bbox 608 2097 1094 2171; x_wconf 72' lang='lat' dir='ltr'>durationis,</span> 
     </span>
    </p>

    <p class='ocr_par' dir='ltr' id='par_1_3' title="bbox 335 2216 1794 2310">
     <span class='ocr_line' id='line_1_16' title="bbox 335 2216 1794 2310; baseline -0.001 -21"><span class='ocrx_word' id='word_1_78' title='bbox 335 2217 411 2289; x_wconf 79' lang='lat' dir='ltr'>Si</span> <span class='ocrx_word' id='word_1_79' title='bbox 447 2216 703 2291; x_wconf 87' lang='lat' dir='ltr'>adhuc</span> <span class='ocrx_word' id='word_1_80' title='bbox 740 2216 1199 2310; x_wconf 86' lang='lat' dir='ltr'>objiciatur,</span> <span class='ocrx_word' id='word_1_81' title='bbox 1240 2219 1443 2310; x_wconf 83' lang='lat' dir='ltr'>qnod</span> <span class='ocrx_word' id='word_1_82' title='bbox 1483 2218 1794 2291; x_wconf 89' lang='lat' dir='ltr'>instans</span> 
     </span>
    </p>
   </div>
   <div class='ocr_carea' id='block_1_3' title="bbox 178 2320 1797 2426">
    <p class='ocr_par' dir='ltr' id='par_1_4' title="bbox 178 2320 1797 2426">
     <span class='ocr_line' id='line_1_17' title="bbox 178 2320 1797 2426; baseline 0.006 -27"><span class='ocrx_word' id='word_1_83' title='bbox 178 2320 201 2349; x_wconf 73' lang='lat'>&#39;‘</span> <span class='ocrx_word' id='word_1_84' title='bbox 250 2331 452 2405; x_wconf 81' lang='lat' dir='ltr'>‹lica-t</span> <span class='ocrx_word' id='word_1_85' title='bbox 494 2331 796 2424; x_wconf 86' lang='lat' dir='ltr'>aliquid</span> <span class='ocrx_word' id='word_1_86' title='bbox 864 2332 1329 2425; x_wconf 85' lang='lat' dir='ltr'>positivum,</span> <span class='ocrx_word' id='word_1_87' title='bbox 1404 2338 1483 2407; x_wconf 90' lang='lat' dir='ltr'>et</span> <span class='ocrx_word' id='word_1_88' title='bbox 1536 2333 1797 2426; x_wconf 87' lang='lat' dir='ltr'>possit</span> 
     </span>
    </p>
   </div>
   <div class='ocr_carea' id='block_1_4' title="bbox 249 2449 1799 3009">
    <p class='ocr_par' dir='ltr' id='par_1_5' title="bbox 249 2449 1799 3009">
     <span class='ocr_line' id='line_1_18' title="bbox 249 2449 1796 2542; baseline 0.003 -23"><span class='ocrx_word' id='word_1_89' title='bbox 249 2455 830 2542; x_wconf 65' lang='lat' dir='ltr'>consequenter</span> <span class='ocrx_word' id='word_1_90' title='bbox 891 2471 975 2521; x_wconf 87' lang='lat' dir='ltr'>se</span> <span class='ocrx_word' id='word_1_91' title='bbox 1044 2449 1339 2521; x_wconf 86' lang='lat' dir='ltr'>habere</span> <span class='ocrx_word' id='word_1_92' title='bbox 1416 2450 1512 2522; x_wconf 84' lang='lat' dir='ltr'>ad</span> <span class='ocrx_word' id='word_1_93' title='bbox 1582 2451 1796 2523; x_wconf 87' lang='lat' dir='ltr'>aliud</span> 
     </span>
     <span class='ocr_line' id='line_1_19' title="bbox 253 2565 1799 2660; baseline 0.003 -25"><span class='ocrx_word' id='word_1_94' title='bbox 253 2565 555 2638; x_wconf 85' lang='lat' dir='ltr'>instans</span> <span class='ocrx_word' id='word_1_95' title='bbox 604 2592 616 2634; x_wconf 92' lang='lat'><strong>:</strong></span> <span class='ocrx_word' id='word_1_96' title='bbox 665 2566 852 2658; x_wconf 89' lang='lat' dir='ltr'>quia</span> <span class='ocrx_word' id='word_1_97' title='bbox 888 2566 953 2637; x_wconf 91' lang='lat' dir='ltr'>si</span> <span class='ocrx_word' id='word_1_98' title='bbox 994 2587 1388 2658; x_wconf 89' lang='lat' dir='ltr'>ponamus</span> <span class='ocrx_word' id='word_1_99' title='bbox 1431 2567 1630 2638; x_wconf 88' lang='lat' dir='ltr'>duos</span> <span class='ocrx_word' id='word_1_100' title='bbox 1668 2588 1799 2660; x_wconf 87' lang='lat' dir='ltr'>pa-</span> 
     </span>
     <span class='ocr_line' id='line_1_20' title="bbox 251 2682 1797 2776; baseline 0.003 -26"><span class='ocrx_word' id='word_1_101' title='bbox 251 2700 378 2752; x_wconf 90' lang='lat' dir='ltr'>nes</span> <span class='ocrx_word' id='word_1_102' title='bbox 441 2683 687 2754; x_wconf 88' lang='lat' dir='ltr'>simul</span> <span class='ocrx_word' id='word_1_103' title='bbox 747 2682 1040 2765; x_wconf 91' lang='lat' dir='ltr'>creari,</span> <span class='ocrx_word' id='word_1_104' title='bbox 1087 2689 1166 2757; x_wconf 90' lang='lat' dir='ltr'>et</span> <span class='ocrx_word' id='word_1_105' title='bbox 1220 2684 1461 2755; x_wconf 86' lang='lat' dir='ltr'>simul</span> <span class='ocrx_word' id='word_1_106' title='bbox 1527 2686 1797 2776; x_wconf 90' lang='lat' dir='ltr'>aliquo</span> 
     </span>
     <span class='ocr_line' id='line_1_21' title="bbox 251 2799 1799 2891; baseline 0.002 -21"><span class='ocrx_word' id='word_1_107' title='bbox 251 2802 609 2891; x_wconf 88' lang='lat' dir='ltr'>tempore</span> <span class='ocrx_word' id='word_1_108' title='bbox 661 2799 983 2881; x_wconf 67' lang='lat' dir='ltr'>mirare,</span> <span class='ocrx_word' id='word_1_109' title='bbox 1086 2801 1300 2872; x_wconf 88' lang='lat' dir='ltr'>alter</span> <span class='ocrx_word' id='word_1_110' title='bbox 1384 2806 1653 2875; x_wconf 85' lang='lat' dir='ltr'>autem</span> <span class='ocrx_word' id='word_1_111' title='bbox 1721 2800 1799 2873; x_wconf 92' lang='lat' dir='ltr'>in</span> 
     </span>
     <span class='ocr_line' id='line_1_22' title="bbox 256 2915 1799 3009; baseline 0.003 -24"><span class='ocrx_word' id='word_1_112' title='bbox 256 2916 579 2987; x_wconf 85' lang='lat' dir='ltr'>instanti</span> <span class='ocrx_word' id='word_1_113' title='bbox 689 2915 1207 2990; x_wconf 75' lang='lat' dir='ltr'>convortitur</span> <span class='ocrx_word' id='word_1_114' title='bbox 1314 2918 1393 2989; x_wconf 91' lang='lat' dir='ltr'>in</span> <span class='ocrx_word' id='word_1_115' title='bbox 1500 2938 1799 3009; x_wconf 86' lang='lat' dir='ltr'>corpus</span> 
     </span>
    </p>
   </div>
   <div class='ocr_carea' id='block_1_5' title="bbox 252 3032 1805 3127">
    <p class='ocr_par' dir='ltr' id='par_1_6' title="bbox 252 3032 1805 3127">
     <span class='ocr_line' id='line_1_23' title="bbox 252 3032 1805 3127; baseline 0 -22"><span class='ocrx_word' id='word_1_116' title='bbox 252 3032 571 3114; x_wconf 85' lang='lat' dir='ltr'>Christi,</span> <span class='ocrx_word' id='word_1_117' title='bbox 606 3036 686 3106; x_wconf 90' lang='grc'>01</span> <span class='ocrx_word' id='word_1_118' title='bbox 725 3033 1017 3107; x_wconf 88' lang='grc' dir='ltr'>11οε11111</span> <span class='ocrx_word' id='word_1_119' title='bbox 1047 3055 1224 3106; x_wconf 88' lang='grc' dir='ltr'>οεεο</span> <span class='ocrx_word' id='word_1_120' title='bbox 1264 3034 1514 3127; x_wconf 77' lang='lat' dir='ltr'>paniS,</span> <span class='ocrx_word' id='word_1_121' title='bbox 1565 3055 1805 3126; x_wconf 89' lang='lat' dir='ltr'>pona-</span> 
     </span>
    </p>
   </div>
   <div class='ocr_carea' id='block_1_6' title="bbox 255 3150 1806 5698">
    <p class='ocr_par' dir='ltr' id='par_1_7' title="bbox 255 3150 1799 4409">
     <span class='ocr_line' id='line_1_24' title="bbox 257 3150 1799 3245; baseline 0.003 -26"><span class='ocrx_word' id='word_1_122' title='bbox 257 3168 417 3221; x_wconf 87' lang='lat' dir='ltr'>mus</span> <span class='ocrx_word' id='word_1_123' title='bbox 474 3150 683 3243; x_wconf 90' lang='lat' dir='ltr'>quod</span> <span class='ocrx_word' id='word_1_124' title='bbox 742 3151 820 3222; x_wconf 89' lang='lat' dir='ltr'>in</span> <span class='ocrx_word' id='word_1_125' title='bbox 890 3151 1031 3224; x_wconf 92' lang='lat' dir='ltr'>illo</span> <span class='ocrx_word' id='word_1_126' title='bbox 1089 3151 1453 3233; x_wconf 89' lang='lat' dir='ltr'>instanti,</span> <span class='ocrx_word' id='word_1_127' title='bbox 1502 3150 1580 3223; x_wconf 92' lang='lat' dir='ltr'>in</span> <span class='ocrx_word' id='word_1_128' title='bbox 1643 3171 1799 3245; x_wconf 88' lang='lat' dir='ltr'>quo</span> 
     </span>
     <span class='ocr_line' id='line_1_25' title="bbox 258 3266 1797 3362; baseline 0.002 -26"><span class='ocrx_word' id='word_1_129' title='bbox 258 3266 379 3338; x_wconf 89' lang='lat' dir='ltr'>ille</span> <span class='ocrx_word' id='word_1_130' title='bbox 454 3268 688 3360; x_wconf 85' lang='lat' dir='ltr'>panis</span> <span class='ocrx_word' id='word_1_131' title='bbox 750 3268 1267 3342; x_wconf 87' lang='lat' dir='ltr'>convertitur</span> <span class='ocrx_word' id='word_1_132' title='bbox 1340 3268 1418 3339; x_wconf 92' lang='lat' dir='ltr'>in</span> <span class='ocrx_word' id='word_1_133' title='bbox 1500 3289 1797 3362; x_wconf 88' lang='lat' dir='ltr'>corpus</span> 
     </span>
     <span class='ocr_line' id='line_1_26' title="bbox 256 3382 1798 3479; baseline -0.001 -22"><span class='ocrx_word' id='word_1_134' title='bbox 256 3382 578 3465; x_wconf 85' lang='lat' dir='ltr'>Christi,</span> <span class='ocrx_word' id='word_1_135' title='bbox 610 3385 818 3456; x_wconf 90' lang='lat' dir='ltr'>alius</span> <span class='ocrx_word' id='word_1_136' title='bbox 858 3386 1086 3479; x_wconf 87' lang='lat' dir='ltr'>panis</span> <span class='ocrx_word' id='word_1_137' title='bbox 1113 3407 1383 3459; x_wconf 86' lang='lat' dir='ltr'>secum</span> <span class='ocrx_word' id='word_1_138' title='bbox 1421 3406 1798 3458; x_wconf 85' lang='lat' dir='ltr'>concrea-</span> 
     </span>
     <span class='ocr_line' id='line_1_27' title="bbox 258 3503 1799 3595; baseline 0.002 -23"><span class='ocrx_word' id='word_1_139' title='bbox 258 3505 374 3572; x_wconf 91' lang='lat' dir='ltr'>tus</span> <span class='ocrx_word' id='word_1_140' title='bbox 427 3503 932 3576; x_wconf 80' lang='lat' dir='ltr'>annihiletur</span> <span class='ocrx_word' id='word_1_141' title='bbox 986 3531 997 3573; x_wconf 91' lang='lat'>:</span> <span class='ocrx_word' id='word_1_142' title='bbox 1050 3505 1238 3575; x_wconf 89' lang='lat' dir='ltr'>tunc</span> <span class='ocrx_word' id='word_1_143' title='bbox 1302 3507 1630 3595; x_wconf 88' lang='lat' dir='ltr'>oportet</span> <span class='ocrx_word' id='word_1_144' title='bbox 1685 3503 1799 3575; x_wconf 89' lang='grc'>111-</span> 
     </span>
     <span class='ocr_line' id='line_1_28' title="bbox 255 3619 1793 3712; baseline 0.004 -24"><span class='ocrx_word' id='word_1_145' title='bbox 255 3639 446 3702; x_wconf 87' lang='lat' dir='ltr'>cere,</span> <span class='ocrx_word' id='word_1_146' title='bbox 485 3620 694 3712; x_wconf 90' lang='lat' dir='ltr'>quod</span> <span class='ocrx_word' id='word_1_147' title='bbox 726 3620 1050 3693; x_wconf 87' lang='lat' dir='ltr'>duratio</span> <span class='ocrx_word' id='word_1_148' title='bbox 1098 3620 1327 3712; x_wconf 85' lang='lat' dir='ltr'>panis</span> <span class='ocrx_word' id='word_1_149' title='bbox 1362 3619 1793 3694; x_wconf 89' lang='lat' dir='ltr'>annihilati</span> 
     </span>
     <span class='ocr_line' id='line_1_29' title="bbox 256 3734 1797 3828; baseline 0.003 -24"><span class='ocrx_word' id='word_1_150' title='bbox 256 3734 519 3809; x_wconf 85' lang='lat' dir='ltr'>habuit</span> <span class='ocrx_word' id='word_1_151' title='bbox 569 3736 925 3828; x_wconf 78' lang='lat' dir='ltr'>aliquem</span> <span class='ocrx_word' id='word_1_152' title='bbox 1000 3736 1450 3808; x_wconf 86' lang='lat' dir='ltr'>terminum</span> <span class='ocrx_word' id='word_1_153' title='bbox 1513 3735 1797 3808; x_wconf 81' lang='lat' dir='ltr'>intrin-</span> 
     </span>
     <span class='ocr_line' id='line_1_30' title="bbox 258 3852 1792 3944; baseline 0.002 -25"><span class='ocrx_word' id='word_1_154' title='bbox 258 3871 540 3922; x_wconf 88' lang='lat' dir='ltr'>secum.</span> <span class='ocrx_word' id='word_1_155' title='bbox 612 3855 924 3944; x_wconf 81' lang='lat' dir='ltr'>Exque</span> <span class='ocrx_word' id='word_1_156' title='bbox 990 3852 1335 3926; x_wconf 88' lang='lat' dir='ltr'>ulterius</span> <span class='ocrx_word' id='word_1_157' title='bbox 1401 3852 1792 3944; x_wconf 85' lang='lat' dir='ltr'>sequitur,</span> 
     </span>
     <span class='ocr_line' id='line_1_31' title="bbox 258 3967 1796 4061; baseline 0.005 -28"><span class='ocrx_word' id='word_1_158' title='bbox 258 3967 449 4056; x_wconf 87' lang='lat' dir='ltr'>quod</span> <span class='ocrx_word' id='word_1_159' title='bbox 484 3968 841 4061; x_wconf 89' lang='lat' dir='ltr'>primum</span> <span class='ocrx_word' id='word_1_160' title='bbox 887 3968 1199 4042; x_wconf 86' lang='lat' dir='ltr'>instans</span> <span class='ocrx_word' id='word_1_161' title='bbox 1235 3967 1796 4041; x_wconf 71' lang='lat' dir='ltr'>conversionis</span> 
     </span>
     <span class='ocr_line' id='line_1_32' title="bbox 260 4084 1797 4177; baseline 0.002 -25"><span class='ocrx_word' id='word_1_162' title='bbox 260 4085 616 4176; x_wconf 76' lang='lat' dir='ltr'>sequItur</span> <span class='ocrx_word' id='word_1_163' title='bbox 651 4085 1113 4158; x_wconf 88' lang='lat' dir='ltr'>immediate</span> <span class='ocrx_word' id='word_1_164' title='bbox 1147 4089 1329 4177; x_wconf 91' lang='lat' dir='ltr'>post</span> <span class='ocrx_word' id='word_1_165' title='bbox 1368 4084 1596 4156; x_wconf 90' lang='lat' dir='ltr'>illum</span> <span class='ocrx_word' id='word_1_166' title='bbox 1644 4089 1797 4156; x_wconf 91' lang='lat' dir='ltr'>ter-</span> 
     </span>
     <span class='ocr_line' id='line_1_33' title="bbox 262 4201 1796 4295; baseline 0.003 -25"><span class='ocrx_word' id='word_1_167' title='bbox 262 4201 554 4273; x_wconf 88' lang='lat' dir='ltr'>minum</span> <span class='ocrx_word' id='word_1_168' title='bbox 662 4201 1237 4283; x_wconf 87' lang='lat' dir='ltr'>iutrinsecum,</span> <span class='ocrx_word' id='word_1_169' title='bbox 1329 4224 1482 4295; x_wconf 92' lang='lat' dir='ltr'>quo</span> <span class='ocrx_word' id='word_1_170' title='bbox 1576 4203 1796 4274; x_wconf 78' lang='lat' dir='ltr'>&#39;alius</span> 
     </span>
     <span class='ocr_line' id='line_1_34' title="bbox 264 4319 1053 4409; baseline 0 -20"><span class='ocrx_word' id='word_1_171' title='bbox 264 4319 479 4409; x_wconf 86' lang='lat' dir='ltr'>panis</span> <span class='ocrx_word' id='word_1_172' title='bbox 523 4319 1053 4392; x_wconf 86' lang='lat' dir='ltr'>annihilatur.</span> 
     </span>
    </p>

    <p class='ocr_par' dir='ltr' id='par_1_8' title="bbox 261 4435 1806 5698">
     <span class='ocr_line' id='line_1_35' title="bbox 342 4435 1801 4528; baseline 0.004 -27"><span class='ocrx_word' id='word_1_173' title='bbox 342 4437 521 4508; x_wconf 87' lang='lat' dir='ltr'>Jam</span> <span class='ocrx_word' id='word_1_174' title='bbox 567 4440 789 4528; x_wconf 88' lang='lat' dir='ltr'>patet</span> <span class='ocrx_word' id='word_1_175' title='bbox 839 4456 936 4507; x_wconf 78' lang='lat' dir='ltr'>ex</span> <span class='ocrx_word' id='word_1_176' title='bbox 997 4435 1260 4516; x_wconf 89' lang='lat' dir='ltr'>dietis,</span> <span class='ocrx_word' id='word_1_177' title='bbox 1324 4436 1526 4527; x_wconf 87' lang='lat' dir='ltr'>quod</span> <span class='ocrx_word' id='word_1_178' title='bbox 1569 4435 1801 4507; x_wconf 87' lang='lat' dir='ltr'>dura-</span> 
     </span>
     <span class='ocr_line' id='line_1_36' title="bbox 262 4549 1799 4645; baseline 0.002 -25"><span class='ocrx_word' id='word_1_179' title='bbox 262 4549 366 4623; x_wconf 92' lang='lat' dir='ltr'>tio</span> <span class='ocrx_word' id='word_1_180' title='bbox 408 4553 642 4645; x_wconf 87' lang='lat' dir='ltr'>panis</span> <span class='ocrx_word' id='word_1_181' title='bbox 676 4552 1107 4626; x_wconf 88' lang='lat' dir='ltr'>annihilati</span> <span class='ocrx_word' id='word_1_182' title='bbox 1161 4573 1319 4623; x_wconf 94' lang='lat' dir='ltr'>non</span> <span class='ocrx_word' id='word_1_183' title='bbox 1364 4552 1598 4624; x_wconf 84' lang='lat' dir='ltr'>habet</span> <span class='ocrx_word' id='word_1_184' title='bbox 1646 4556 1799 4625; x_wconf 88' lang='lat' dir='ltr'>ter-</span> 
     </span>
     <span class='ocr_line' id='line_1_37' title="bbox 264 4669 1799 4763; baseline 0.003 -24"><span class='ocrx_word' id='word_1_185' title='bbox 264 4669 555 4742; x_wconf 89' lang='lat' dir='ltr'>minum</span> <span class='ocrx_word' id='word_1_186' title='bbox 590 4669 1124 4744; x_wconf 89' lang='lat' dir='ltr'>intrinsecum</span> <span class='ocrx_word' id='word_1_187' title='bbox 1162 4670 1625 4763; x_wconf 87' lang='lat' dir='ltr'>positivum,</span> <span class='ocrx_word' id='word_1_188' title='bbox 1665 4673 1799 4763; x_wconf 92' lang='lat' dir='ltr'>qui</span> 
     </span>
     <span class='ocr_line' id='line_1_38' title="bbox 264 4786 1800 4869; baseline 0.001 -13"><span class='ocrx_word' id='word_1_189' title='bbox 264 4786 357 4858; x_wconf 85' lang='lat' dir='ltr'>sit</span> <span class='ocrx_word' id='word_1_190' title='bbox 420 4809 806 4860; x_wconf 87' lang='lat' dir='ltr'>mensura</span> <span class='ocrx_word' id='word_1_191' title='bbox 867 4787 989 4860; x_wconf 88' lang='lat' dir='ltr'>sui</span> <span class='ocrx_word' id='word_1_192' title='bbox 1051 4813 1207 4869; x_wconf 70' lang='lat' dir='ltr'>esse,</span> <span class='ocrx_word' id='word_1_193' title='bbox 1270 4788 1396 4859; x_wconf 88' lang='lat' dir='ltr'>vel</span> <span class='ocrx_word' id='word_1_194' title='bbox 1470 4788 1596 4860; x_wconf 87' lang='lat' dir='ltr'>sui</span> <span class='ocrx_word' id='word_1_195' title='bbox 1666 4813 1800 4857; x_wconf 76' lang='lat' dir='ltr'>non</span> 
     </span>
     <span class='ocr_line' id='line_1_39' title="bbox 261 4906 1799 4999; baseline 0.006 -30"><span class='ocrx_word' id='word_1_196' title='bbox 261 4927 420 4987; x_wconf 74' lang='lat' dir='ltr'>esse,·</span> <span class='ocrx_word' id='word_1_197' title='bbox 481 4907 616 4978; x_wconf 88' lang='lat' dir='ltr'>sed</span> <span class='ocrx_word' id='word_1_198' title='bbox 664 4906 1066 4981; x_wconf 87' lang='lat' dir='ltr'>terminus</span> <span class='ocrx_word' id='word_1_199' title='bbox 1132 4906 1623 4979; x_wconf 88' lang='lat' dir='ltr'>intrinsecus</span> <span class='ocrx_word' id='word_1_200' title='bbox 1672 4929 1799 4999; x_wconf 86' lang='lat' dir='ltr'>po·</span> 
     </span>
     <span class='ocr_line' id='line_1_40' title="bbox 265 5020 1795 5116; baseline 0.002 -26"><span class='ocrx_word' id='word_1_201' title='bbox 265 5020 545 5095; x_wconf 88' lang='lat' dir='ltr'>sitivus</span> <span class='ocrx_word' id='word_1_202' title='bbox 594 5030 717 5098; x_wconf 86' lang='lat' dir='ltr'>est</span> <span class='ocrx_word' id='word_1_203' title='bbox 775 5023 1065 5097; x_wconf 91' lang='lat' dir='ltr'>ultima</span> <span class='ocrx_word' id='word_1_204' title='bbox 1110 5044 1300 5115; x_wconf 88' lang='lat' dir='ltr'>pars</span> <span class='ocrx_word' id='word_1_205' title='bbox 1375 5023 1795 5116; x_wconf 80' lang='lat' dir='ltr'>temporis,</span> 
     </span>
     <span class='ocr_line' id='line_1_41' title="bbox 267 5136 1800 5227; baseline 0.003 -22"><span class='ocrx_word' id='word_1_206' title='bbox 267 5158 410 5227; x_wconf 90' lang='lat' dir='ltr'>quo</span> <span class='ocrx_word' id='word_1_207' title='bbox 453 5139 691 5213; x_wconf 89' lang='lat' dir='ltr'>habet</span> <span class='ocrx_word' id='word_1_208' title='bbox 748 5163 904 5221; x_wconf 74' lang='lat' dir='ltr'>esse,</span> <span class='ocrx_word' id='word_1_209' title='bbox 959 5143 1038 5212; x_wconf 91' lang='lat' dir='ltr'>et</span> <span class='ocrx_word' id='word_1_210' title='bbox 1082 5138 1297 5211; x_wconf 88' lang='lat' dir='ltr'>ultra</span> <span class='ocrx_word' id='word_1_211' title='bbox 1343 5159 1504 5209; x_wconf 93' lang='lat' dir='ltr'>non</span> <span class='ocrx_word' id='word_1_212' title='bbox 1564 5136 1800 5210; x_wconf 84' lang='lat' dir='ltr'>habet</span> 
     </span>
     <span class='ocr_line' id='line_1_42' title="bbox 266 5253 1803 5328; baseline 0.007 -11"><span class='ocrx_word' id='word_1_213' title='bbox 266 5276 388 5321; x_wconf 74' lang='lat' dir='ltr'>esse</span> <span class='ocrx_word' id='word_1_214' title='bbox 417 5283 438 5322; x_wconf 92' lang='lat'>.·</span> <span class='ocrx_word' id='word_1_215' title='bbox 481 5256 883 5328; x_wconf 85' lang='lat' dir='ltr'>terminus</span> <span class='ocrx_word' id='word_1_216' title='bbox 936 5276 1130 5328; x_wconf 79' lang='lat' dir='ltr'>vero</span> <span class='ocrx_word' id='word_1_217' title='bbox 1177 5253 1687 5327; x_wconf 85' lang='lat' dir='ltr'>indivisibilis</span> <span class='ocrx_word' id='word_1_218' title='bbox 1722 5259 1803 5328; x_wconf 90' lang='lat' dir='ltr'>et</span> 
     </span>
     <span class='ocr_line' id='line_1_43' title="bbox 269 5370 1772 5462; baseline 0 -23"><span class='ocrx_word' id='word_1_219' title='bbox 269 5371 711 5459; x_wconf 87' lang='lat' dir='ltr'>privativus</span> <span class='ocrx_word' id='word_1_220' title='bbox 744 5393 902 5443; x_wconf 92' lang='lat' dir='ltr'>non</span> <span class='ocrx_word' id='word_1_221' title='bbox 943 5377 1066 5446; x_wconf 90' lang='lat' dir='ltr'>est</span> <span class='ocrx_word' id='word_1_222' title='bbox 1100 5371 1338 5451; x_wconf 87' lang='lat' dir='ltr'>aliud,</span> <span class='ocrx_word' id='word_1_223' title='bbox 1378 5391 1619 5462; x_wconf 88' lang='lat' dir='ltr'>quam</span> <span class='ocrx_word' id='word_1_224' title='bbox 1648 5370 1772 5462; x_wconf 89' lang='lat' dir='ltr'>pri</span> 
     </span>
     <span class='ocr_line' id='line_1_44' title="bbox 268 5487 1805 5580; baseline 0.002 -25"><span class='ocrx_word' id='word_1_225' title='bbox 268 5488 503 5570; x_wconf 90' lang='lat' dir='ltr'>vatio,</span> <span class='ocrx_word' id='word_1_226' title='bbox 545 5488 879 5571; x_wconf 87' lang='lat' dir='ltr'>scilicet,</span> <span class='ocrx_word' id='word_1_227' title='bbox 915 5510 1077 5561; x_wconf 93' lang='lat' dir='ltr'>non</span> <span class='ocrx_word' id='word_1_228' title='bbox 1121 5487 1470 5580; x_wconf 83' lang='lat' dir='ltr'>amplius</span> <span class='ocrx_word' id='word_1_229' title='bbox 1509 5487 1805 5558; x_wconf 78' lang='lat' dir='ltr'>habore</span> 
     </span>
     <span class='ocr_line' id='line_1_45' title="bbox 269 5601 1806 5698; baseline 0.005 -29"><span class='ocrx_word' id='word_1_230' title='bbox 269 5627 431 5674; x_wconf 72' lang='lat' dir='ltr'>esse:</span> <span class='ocrx_word' id='word_1_231' title='bbox 464 5612 547 5681; x_wconf 89' lang='lat' dir='ltr'>et</span> <span class='ocrx_word' id='word_1_232' title='bbox 605 5607 776 5681; x_wconf 89' lang='lat' dir='ltr'>ideo</span> <span class='ocrx_word' id='word_1_233' title='bbox 837 5627 996 5679; x_wconf 93' lang='lat' dir='ltr'>non</span> <span class='ocrx_word' id='word_1_234' title='bbox 1063 5606 1289 5678; x_wconf 87' lang='lat' dir='ltr'>debet</span> <span class='ocrx_word' id='word_1_235' title='bbox 1363 5601 1806 5698; x_wconf 77' lang='lat' dir='ltr'>imaginari</span> 
     </span>
    </p>
   </div>
   <div class='ocr_carea' id='block_1_7' title="bbox 3385 426 3507 489">
    <p class='ocr_par' dir='ltr' id='par_1_9' title="bbox 3385 426 3507 489">
     <span class='ocr_line' id='line_1_46' title="bbox 3385 426 3507 489; baseline 0 -1"><span class='ocrx_word' id='word_1_236' title='bbox 3385 426 3507 489; x_wconf 77' lang='lat'>675</span> 
     </span>
    </p>
   </div>
   <div class='ocr_carea' id='block_1_8' title="bbox 1899 581 3510 5692">
    <p class='ocr_par' dir='ltr' id='par_1_10' title="bbox 1899 581 3510 3106">
     <span class='ocr_line' id='line_1_47' title="bbox 1914 581 3468 679; baseline 0.003 -27"><span class='ocrx_word' id='word_1_237' title='bbox 1914 584 2321 673; x_wconf 80' lang='lat' dir='ltr'>quodcum</span> <span class='ocrx_word' id='word_1_238' title='bbox 2359 584 2495 655; x_wconf 93' lang='lat' dir='ltr'>illo</span> <span class='ocrx_word' id='word_1_239' title='bbox 2524 581 2892 667; x_wconf 86' lang='lat' dir='ltr'>instanti,</span> <span class='ocrx_word' id='word_1_240' title='bbox 2919 606 3074 675; x_wconf 88' lang='lat' dir='ltr'>quo</span> <span class='ocrx_word' id='word_1_241' title='bbox 3098 585 3308 658; x_wconf 87' lang='lat' dir='ltr'>alius</span> <span class='ocrx_word' id='word_1_242' title='bbox 3338 607 3468 679; x_wconf 88' lang='lat' dir='ltr'>pa-</span> 
     </span>
     <span class='ocr_line' id='line_1_48' title="bbox 1910 696 3468 790; baseline 0.004 -24"><span class='ocrx_word' id='word_1_243' title='bbox 1910 697 2036 767; x_wconf 90' lang='lat' dir='ltr'>nis</span> <span class='ocrx_word' id='word_1_244' title='bbox 2098 696 2362 790; x_wconf 87' lang='lat' dir='ltr'>pri1no</span> <span class='ocrx_word' id='word_1_245' title='bbox 2416 699 2653 774; x_wconf 88' lang='lat' dir='ltr'>habet</span> <span class='ocrx_word' id='word_1_246' title='bbox 2702 725 2857 783; x_wconf 76' lang='lat' dir='ltr'>esse,</span> <span class='ocrx_word' id='word_1_247' title='bbox 2915 699 3083 774; x_wconf 87' lang='lat' dir='ltr'>sive</span> <span class='ocrx_word' id='word_1_248' title='bbox 3148 701 3468 776; x_wconf 88' lang='lat' dir='ltr'>dicatur</span> 
     </span>
     <span class='ocr_line' id='line_1_49' title="bbox 1910 811 3465 910; baseline 0.003 -26"><span class='ocrx_word' id='word_1_249' title='bbox 1910 811 2224 886; x_wconf 85' lang='lat' dir='ltr'>instans</span> <span class='ocrx_word' id='word_1_250' title='bbox 2258 814 2436 899; x_wconf 84' lang='lat' dir='ltr'>aevi,</span> <span class='ocrx_word' id='word_1_251' title='bbox 2475 814 2642 887; x_wconf 91' lang='lat' dir='ltr'>sive</span> <span class='ocrx_word' id='word_1_252' title='bbox 2688 816 3111 889; x_wconf 88' lang='lat' dir='ltr'>minimum</span> <span class='ocrx_word' id='word_1_253' title='bbox 3163 821 3465 910; x_wconf 90' lang='lat' dir='ltr'>tempo-</span> 
     </span>
     <span class='ocr_line' id='line_1_50' title="bbox 1911 928 3466 1025; baseline 0.005 -27"><span class='ocrx_word' id='word_1_254' title='bbox 1911 928 2056 1010; x_wconf 84' lang='lat' dir='ltr'>ris,</span> <span class='ocrx_word' id='word_1_255' title='bbox 2097 932 2303 1022; x_wconf 92' lang='lat' dir='ltr'>quod</span> <span class='ocrx_word' id='word_1_256' title='bbox 2333 936 2669 1025; x_wconf 87' lang='lat' dir='ltr'>propter</span> <span class='ocrx_word' id='word_1_257' title='bbox 2696 931 2844 1006; x_wconf 93' lang='grc'>1100</span> <span class='ocrx_word' id='word_1_258' title='bbox 2884 935 3037 1006; x_wconf 89' lang='grc'>11110</span> <span class='ocrx_word' id='word_1_259' title='bbox 3077 933 3466 1006; x_wconf 85' lang='lat' dir='ltr'>instantia</span> 
     </span>
     <span class='ocr_line' id='line_1_51' title="bbox 1905 1046 3467 1137; baseline 0.003 -20"><span class='ocrx_word' id='word_1_260' title='bbox 1905 1046 2283 1137; x_wconf 89' lang='lat' dir='ltr'>positiva,</span> <span class='ocrx_word' id='word_1_261' title='bbox 2330 1052 2409 1121; x_wconf 92' lang='lat' dir='ltr'>et</span> <span class='ocrx_word' id='word_1_262' title='bbox 2447 1048 2967 1121; x_wconf 86' lang='lat' dir='ltr'>indivisibilia</span> <span class='ocrx_word' id='word_1_263' title='bbox 3009 1050 3172 1124; x_wconf 90' lang='lat' dir='ltr'>sint</span> <span class='ocrx_word' id='word_1_264' title='bbox 3212 1049 3467 1123; x_wconf 90' lang='lat' dir='ltr'>conti-</span> 
     </span>
     <span class='ocr_line' id='line_1_52' title="bbox 1906 1164 3458 1258; baseline 0.003 -26"><span class='ocrx_word' id='word_1_265' title='bbox 1906 1182 2087 1250; x_wconf 64' lang='lat' dir='ltr'>gua,</span> <span class='ocrx_word' id='word_1_266' title='bbox 2135 1164 2260 1236; x_wconf 90' lang='lat' dir='ltr'>vel</span> <span class='ocrx_word' id='word_1_267' title='bbox 2294 1171 2887 1258; x_wconf 73' lang='lat' dir='ltr'>consequenter</span> <span class='ocrx_word' id='word_1_268' title='bbox 2929 1188 3013 1239; x_wconf 89' lang='lat' dir='ltr'>se</span> <span class='ocrx_word' id='word_1_269' title='bbox 3055 1168 3458 1242; x_wconf 83' lang='lat' dir='ltr'>habentia.</span> 
     </span>
     <span class='ocr_line' id='line_1_53' title="bbox 1904 1280 3459 1377; baseline 0.005 -29"><span class='ocrx_word' id='word_1_270' title='bbox 1904 1280 2120 1351; x_wconf 77' lang='lat' dir='ltr'>Unde</span> <span class='ocrx_word' id='word_1_271' title='bbox 2143 1280 2210 1352; x_wconf 88' lang='lat' dir='ltr'>si</span> <span class='ocrx_word' id='word_1_272' title='bbox 2240 1281 2759 1373; x_wconf 74' lang='lat' dir='ltr'>imaginetur,</span> <span class='ocrx_word' id='word_1_273' title='bbox 2793 1284 2997 1375; x_wconf 91' lang='lat' dir='ltr'>quod</span> <span class='ocrx_word' id='word_1_274' title='bbox 3030 1283 3304 1377; x_wconf 89' lang='lat' dir='ltr'>aliqua</span> <span class='ocrx_word' id='word_1_275' title='bbox 3329 1305 3459 1356; x_wconf 88' lang='lat' dir='ltr'>res</span> 
     </span>
     <span class='ocr_line' id='line_1_54' title="bbox 1901 1396 3454 1493; baseline 0.006 -30"><span class='ocrx_word' id='word_1_276' title='bbox 1901 1396 2134 1469; x_wconf 86' lang='lat' dir='ltr'>duret</span> <span class='ocrx_word' id='word_1_277' title='bbox 2159 1398 2433 1490; x_wconf 89' lang='lat' dir='ltr'>aliquo</span> <span class='ocrx_word' id='word_1_278' title='bbox 2466 1404 2855 1492; x_wconf 87' lang='lat' dir='ltr'>tempore,</span> <span class='ocrx_word' id='word_1_279' title='bbox 2883 1404 3102 1493; x_wconf 86' lang='lat' dir='ltr'>puta,</span> <span class='ocrx_word' id='word_1_280' title='bbox 3132 1401 3454 1482; x_wconf 87' lang='lat' dir='ltr'>unadie,</span> 
     </span>
     <span class='ocr_line' id='line_1_55' title="bbox 1905 1514 3457 1608; baseline 0.005 -25"><span class='ocrx_word' id='word_1_281' title='bbox 1905 1514 2059 1584; x_wconf 88' lang='lat' dir='ltr'>alia</span> <span class='ocrx_word' id='word_1_282' title='bbox 2091 1537 2287 1588; x_wconf 83' lang='lat' dir='ltr'>vero</span> <span class='ocrx_word' id='word_1_283' title='bbox 2320 1516 2555 1590; x_wconf 87' lang='lat' dir='ltr'>duret</span> <span class='ocrx_word' id='word_1_284' title='bbox 2593 1516 2983 1608; x_wconf 88' lang='lat' dir='ltr'>sequenti,</span> <span class='ocrx_word' id='word_1_285' title='bbox 3037 1538 3197 1590; x_wconf 90' lang='lat' dir='ltr'>non</span> <span class='ocrx_word' id='word_1_286' title='bbox 3229 1518 3457 1591; x_wconf 85' lang='lat' dir='ltr'>(lebet</span> 
     </span>
     <span class='ocr_line' id='line_1_56' title="bbox 1907 1625 3457 1720; baseline 0.001 -22"><span class='ocrx_word' id='word_1_287' title='bbox 1907 1625 2372 1717; x_wconf 76' lang='lat' dir='ltr'>imaginari,</span> <span class='ocrx_word' id='word_1_288' title='bbox 2422 1629 2628 1720; x_wconf 87' lang='lat' dir='ltr'>quod</span> <span class='ocrx_word' id='word_1_289' title='bbox 2671 1629 2800 1701; x_wconf 84' lang='lat' dir='ltr'>hic</span> <span class='ocrx_word' id='word_1_290' title='bbox 2863 1628 3024 1701; x_wconf 88' lang='lat' dir='ltr'>sint</span> <span class='ocrx_word' id='word_1_291' title='bbox 3083 1630 3239 1701; x_wconf 87' lang='lat' dir='ltr'>duo</span> <span class='ocrx_word' id='word_1_292' title='bbox 3294 1629 3457 1700; x_wconf 90' lang='lat' dir='ltr'>ins-</span> 
     </span>
     <span class='ocr_line' id='line_1_57' title="bbox 1905 1744 3510 1837; baseline 0 -21"><span class='ocrx_word' id='word_1_293' title='bbox 1905 1744 2166 1816; x_wconf 90' lang='lat' dir='ltr'>tantia</span> <span class='ocrx_word' id='word_1_294' title='bbox 2210 1747 2805 1837; x_wconf 83' lang='lat' dir='ltr'>consequenter</span> <span class='ocrx_word' id='word_1_295' title='bbox 2877 1767 2960 1817; x_wconf 91' lang='lat' dir='ltr'>se</span> <span class='ocrx_word' id='word_1_296' title='bbox 3031 1744 3453 1824; x_wconf 73' lang='lat' dir='ltr'>habentia2</span> <span class='ocrx_word' id='word_1_297' title='bbox 3501 1766 3510 1779; x_wconf 91' lang='lat'><strong>·</strong></span> 
     </span>
     <span class='ocr_line' id='line_1_58' title="bbox 1906 1861 3455 1955; baseline 0.001 -26"><span class='ocrx_word' id='word_1_298' title='bbox 1906 1881 2178 1943; x_wconf 88' lang='lat' dir='ltr'>unum,</span> <span class='ocrx_word' id='word_1_299' title='bbox 2235 1861 2442 1952; x_wconf 89' lang='lat' dir='ltr'>quod</span> <span class='ocrx_word' id='word_1_300' title='bbox 2500 1866 2625 1935; x_wconf 89' lang='lat' dir='ltr'>est</span> <span class='ocrx_word' id='word_1_301' title='bbox 2691 1861 2872 1934; x_wconf 87' lang='lat' dir='ltr'>finis</span> <span class='ocrx_word' id='word_1_302' title='bbox 2928 1861 3455 1955; x_wconf 73' lang='lat' dir='ltr'>praecedentis</span> 
     </span>
     <span class='ocr_line' id='line_1_59' title="bbox 1908 1978 3457 2073; baseline -0.002 -21"><span class='ocrx_word' id='word_1_303' title='bbox 1908 1978 2333 2073; x_wconf 80' lang='lat' dir='ltr'>temporiS‚</span> <span class='ocrx_word' id='word_1_304' title='bbox 2378 1980 2757 2061; x_wconf 85' lang='lat' dir='ltr'>alterum,</span> <span class='ocrx_word' id='word_1_305' title='bbox 2808 1981 3013 2072; x_wconf 88' lang='lat' dir='ltr'>quod</span> <span class='ocrx_word' id='word_1_306' title='bbox 3063 1982 3188 2053; x_wconf 89' lang='lat' dir='ltr'>cst</span> <span class='ocrx_word' id='word_1_307' title='bbox 3243 1979 3457 2071; x_wconf 88' lang='lat' dir='ltr'>prin-</span> 
     </span>
     <span class='ocr_line' id='line_1_60' title="bbox 1905 2094 3455 2186; baseline -0.001 -21"><span class='ocrx_word' id='word_1_308' title='bbox 1905 2094 2205 2185; x_wconf 89' lang='lat' dir='ltr'>cipium</span> <span class='ocrx_word' id='word_1_309' title='bbox 2250 2097 2684 2186; x_wconf 88' lang='lat' dir='ltr'>sequentis.</span> <span class='ocrx_word' id='word_1_310' title='bbox 2741 2095 2962 2168; x_wconf 88' lang='lat' dir='ltr'>Finis</span> <span class='ocrx_word' id='word_1_311' title='bbox 2996 2099 3270 2167; x_wconf 88' lang='lat' dir='ltr'>autem</span> <span class='ocrx_word' id='word_1_312' title='bbox 3319 2094 3455 2165; x_wconf 88' lang='lat' dir='ltr'>hu-</span> 
     </span>
     <span class='ocr_line' id='line_1_61' title="bbox 1899 2209 3456 2305; baseline 0.004 -30"><span class='ocrx_word' id='word_1_313' title='bbox 1899 2209 2032 2302; x_wconf 88' lang='lat' dir='ltr'>jus</span> <span class='ocrx_word' id='word_1_314' title='bbox 2093 2215 2172 2283; x_wconf 90' lang='lat' dir='ltr'>et</span> <span class='ocrx_word' id='word_1_315' title='bbox 2252 2210 2744 2305; x_wconf 88' lang='lat' dir='ltr'>principium</span> <span class='ocrx_word' id='word_1_316' title='bbox 2824 2211 3045 2284; x_wconf 87' lang='lat' dir='ltr'>illius</span> <span class='ocrx_word' id='word_1_317' title='bbox 3118 2210 3456 2284; x_wconf 84' lang='lat' dir='ltr'>realiter</span> 
     </span>
     <span class='ocr_line' id='line_1_62' title="bbox 1906 2328 3454 2421; baseline 0.001 -24"><span class='ocrx_word' id='word_1_318' title='bbox 1906 2348 2067 2397; x_wconf 93' lang='lat' dir='ltr'>non</span> <span class='ocrx_word' id='word_1_319' title='bbox 2110 2332 2320 2410; x_wconf 86' lang='lat' dir='ltr'>sunt,</span> <span class='ocrx_word' id='word_1_320' title='bbox 2368 2328 2523 2400; x_wconf 92' lang='lat' dir='ltr'>nisi</span> <span class='ocrx_word' id='word_1_321' title='bbox 2582 2328 2873 2402; x_wconf 85' lang='lat' dir='ltr'>ultima</span> <span class='ocrx_word' id='word_1_322' title='bbox 2934 2348 3126 2421; x_wconf 86' lang='lat' dir='ltr'>pars</span> <span class='ocrx_word' id='word_1_323' title='bbox 3170 2328 3454 2420; x_wconf 75' lang='grc' dir='ltr'>111ε111ε,</span> 
     </span>
     <span class='ocr_line' id='line_1_63' title="bbox 1908 2442 3457 2536; baseline 0.004 -23"><span class='ocrx_word' id='word_1_324' title='bbox 1908 2446 1985 2514; x_wconf 88' lang='grc'>01</span> <span class='ocrx_word' id='word_1_325' title='bbox 2025 2442 2513 2536; x_wconf 86' lang='lat' dir='ltr'>principium</span> <span class='ocrx_word' id='word_1_326' title='bbox 2552 2445 2769 2517; x_wconf 89' lang='lat' dir='ltr'>illius</span> <span class='ocrx_word' id='word_1_327' title='bbox 2810 2470 2823 2513; x_wconf 77' lang='grc' dir='ltr'>ε</span> <span class='ocrx_word' id='word_1_328' title='bbox 2863 2465 3036 2536; x_wconf 85' lang='lat' dir='ltr'>quae</span> <span class='ocrx_word' id='word_1_329' title='bbox 3070 2446 3226 2519; x_wconf 89' lang='lat' dir='ltr'>etsi</span> <span class='ocrx_word' id='word_1_330' title='bbox 3271 2451 3457 2519; x_wconf 87' lang='lat' dir='ltr'>sunt</span> 
     </span>
     <span class='ocr_line' id='line_1_64' title="bbox 1911 2557 3452 2643; baseline 0.004 -14"><span class='ocrx_word' id='word_1_331' title='bbox 1911 2557 2464 2642; x_wconf 86' lang='lat' dir='ltr'>indivisibiles,</span> <span class='ocrx_word' id='word_1_332' title='bbox 2505 2566 2590 2635; x_wconf 89' lang='lat' dir='ltr'>ut</span> <span class='ocrx_word' id='word_1_333' title='bbox 2627 2565 2811 2634; x_wconf 90' lang='lat' dir='ltr'>sunt</span> <span class='ocrx_word' id='word_1_334' title='bbox 2849 2583 2978 2633; x_wconf 89' lang='lat' dir='ltr'>res</span> <span class='ocrx_word' id='word_1_335' title='bbox 3004 2563 3452 2643; x_wconf 82' lang='lat' dir='ltr'>natura-les,</span> 
     </span>
     <span class='ocr_line' id='line_1_65' title="bbox 1912 2677 3459 2761; baseline 0.002 -15"><span class='ocrx_word' id='word_1_336' title='bbox 1912 2681 2099 2750; x_wconf 88' lang='lat' dir='ltr'>sunt</span> <span class='ocrx_word' id='word_1_337' title='bbox 2133 2679 2406 2748; x_wconf 89' lang='lat' dir='ltr'>tamen</span> <span class='ocrx_word' id='word_1_338' title='bbox 2440 2698 2629 2748; x_wconf 90' lang='lat' dir='ltr'>vere</span> <span class='ocrx_word' id='word_1_339' title='bbox 2652 2677 3120 2761; x_wconf 78' lang='lat' dir='ltr'>divisibiles,</span> <span class='ocrx_word' id='word_1_340' title='bbox 3159 2683 3238 2752; x_wconf 88' lang='lat' dir='ltr'>et</span> <span class='ocrx_word' id='word_1_341' title='bbox 3270 2701 3459 2751; x_wconf 81' lang='lat' dir='ltr'>vere</span> 
     </span>
     <span class='ocr_line' id='line_1_66' title="bbox 1914 2795 3459 2888; baseline 0.002 -23"><span class='ocrx_word' id='word_1_342' title='bbox 1914 2796 2313 2885; x_wconf 89' lang='lat' dir='ltr'>tempora,</span> <span class='ocrx_word' id='word_1_343' title='bbox 2378 2799 2456 2868; x_wconf 88' lang='grc'>01</span> <span class='ocrx_word' id='word_1_344' title='bbox 2497 2795 2608 2866; x_wconf 88' lang='lat' dir='ltr'>ita</span> <span class='ocrx_word' id='word_1_345' title='bbox 2643 2816 2891 2867; x_wconf 88' lang='lat' dir='ltr'>unum</span> <span class='ocrx_word' id='word_1_346' title='bbox 2926 2800 3244 2888; x_wconf 87' lang='lat' dir='ltr'>tempus</span> <span class='ocrx_word' id='word_1_347' title='bbox 3277 2818 3459 2870; x_wconf 91' lang='lat' dir='ltr'>con-</span> 
     </span>
     <span class='ocr_line' id='line_1_67' title="bbox 1917 2914 3460 3005; baseline 0.003 -18"><span class='ocrx_word' id='word_1_348' title='bbox 1917 2914 2342 3005; x_wconf 76' lang='lat' dir='ltr'>tinguatur</span> <span class='ocrx_word' id='word_1_349' title='bbox 2395 2916 2663 2999; x_wconf 85' lang='lat' dir='ltr'>alteri,</span> <span class='ocrx_word' id='word_1_350' title='bbox 2719 2938 2880 2989; x_wconf 92' lang='lat' dir='ltr'>non</span> <span class='ocrx_word' id='word_1_351' title='bbox 2933 2916 3245 2990; x_wconf 87' lang='lat' dir='ltr'>instans</span> <span class='ocrx_word' id='word_1_352' title='bbox 3307 2918 3460 2991; x_wconf 91' lang='lat' dir='ltr'>ins-</span> 
     </span>
     <span class='ocr_line' id='line_1_68' title="bbox 1915 3033 2147 3106; baseline -0.017 0"><span class='ocrx_word' id='word_1_353' title='bbox 1915 3033 2147 3106; x_wconf 89' lang='lat' dir='ltr'>tanti.</span> 
     </span>
    </p>

    <p class='ocr_par' dir='ltr' id='par_1_11' title="bbox 1910 3150 3462 3826">
     <span class='ocr_line' id='line_1_69' title="bbox 2022 3150 3460 3247; baseline 0.003 -25"><span class='ocrx_word' id='word_1_354' title='bbox 2022 3150 2099 3222; x_wconf 78' lang='lat' dir='ltr'>Si</span> <span class='ocrx_word' id='word_1_355' title='bbox 2204 3150 2455 3234; x_wconf 86' lang='lat' dir='ltr'>dicas,</span> <span class='ocrx_word' id='word_1_356' title='bbox 2550 3152 2753 3244; x_wconf 89' lang='lat' dir='ltr'>quod</span> <span class='ocrx_word' id='word_1_357' title='bbox 2850 3151 3005 3226; x_wconf 90' lang='lat' dir='ltr'>duo</span> <span class='ocrx_word' id='word_1_358' title='bbox 3087 3158 3460 3247; x_wconf 88' lang='lat' dir='ltr'>tempora</span> 
     </span>
     <span class='ocr_line' id='line_1_70' title="bbox 1914 3268 3462 3363; baseline 0.003 -23"><span class='ocrx_word' id='word_1_359' title='bbox 1914 3268 2490 3341; x_wconf 87' lang='lat' dir='ltr'>Mathematice</span> <span class='ocrx_word' id='word_1_360' title='bbox 2533 3269 3073 3353; x_wconf 87' lang='lat' dir='ltr'>considerata,</span> <span class='ocrx_word' id='word_1_361' title='bbox 3123 3277 3462 3363; x_wconf 84' lang='lat' dir='ltr'>possunt</span> 
     </span>
     <span class='ocr_line' id='line_1_71' title="bbox 1910 3383 3460 3477; baseline 0.001 -19"><span class='ocrx_word' id='word_1_362' title='bbox 1910 3383 2327 3458; x_wconf 85' lang='lat' dir='ltr'>considera</span> <span class='ocrx_word' id='word_1_363' title='bbox 2347 3385 2413 3456; x_wconf 92' lang='lat' dir='ltr'>ri</span> <span class='ocrx_word' id='word_1_364' title='bbox 2432 3391 3118 3477; x_wconf 86' lang='lat' dir='ltr'>consequenterse</span> <span class='ocrx_word' id='word_1_365' title='bbox 3142 3387 3460 3468; x_wconf 75' lang='lat' dir='ltr'>habere:</span> 
     </span>
     <span class='ocr_line' id='line_1_72' title="bbox 1910 3499 3461 3596; baseline 0.003 -26"><span class='ocrx_word' id='word_1_366' title='bbox 1910 3504 1989 3572; x_wconf 94' lang='lat' dir='ltr'>et</span> <span class='ocrx_word' id='word_1_367' title='bbox 2024 3499 2139 3572; x_wconf 86' lang='lat' dir='ltr'>ita</span> <span class='ocrx_word' id='word_1_368' title='bbox 2174 3500 2512 3582; x_wconf 89' lang='lat' dir='ltr'>instans,</span> <span class='ocrx_word' id='word_1_369' title='bbox 2553 3502 2756 3593; x_wconf 91' lang='lat' dir='ltr'>quod</span> <span class='ocrx_word' id='word_1_370' title='bbox 2814 3504 2936 3573; x_wconf 91' lang='lat' dir='ltr'>est</span> <span class='ocrx_word' id='word_1_371' title='bbox 2972 3503 3461 3596; x_wconf 87' lang='lat' dir='ltr'>principium</span> 
     </span>
     <span class='ocr_line' id='line_1_73' title="bbox 1914 3616 3462 3709; baseline 0.003 -23"><span class='ocrx_word' id='word_1_372' title='bbox 1914 3617 2174 3694; x_wconf 87' lang='lat' dir='ltr'>unius,</span> <span class='ocrx_word' id='word_1_373' title='bbox 2211 3620 2288 3688; x_wconf 91' lang='lat' dir='ltr'>et</span> <span class='ocrx_word' id='word_1_374' title='bbox 2363 3616 2701 3700; x_wconf 88' lang='lat' dir='ltr'>instans,</span> <span class='ocrx_word' id='word_1_375' title='bbox 2785 3620 2990 3709; x_wconf 87' lang='lat' dir='ltr'>quod</span> <span class='ocrx_word' id='word_1_376' title='bbox 3073 3624 3195 3694; x_wconf 91' lang='lat' dir='ltr'>est</span> <span class='ocrx_word' id='word_1_377' title='bbox 3281 3620 3462 3692; x_wconf 81' lang='lat' dir='ltr'>finis</span> 
     </span>
     <span class='ocr_line' id='line_1_74' title="bbox 1910 3734 2962 3826; baseline 0.002 -23"><span class='ocrx_word' id='word_1_378' title='bbox 1910 3734 2277 3816; x_wconf 88' lang='lat' dir='ltr'>alterius,</span> <span class='ocrx_word' id='word_1_379' title='bbox 2326 3740 2512 3809; x_wconf 89' lang='lat' dir='ltr'>sunt</span> <span class='ocrx_word' id='word_1_380' title='bbox 2555 3734 2962 3826; x_wconf 80' lang='lat' dir='ltr'>contigua.</span> 
     </span>
    </p>

    <p class='ocr_par' dir='ltr' id='par_1_12' title="bbox 1908 3849 3463 5223">
     <span class='ocr_line' id='line_1_75' title="bbox 1998 3849 3462 3945; baseline 0.002 -23"><span class='ocrx_word' id='word_1_381' title='bbox 1998 3849 2223 3932; x_wconf 90' lang='lat' dir='ltr'>Dico,</span> <span class='ocrx_word' id='word_1_382' title='bbox 2318 3852 2522 3942; x_wconf 90' lang='lat' dir='ltr'>quod</span> <span class='ocrx_word' id='word_1_383' title='bbox 2588 3872 2770 3934; x_wconf 92' lang='lat' dir='ltr'>non,</span> <span class='ocrx_word' id='word_1_384' title='bbox 2865 3853 3053 3945; x_wconf 88' lang='lat' dir='ltr'>quia</span> <span class='ocrx_word' id='word_1_385' title='bbox 3124 3855 3462 3928; x_wconf 85' lang='lat' dir='ltr'>realiter</span> 
     </span>
     <span class='ocr_line' id='line_1_76' title="bbox 1910 3967 3455 4062; baseline 0.005 -26"><span class='ocrx_word' id='word_1_386' title='bbox 1910 3986 2069 4038; x_wconf 93' lang='lat' dir='ltr'>non</span> <span class='ocrx_word' id='word_1_387' title='bbox 2103 3967 2396 4039; x_wconf 89' lang='lat' dir='ltr'>habent</span> <span class='ocrx_word' id='word_1_388' title='bbox 2433 3970 2695 4050; x_wconf 81' lang='lat' dir='ltr'>tinem,</span> <span class='ocrx_word' id='word_1_389' title='bbox 2743 3973 2881 4041; x_wconf 89' lang='lat' dir='ltr'>aut</span> <span class='ocrx_word' id='word_1_390' title='bbox 2939 3969 3455 4062; x_wconf 87' lang='lat' dir='ltr'>principium,</span> 
     </span>
     <span class='ocr_line' id='line_1_77' title="bbox 1912 4084 3458 4177; baseline 0.006 -27"><span class='ocrx_word' id='word_1_391' title='bbox 1912 4104 2086 4176; x_wconf 65' lang='lat' dir='ltr'>qua]</span> <span class='ocrx_word' id='word_1_392' title='bbox 2152 4105 2311 4156; x_wconf 90' lang='lat' dir='ltr'>non</span> <span class='ocrx_word' id='word_1_393' title='bbox 2373 4084 2536 4157; x_wconf 88' lang='lat' dir='ltr'>sint</span> <span class='ocrx_word' id='word_1_394' title='bbox 2618 4090 2891 4177; x_wconf 87' lang='lat' dir='ltr'>partes</span> <span class='ocrx_word' id='word_1_395' title='bbox 2937 4107 3248 4158; x_wconf 87' lang='lat' dir='ltr'>eorum.</span> <span class='ocrx_word' id='word_1_396' title='bbox 3298 4090 3458 4159; x_wconf 87' lang='lat' dir='ltr'>Nec</span> 
     </span>
     <span class='ocr_line' id='line_1_78' title="bbox 1908 4200 3463 4294; baseline 0.002 -21"><span class='ocrx_word' id='word_1_397' title='bbox 1908 4201 2090 4274; x_wconf 88' lang='lat' dir='ltr'>finis</span> <span class='ocrx_word' id='word_1_398' title='bbox 2133 4206 2213 4275; x_wconf 91' lang='lat' dir='ltr'>et</span> <span class='ocrx_word' id='word_1_399' title='bbox 2263 4200 2772 4294; x_wconf 82' lang='lat' dir='ltr'>principium,</span> <span class='ocrx_word' id='word_1_400' title='bbox 2810 4207 2897 4276; x_wconf 92' lang='grc'>111</span> <span class='ocrx_word' id='word_1_401' title='bbox 2941 4208 3128 4277; x_wconf 83' lang='lat' dir='ltr'>sunt</span> <span class='ocrx_word' id='word_1_402' title='bbox 3163 4203 3463 4278; x_wconf 88' lang='lat' dir='ltr'>instan-</span> 
     </span>
     <span class='ocr_line' id='line_1_79' title="bbox 1912 4317 3463 4414; baseline 0.001 -22"><span class='ocrx_word' id='word_1_403' title='bbox 1912 4319 2028 4392; x_wconf 87' lang='lat' dir='ltr'>tia</span> <span class='ocrx_word' id='word_1_404' title='bbox 2087 4317 2169 4389; x_wconf 88' lang='lat' dir='ltr'>in</span> <span class='ocrx_word' id='word_1_405' title='bbox 2211 4323 2423 4400; x_wconf 87' lang='lat' dir='ltr'>actu,</span> <span class='ocrx_word' id='word_1_406' title='bbox 2471 4323 2656 4391; x_wconf 90' lang='lat' dir='ltr'>sunt</span> <span class='ocrx_word' id='word_1_407' title='bbox 2717 4317 2955 4402; x_wconf 88' lang='lat' dir='ltr'>aliud,</span> <span class='ocrx_word' id='word_1_408' title='bbox 3022 4341 3262 4411; x_wconf 86' lang='lat' dir='ltr'>quam</span> <span class='ocrx_word' id='word_1_409' title='bbox 3305 4321 3463 4414; x_wconf 89' lang='lat' dir='ltr'>pri·</span> 
     </span>
     <span class='ocr_line' id='line_1_80' title="bbox 1910 4434 3463 4511; baseline 0.002 -6"><span class='ocrx_word' id='word_1_410' title='bbox 1910 4434 2284 4508; x_wconf 86' lang='lat' dir='ltr'>vationes</span> <span class='ocrx_word' id='word_1_411' title='bbox 2372 4434 2799 4508; x_wconf 80' lang='lat' dir='ltr'>ulterioris</span> <span class='ocrx_word' id='word_1_412' title='bbox 2868 4441 2948 4510; x_wconf 90' lang='lat' dir='ltr'>et</span> <span class='ocrx_word' id='word_1_413' title='bbox 3019 4437 3463 4511; x_wconf 87' lang='lat' dir='ltr'>anterioris</span> 
     </span>
     <span class='ocr_line' id='line_1_81' title="bbox 1911 4551 3462 4646; baseline 0 -22"><span class='ocrx_word' id='word_1_414' title='bbox 1911 4551 2610 4626; x_wconf 85' lang='lat' dir='ltr'>continuationis:</span> <span class='ocrx_word' id='word_1_415' title='bbox 2684 4556 2763 4624; x_wconf 89' lang='lat' dir='ltr'>et</span> <span class='ocrx_word' id='word_1_416' title='bbox 2845 4551 3016 4625; x_wconf 86' lang='lat' dir='ltr'>ideo</span> <span class='ocrx_word' id='word_1_417' title='bbox 3087 4557 3462 4646; x_wconf 86' lang='lat' dir='ltr'>tempora</span> 
     </span>
     <span class='ocr_line' id='line_1_82' title="bbox 1915 4666 3458 4760; baseline 0.001 -22"><span class='ocrx_word' id='word_1_418' title='bbox 1915 4672 2254 4760; x_wconf 86' lang='lat' dir='ltr'>possunt</span> <span class='ocrx_word' id='word_1_419' title='bbox 2311 4666 2749 4758; x_wconf 77' lang='lat' dir='ltr'>imaginari</span> <span class='ocrx_word' id='word_1_420' title='bbox 2821 4668 3232 4760; x_wconf 83' lang='lat' dir='ltr'>contigua,</span> <span class='ocrx_word' id='word_1_421' title='bbox 3300 4688 3458 4740; x_wconf 91' lang='lat' dir='ltr'>non</span> 
     </span>
     <span class='ocr_line' id='line_1_83' title="bbox 1916 4781 3462 4874; baseline 0.001 -20"><span class='ocrx_word' id='word_1_422' title='bbox 1916 4803 2057 4874; x_wconf 89' lang='lat' dir='ltr'>per</span> <span class='ocrx_word' id='word_1_423' title='bbox 2098 4781 2372 4872; x_wconf 89' lang='lat' dir='ltr'>aliqua</span> <span class='ocrx_word' id='word_1_424' title='bbox 2423 4781 2944 4854; x_wconf 88' lang='lat' dir='ltr'>indivisibilia</span> <span class='ocrx_word' id='word_1_425' title='bbox 3014 4782 3462 4856; x_wconf 85' lang='lat' dir='ltr'>mathema-</span> 
     </span>
     <span class='ocr_line' id='line_1_84' title="bbox 1911 4899 3463 4991; baseline -0.001 -19"><span class='ocrx_word' id='word_1_426' title='bbox 1911 4901 2099 4982; x_wconf 87' lang='lat' dir='ltr'>tica,</span> <span class='ocrx_word' id='word_1_427' title='bbox 2141 4900 2272 4971; x_wconf 87' lang='lat' dir='ltr'>sed</span> <span class='ocrx_word' id='word_1_428' title='bbox 2316 4900 2749 4971; x_wconf 86' lang='lat' dir='ltr'>secundum</span> <span class='ocrx_word' id='word_1_429' title='bbox 2831 4921 2914 4970; x_wconf 89' lang='lat' dir='ltr'>se</span> <span class='ocrx_word' id='word_1_430' title='bbox 2949 4955 2964 4981; x_wconf 89' lang='lat'>,</span> <span class='ocrx_word' id='word_1_431' title='bbox 3014 4899 3204 4991; x_wconf 84' lang='lat' dir='ltr'>quia</span> <span class='ocrx_word' id='word_1_432' title='bbox 3246 4901 3463 4974; x_wconf 83' lang='lat' dir='ltr'>inter</span> 
     </span>
     <span class='ocr_line' id='line_1_85' title="bbox 1914 5016 3462 5110; baseline -0.001 -20"><span class='ocrx_word' id='word_1_433' title='bbox 1914 5018 2054 5091; x_wconf 87' lang='lat' dir='ltr'>illa</span> <span class='ocrx_word' id='word_1_434' title='bbox 2086 5016 2399 5087; x_wconf 91' lang='lat' dir='ltr'>nullum</span> <span class='ocrx_word' id='word_1_435' title='bbox 2433 5016 2644 5089; x_wconf 91' lang='lat' dir='ltr'>cadit</span> <span class='ocrx_word' id='word_1_436' title='bbox 2681 5016 3053 5100; x_wconf 87' lang='lat' dir='ltr'>medium,</span> <span class='ocrx_word' id='word_1_437' title='bbox 3094 5023 3462 5110; x_wconf 87' lang='lat' dir='ltr'>utsupra</span> 
     </span>
     <span class='ocr_line' id='line_1_86' title="bbox 1912 5131 2942 5223; baseline -0.003 -19"><span class='ocrx_word' id='word_1_438' title='bbox 1912 5133 2073 5206; x_wconf 83' lang='lat' dir='ltr'>dixi</span> <span class='ocrx_word' id='word_1_439' title='bbox 2110 5133 2200 5203; x_wconf 87' lang='lat' dir='ltr'>de</span> <span class='ocrx_word' id='word_1_440' title='bbox 2235 5132 2471 5204; x_wconf 89' lang='lat' dir='ltr'>lineis</span> <span class='ocrx_word' id='word_1_441' title='bbox 2505 5131 2942 5223; x_wconf 77' lang='lat' dir='ltr'>contiguis.</span> 
     </span>
    </p>

    <p class='ocr_par' dir='ltr' id='par_1_13' title="bbox 1917 5247 3467 5692">
     <span class='ocr_line' id='line_1_87' title="bbox 2006 5247 3466 5340; baseline -0.002 -18"><span class='ocrx_word' id='word_1_442' title='bbox 2006 5249 2134 5322; x_wconf 77' lang='lat' dir='ltr'>Sic</span> <span class='ocrx_word' id='word_1_443' title='bbox 2172 5247 2426 5338; x_wconf 73' lang='lat' dir='ltr'>igitur</span> <span class='ocrx_word' id='word_1_444' title='bbox 2461 5252 2682 5340; x_wconf 89' lang='lat' dir='ltr'>patet</span> <span class='ocrx_word' id='word_1_445' title='bbox 2729 5248 2991 5340; x_wconf 88' lang='lat' dir='ltr'>prima</span> <span class='ocrx_word' id='word_1_446' title='bbox 3049 5248 3206 5332; x_wconf 89' lang='lat' dir='ltr'>via,</span> <span class='ocrx_word' id='word_1_447' title='bbox 3262 5250 3466 5340; x_wconf 86' lang='lat' dir='ltr'>quod</span> 
     </span>
     <span class='ocr_line' id='line_1_88' title="bbox 1917 5364 3465 5458; baseline -0.001 -20"><span class='ocrx_word' id='word_1_448' title='bbox 1917 5366 2233 5439; x_wconf 83' lang='lat' dir='ltr'>scilieet</span> <span class='ocrx_word' id='word_1_449' title='bbox 2276 5364 2588 5436; x_wconf 85' lang='lat' dir='ltr'>nullum</span> <span class='ocrx_word' id='word_1_450' title='bbox 2660 5364 3142 5436; x_wconf 86' lang='lat' dir='ltr'>indivisibile</span> <span class='ocrx_word' id='word_1_451' title='bbox 3201 5385 3465 5458; x_wconf 89' lang='lat' dir='ltr'>sump-</span> 
     </span>
     <span class='ocr_line' id='line_1_89' title="bbox 1917 5480 3463 5574; baseline -0.003 -16"><span class='ocrx_word' id='word_1_452' title='bbox 1917 5489 2089 5558; x_wconf 86' lang='lat' dir='ltr'>tum</span> <span class='ocrx_word' id='word_1_453' title='bbox 2228 5482 2308 5554; x_wconf 91' lang='lat' dir='ltr'>in</span> <span class='ocrx_word' id='word_1_454' title='bbox 2416 5482 2734 5556; x_wconf 84' lang='lat' dir='ltr'>ratione</span> <span class='ocrx_word' id='word_1_455' title='bbox 2836 5480 3240 5574; x_wconf 86' lang='lat' dir='ltr'>principii,</span> <span class='ocrx_word' id='word_1_456' title='bbox 3339 5484 3463 5556; x_wconf 89' lang='lat' dir='ltr'>vel</span> 
     </span>
     <span class='ocr_line' id='line_1_90' title="bbox 1919 5597 3467 5692; baseline -0.001 -15"><span class='ocrx_word' id='word_1_457' title='bbox 1919 5600 2276 5685; x_wconf 87' lang='lat' dir='ltr'>termini,</span> <span class='ocrx_word' id='word_1_458' title='bbox 2349 5605 2473 5675; x_wconf 90' lang='lat' dir='ltr'>est</span> <span class='ocrx_word' id='word_1_459' title='bbox 2527 5598 2827 5692; x_wconf 87' lang='lat' dir='ltr'>aliquid</span> <span class='ocrx_word' id='word_1_460' title='bbox 2870 5597 3314 5692; x_wconf 88' lang='lat' dir='ltr'>positivum</span> <span class='ocrx_word' id='word_1_461' title='bbox 3383 5601 3467 5675; x_wconf 90' lang='grc'>111</span> 
     </span>
    </p>
   </div>
   <div class='ocr_carea' id='block_1_9' title="bbox 3530 3190 3773 3316">
    <p class='ocr_par' dir='ltr' id='par_1_14' title="bbox 3530 3190 3773 3316">
     <span class='ocr_line' id='line_1_91' title="bbox 3530 3190 3773 3316; baseline 0.016 -14"><span class='ocrx_word' id='word_1_462' title='bbox 3530 3190 3703 3316; x_wconf 52' lang='lat' dir='ltr'>effide</span> <span class='ocrx_word' id='word_1_463' title='bbox 3711 3257 3773 3306; x_wconf 79' lang='lat'>1&#39;0.</span> 
     </span>
    </p>
   </div>
   <div class='ocr_carea' id='block_1_10' title="bbox 3522 3881 3753 3930">
    <p class='ocr_par' dir='ltr' id='par_1_15' title="bbox 3522 3881 3753 3930">
     <span class='ocr_line' id='line_1_92' title="bbox 3522 3881 3753 3930; baseline 0 0"><span class='ocrx_word' id='word_1_464' title='bbox 3522 3881 3753 3930; x_wconf 68' lang='lat' dir='ltr'>Solonio.</span> 
     </span>
    </p>
   </div>
  </div>
 </body>
</html>
