4252 6393
665 415 783 482 766

662 580 880 653 omni
968 601 1129 653 non
1179 580 1685 672 intelligente
1738 581 2201 673 intelligens

658 701 781 769 est
818 697 1106 770 melius
1142 723 1156 780 ;
1199 699 1462 792 primo
1489 698 1687 771 nihil
1714 703 1839 772 est
1865 699 2154 771 melius
2182 725 2197 782 ;

658 834 885 902 ergo,
933 820 1083 889 etc.

309 937 633 1050 I?⁶'‘⁸3{b‘{2’.
752 933 982 1013 Item,
1027 932 1279 1005 tertio
1323 932 1437 1005 sic
1493 959 1508 1003 z
1564 933 1865 1025 aliquid
1923 955 2201 1008 causa-

314 1016 562 1140 ’⁶g1·‘}1{'1'2·‹1.
657 1049 795 1118 tur
832 1048 1440 1140 contingenter;
1486 1069 1685 1141 ergo
1712 1051 1976 1143 prima
2019 1072 2199 1124 cau·

310 1127 612 1268 α’ἷςῗέᾌῖῗ
658 1184 746 1236 sa
771 1164 1339 1256 contingenter
1364 1170 1671 1248 causat,
1694 1187 1892 1259 ergo
1918 1168 2199 1240 volens

354 1255 592 1305 “ww“
656 1287 975 1355 causat.
1073 1283 1459 1359 Probatio
1541 1285 1829 1378 primae
1925 1306 2197 1358 conse·

656 1400 1029 1489 quentiae,
1097 1401 1469 1491 quaelibet
1528 1421 1774 1474 causa
1849 1401 2199 1474 secunda

648 1519 2196 1612 causatinquantummoveturaprima;

649 1653 847 1724 ergo
911 1634 978 1707 si
1041 1635 1308 1728 prima
1358 1636 1826 1714 necessario
1897 1637 2194 1715 movet,

649 1751 1020 1843 quaelibet
1103 1751 1569 1824 necessario
1635 1754 2035 1834 movetur,
2118 1756 2199 1824 et

645 1867 1050 1962 quodlibet
1196 1869 1664 1942 necessario
1780 1872 2193 1941 causatur.

646 1986 1033 2060 Probatio
1115 1988 1479 2060 secundae
1547 1985 2192 2079 consequentize:

644 2105 955 2177 nullum
1034 2108 1156 2176 est
1234 2104 1727 2198 principium
1810 2103 2195 2198 operandi

645 2221 1238 2313 contingenter,
1264 2222 1423 2294 nisi
1445 2221 1826 2294 voluntas
1853 2221 1976 2292 vel
2011 2242 2194 2294 con-

645 2339 1051 2410 comitans
1100 2338 1634 2420 voluntatem,
1682 2337 1872 2428 quia
1924 2337 2195 2429 quaeli-

599 2505 623 2520 .
645 2455 778 2528 bet
811 2455 973 2526 alia
1010 2455 1178 2547 agit
1204 2476 1302 2527 ex
1326 2453 1815 2528 necessitate
1846 2457 2188 2536 naturae,

647 2576 728 2644 et
782 2571 898 2646 ita
929 2592 1090 2642 non
1132 2571 1732 2662 contingenter.

435 2705 488 2757 6.
740 2686 1143 2778 Objicitur
1182 2689 1473 2760 contra
1510 2685 1859 2778 primam
1915 2705 2191 2757 conse·

647 2802 1086 2893 quentiam,
1124 2803 1310 2894 quia.
1340 2803 1551 2890 dat0‚
1591 2801 2033 2894 quodDeus
2067 2821 2194 2872 ne-

645 2919 1008 2991 cessario
1077 2924 1379 3000 causet,
1438 2918 1624 3011 quia
1679 2921 1954 2991 tamen
2017 2938 2179 2990 non

659 3040 928 3111 movet
970 3035 1428 3109 immediate
1459 3036 1966 3110 voluntatem
2015 3056 2191 3106 nos·

644 3156 885 3235 tram,
926 3152 1099 3227 ideo
1146 3151 1760 3245 sequitur'quod
1803 3153 2184 3224 nostrum

638 3269 846 3341 velle
869 3268 2195 3362 possitadhuccontingentercau-

639 3404 823 3457 sare
844 3384 1166 3477 aliquid.
1199 3387 1425 3467 Item,
1447 3383 1990 3477 Philosophus
2015 3403 2195 3457 con·

637 3502 886 3576 cessit
959 3503 1463 3583 antecedens,
1523 3506 1602 3574 et
1642 3501 1972 3591 negavit
2014 3521 2194 3573 con-

642 3639 1009 3711 sequens,
1096 3618 1458 3710 ponendo
1547 3616 2196 3708 contingentiam

644 3738 724 3810 in
751 3734 1304 3815 inferioribus,
1331 3755 1431 3806 ex
1465 3738 1715 3814 motu,
1761 3734 1891 3826 qui
1929 3754 2197 3806 neces·

641 3854 865 3927 sario
924 3855 1317 3927 causatur
1373 3850 1853 3942 inquantum
1891 3850 2202 3922 unifor-

645 3971 823 4043 mis:
851 3967 1489 4042 seddifformitas
1515 3966 1884 4058 sequitur
1906 3988 2002 4038 ex
2023 3985 2200 4059 par-

306 4097 613 4220 Sssrivan
643 4087 858 4161 tibus
892 4085 1091 4179 ejus,
1128 4083 1341 4158 etita
1366 4082 1947 4173 contingentia.
1996 4086 2200 4157 Con-

299 4161 603 4271 ηἶοῖἶζῖἷέο
645 4206 780 4278 tra
813 4201 1240 4275 secundam
1291 4225 1304 4268 ε
1352 4199 1514 4272 alia
1567 4202 1788 4272 mota
1850 4203 2190 4292 possunt

298 4292 1047 4414 ssffississreimpediri,
1104 4318 1334 4391 etita
1379 4316 1841 4409 oppositum
1889 4316 2197 4389 contin·

299 4417 619 4462 ⁸²²²²⁰⁰⁶r⁶²'
647 4441 935 4529 genter
972 4434 1323 4508 evenire.
1394 4434 1506 4505 Ad
1543 4432 1895 4525 primum
1944 4432 2034 4512 ,si
2071 4436 2197 4506 est

649 4555 1002 4647 primum
1035 4552 1392 4625 efficiens
1473 4554 1845 4643 respectu
1917 4549 2195 4619 volun-

650 4670 846 4744 tatis
937 4674 1271 4743 nostrae.
1362 4667 1564 4739 idem
1657 4665 2027 4756 sequitur
2105 4664 2196 4735 de

649 4787 851 4880 ipsa,
915 4786 1120 4878 quod
1185 4786 1276 4858 de
1340 4781 1552 4867 aliis,
1590 4781 1776 4874 quia
1836 4782 2005 4853 sive
2057 4781 2198 4853 im-

650 4902 993 4976 mediate
1084 4902 1406 4972 moveat
1477 4916 1681 4977 eam,
1736 4895 1904 4967 sive
1983 4895 2197 4968 aliud

649 5017 1134 5100 immediate,
1244 5019 1319 5086 et
1439 5012 1628 5085 illud
1730 5013 2195 5085 necessario

651 5141 962 5211 motum
1053 5133 1399 5211 moveat,
1477 5129 1664 5222 quia
1740 5133 2009 5202 movet
2099 5152 2247 5201 ex—

647 5253 799 5327 hoc
880 5251 1084 5346 quod
1155 5251 1554 5327 movetur,
1630 5246 1949 5319 tandem
2017 5267 2198 5339 pro-

647 5370 955 5443 ximum
1052 5362 1516 5439 necessario
1619 5363 1969 5435 movebit
2066 5384 2197 5434 vo-

649 5488 1048 5561 luntatem
1085 5508 1101 5566 ;
1146 5486 1224 5555 et
1261 5482 1375 5555 ita
1408 5480 1875 5552 necessario
1921 5478 2201 5550 volun-

650 5609 778 5680 tas
810 5604 1050 5684 volet,
1077 5604 1154 5672 et
1200 5601 1269 5672 si
1317 5600 1478 5673 erit
1514 5599 1796 5670 volens
1842 5619 2202 5669 necessa-

1829 421 1932 482 DE
1985 419 2226 486 PRIMO
2275 419 2667 485 PluNcwlo

2318 583 2470 664 rio,
2522 583 2893 675 sequitur
2934 583 3282 656 ulterius
3325 582 3853 677 impossibile.

2318 699 2523 789 quod
2584 698 3048 772 necessario
3109 703 3419 782 causat,
3469 701 3674 792 quod
3722 721 3860 772 vo-

2317 815 2543 886 lendo
2577 821 2884 890 causat.

2402 932 2514 1002 Ad
2548 933 3009 1014 secundum,
3054 954 3213 1007 non
3246 934 3424 1007 dico
3450 932 3578 1007 hic
3608 938 3862 1003 contin·

2309 1073 2490 1139 qens,
2538 1048 3090 1140 quodcumque
3129 1049 3335 1142 quod
3378 1068 3536 1121 non
3569 1054 3693 1125 est
3733 1070 3862 1123 ne-

2313 1166 2792 1248 cessarium,
2850 1188 2995 1240 nec
3060 1168 3678 1262 sempiternum,
3723 1169 3857 1240 sed

2312 1285 2542 1378 cujus
2587 1284 3049 1378 oppositum
3087 1290 3354 1379 potest
3386 1285 3587 1369 fieri,
3618 1306 3859 1379 quan·

2312 1403 2408 1473 do
2447 1402 2638 1474 illud
2672 1404 2758 1477 fil:
2804 1432 2820 1482 .·
2887 1402 3059 1476 ideo
3093 1403 3255 1475 dixi
3305 1407 3571 1494 aliquid
3600 1408 3853 1473 concin-

2310 1532 2539 1607 yenter
2570 1533 2905 1603 causatur,
2945 1540 3129 1601 non,
3157 1522 3425 1610 aliquid
3463 1535 3556 1589 esc
3594 1525 3854 1591 contin·
3891 1542 4031 1617 Qyid
4058 1555 4171 1590 con-

2307 1660 2490 1724 qens.
2540 1636 2773 1708 Modo
2816 1637 3018 1719 ‹lic0,
3059 1638 3264 1728 quod
3310 1637 3853 1731 Philosophus
3911 1607 4175 1665 “⁸⁹⁰²'‘

2312 1771 2469 1823 non
2510 1753 2770 1844 potuit
2815 1753 3479 1845 consequentiam
3522 1773 3850 1846 negare,

2314 1866 2693 1938 solvendo
2754 1868 3229 1940 antecedens
3280 1888 3424 1961 per
3474 1872 3784 1942 motum
3833 1898 3854 1957 ‚-

2312 1983 2491 2075 quia
2542 1982 2605 2054 si
2653 1983 2786 2056 ille
2833 1988 3348 2059 motustotus
3389 1987 3856 2060 necessario

2310 2101 2431 2169 est
2468 2118 2511 2168 a
2546 2116 2791 2170 causa
2838 2120 3007 2182 sua,
3038 2099 3409 2191 quaelibet
3452 2121 3648 2194 pars
3679 2101 3857 2195 ejus

2309 2218 2703 2286 causatur
2755 2215 3251 2296 necessario,
3312 2217 3624 2308 quando
3675 2238 3859 2291 cau·

2310 2335 2566 2414 satur,
2634 2332 2783 2405 hoc
2842 2337 2991 2415 est,
3066 2333 3675 2417 inevitabiliter,
3739 2335 3855 2407 ita

2310 2449 2511 2540 quod
2574 2449 3037 2541 oppositum
3107 2451 3296 2523 tunc
3352 2470 3512 2522 non
3574 2457 3853 2544 posset

2308 2563 2634 2636 causari
2682 2591 2697 2646 ς
2760 2568 2840 2640 et
2884 2566 3256 2647 ulterius,
3316 2567 3521 2659 quod
3571 2586 3851 2641 causa-

2307 2682 2445 2752 tur
2509 2679 2624 2753 sic
2678 2702 2823 2774 per
2876 2703 3468 2775 quamcumque
3530 2690 3850 2776 partem

2309 2800 2603 2879 motus,
2662 2798 3131 2871 necessario
3191 2804 3380 2873 tunc
3433 2806 3850 2884 causatur,

2309 2912 2379 2985 id
2422 2919 2570 2996 est,
2620 2913 3237 2999 inevitabiliter;
3276 2917 3402 2988 vel
3440 2917 3694 3008 igitur
3734 2920 3855 2992 ni-

2308 3029 2417 3102 hil
2470 3031 2558 3104 fit
2592 3033 3186 3124 contingenter,
3228 3032 3297 3106 id
3339 3037 3487 3116 est,
3526 3035 3858 3109 evitabi-

2303 3146 2521 3231 liter;
2567 3148 2694 3221 vel
2730 3147 3085 3242 primum
3111 3149 3225 3223 sic
3250 3155 3537 3227 causat
3570 3151 3857 3227 imme-

2304 3263 2542 3344 diate,
2590 3266 2795 3356 quod
2830 3269 3277 3358 possetnon
3309 3287 3677 3341 causare.

2424 3381 2537 3453 Ad
2582 3381 2942 3466 tertium,
2981 3383 3048 3455 si
3101 3383 3374 3476 aliqua
3412 3405 3660 3458 causa
3720 3408 3855 3479 po·
4017 3390 4077 3444 ⁷·

2309 3498 2472 3570 test
2516 3496 2930 3590 impedire,
2996 3498 3137 3571 illa
3213 3520 3369 3571 non
3408 3504 3704 3593 potest,
3739 3503 3855 3574 ni·

2312 3613 2378 3686 si
2435 3612 2747 3689 virtute
2807 3617 3331 3709 superiorum
3413 3637 3853 3692 causarum

2313 3730 2726 3828 impedire,
2772 3732 3002 3806 etsie
3038 3754 3290 3825 usque
3325 3735 3417 3806 ad
3454 3735 3802 3827 primam
3835 3763 3851 3817 ;

2314 3868 2488 3939 quse
2552 3848 2618 3920 si
2681 3849 3230 3923 immediatam
3289 3870 3621 3924 causam
3703 3853 3857 3925 sibi

2312 3968 2779 4040 necessario
2838 3972 3135 4051 movet,
3199 3969 3276 4041 in
3333 3973 3507 4044 toto
3580 3971 3859 4042 ordine

2315 4103 2566 4174 usque
2610 4084 2703 4155 ad
2757 4084 3000 4157 istam
3066 4085 3650 4177 impedientem,
3695 4087 3858 4158 erit

2311 4198 2802 4280 necessitas;
2858 4220 3057 4291 ergo
3100 4200 3566 4273 necessario
3620 4200 3862 4295 impe-

2310 4314 2508 4397 diet;
2551 4336 2748 4407 ergo
2802 4318 2991 4388 tunc
3044 4336 3203 4388 non
3266 4323 3541 4409 posset
3585 4318 3861 4410 aliqua

2312 4431 2474 4503 alia
2524 4433 3090 4524 contingenter
3130 4453 3477 4510 causare
3531 4435 3860 4527 aliquod

2311 4552 2762 4621 causatum.

2401 4670 2709 4749 Quarto
2753 4666 3151 4759 probatur
3199 4668 3612 4741 conclusio
3658 4697 3671 4740 :
3712 4671 3860 4743 ali-

2313 4782 2519 4873 quod
2565 4782 2863 4853 malum
2924 4785 3045 4854 cst
3101 4782 3177 4853 in
3240 4784 3591 4867 entibus:
3653 4806 3861 4875 ergo

2316 4899 2669 4990 primum
2754 4899 3326 4989 contingenter
3386 4906 3719 4984 causat;
3779 4910 3862 4978 et

2306 5018 2497 5088 tunc
2628 5018 2714 5088 ut
2797 5013 3050 5106 prius.
3140 5015 3529 5089 Probatio
3582 5038 3864 5091 conse-

2314 5131 2684 5225 quentiae,
2732 5151 2967 5203 omne
3002 5150 3251 5221 agens
3295 5153 3393 5203 ex
3426 5135 3864 5206 necessita·

2312 5252 2390 5320 te
2416 5253 2755 5327 naturae,
2797 5247 2965 5335 agit
3009 5249 3441 5319 secundum
3477 5248 3860 5325 ultimum

2314 5386 2476 5434 sum
2521 5362 2927 5456 potentiae,
2993 5366 3071 5437 et
3133 5361 3249 5436 ita
3294 5364 3387 5436 ad
3429 5366 3859 5457 perfectio·

2311 5500 2491 5551 nem
2572 5477 3038 5571 possibilem
3109 5478 3444 5572 produci
3494 5481 3593 5552 ab
3632 5482 3852 5575 ipso;

2313 5618 2510 5687 ergo
2577 5595 2644 5668 si
2726 5594 3078 5688 primum
3139 5595 3306 5689 agit
3348 5600 3849 5687 necessario,
