4252 6393
1630 388 1989 467 QUAESTIO
2038 390 2222 453 xvm
3466 389 3583 453 623

362 556 438 629 in
483 578 572 632 re
621 563 885 642 extra,
964 559 1151 650 quia
1197 559 1631 630 secundum
1675 578 1907 629 suam

360 675 765 749 rationem
804 679 1079 768 partes
1110 674 1285 767 ejus
1317 694 1478 749 non
1514 680 1726 755 sunt,
1767 676 1908 765 igi-

360 798 495 868 tur
533 813 679 866 nec
721 797 1040 886 tempus
1081 794 1292 873 erit;
1338 793 1614 869 eadem
1661 792 1909 867 ratio-

360 931 456 983 ne
492 910 824 984 omnino
856 911 1465 992 concederetur,
1506 913 1711 1003 quod
1750 932 1908 984 mo-

358 1030 489 1099 tus
529 1027 845 1100 nullum
886 1050 1021 1097 esse
1051 1027 1288 1102 habet
1333 1030 1411 1101 in
1450 1049 1560 1111 re,
1608 1030 1740 1101 sod
1784 1049 1912 1101 so-

363 1145 527 1216 lum
589 1144 668 1215 in
718 1144 1018 1227 anima,
1094 1145 1282 1236 quia
1328 1149 1603 1238 partes
1640 1151 1909 1220 motus

366 1263 476 1338 ita
535 1262 724 1335 sunt
769 1262 846 1336 in
900 1263 1287 1336 continuo
1352 1263 1595 1345 fluxu,
1644 1268 1722 1338 et
1791 1264 1910 1337 de-

367 1376 839 1469 perditione,
914 1377 1122 1450 sicut
1184 1382 1504 1469 tempus
1563 1404 1576 1447 :
1658 1383 1737 1452 et
1797 1378 1913 1451 ita

368 1497 641 1585 posset
707 1493 888 1575 dici,
972 1494 1178 1586 quod
1251 1514 1442 1587 pars
1507 1493 1912 1587 praeteriti

372 1612 664 1693 motus,
727 1628 890 1683 non
949 1617 1066 1686 est
1136 1631 1328 1705 pars
1399 1612 1681 1694 futuri,
1754 1613 1912 1685 nisi

362 1729 547 1801 dum
625 1733 751 1803 est
813 1757 826 1800 :
908 1749 1099 1823 pars
1176 1750 1529 1822 praesens
1610 1733 1912 1806 transit

364 1846 647 1919 statim
682 1847 760 1918 in
796 1844 1337 1940 praeteritum,
1375 1852 1455 1922 et
1489 1849 1605 1921 sic
1642 1849 1719 1921 in
1753 1870 1911 1920 non

363 1981 531 2034 ens.
576 1962 869 2035 Dicere
904 1968 1175 2039 autem
1205 1965 1411 2056 quod
1447 1969 1719 2038 motus
1753 1984 1914 2038 non

363 2080 472 2153 sit
513 2080 592 2152 in
639 2100 725 2153 re
765 2084 1032 2162 extra,
1081 2081 1210 2153 sed
1246 2080 1326 2154 in
1358 2082 1630 2153 anima
1675 2087 1915 2155 extra

365 2213 718 2278 sensum,
783 2201 863 2270 et
903 2201 1144 2270 extra
1219 2197 1624 2271 rationem
1663 2199 1910 2270 omni·

364 2332 467 2385 no
500 2313 823 2388 videtur
871 2334 1074 2387 esse.

456 2432 685 2510 Item,
715 2430 1119 2521 quiatunc
1154 2436 1451 2514 motus,
1479 2437 1558 2506 et
1594 2438 1914 2525 tempus

360 2551 634 2620 essent
667 2546 1157 2623 intentiones
1192 2547 1606 2639 logicales‚
1643 2555 1723 2624 et
1754 2571 1916 2623 non

370 2680 500 2735 res
542 2663 991 2737 naturales.

459 2782 689 2863 Item,
730 2799 873 2854 nec
906 2799 1174 2853 causae
1226 2781 1578 2873 alicujus
1624 2784 1742 2855 rei
1785 2803 1915 2856 na-

367 2898 691 2981 turaliS,
739 2900 945 2991 quod
991 2903 1117 2971 est
1178 2904 1558 2991 apertum
1605 2902 1918 2973 menda·

368 3015 610 3088 cium.

133 3134 306 3187 hidam
460 3131 644 3205 Ideo
712 3133 1092 3208 dixerunt
1155 3132 1295 3206 alii
1340 3136 1545 3227 quod
1600 3139 1918 3230 tempus

134 3206 214 3246 ‘unt
233 3214 334 3248 mo-

133 3270 292 3386 522233
368 3250 704 3334 omnino
747 3251 986 3326 habet
1051 3275 1185 3321 esse
1245 3253 1322 3324 in
1372 3273 1457 3325 re
1525 3258 1784 3335 extra,
1840 3259 1921 3327 et

133 3386 336 3435 emm
363 3387 529 3440 non
574 3367 654 3440 in
696 3367 991 3450 anima,
1029 3370 1186 3442 nisi
1248 3370 1457 3444 sicut
1491 3371 1651 3443 alia
1697 3373 1922 3444 intel·

133 3448 295 3559 {⁸312
372 3484 724 3576 ligibilia
794 3490 980 3559 sunt
1050 3485 1155 3558 ibi
1229 3507 1372 3580 per
1450 3508 1682 3560 suam
1753 3510 1920 3582 spe-

133 3587 246 3622 ”m‘
370 3604 584 3676 ciem
629 3629 644 3673 ε
685 3603 894 3677 sicut
935 3604 1127 3677 dicit
1176 3606 1666 3680 Aristoteles
1708 3610 1772 3679 3.
1843 3611 1925 3676 de

367 3724 644 3797 Anima,
689 3735 849 3790 eeoet.
895 3745 1125 3790 comm.
1170 3725 1279 3795 38.
1332 3724 1538 3814 quod
1581 3727 1755 3814 Iapis
1794 3749 1924 3794 non

361 3852 459 3906 est
494 3842 568 3907 in
596 3843 854 3922 anima,
895 3840 1012 3907 sed
1048 3841 1296 3929 species
1337 3842 1603 3928 lapidis.
1663 3844 1758 3915 Et
1790 3862 1923 3914 eo-

366 3974 554 4027 rum
602 3955 816 4027 ratio
876 3960 1002 4030 est
1074 3955 1283 4038 ista3
1355 3958 1542 4049 quia
1604 3963 1924 4051 tempus

365 4072 749 4163 sequitur
793 4076 1131 4155 motum,
1170 4077 1250 4147 et
1282 4074 1639 4166 ejusdem
1679 4076 1923 4150 ratio-

359 4188 496 4259 nis
537 4192 663 4260 est
705 4209 887 4261 cum
920 4211 1014 4261 eo
1060 4218 1072 4259 :
1126 4193 1397 4262 motus
1427 4195 1696 4265 autem
1742 4213 1924 4264 cum

363 4304 478 4377 sit
550 4304 768 4378 actio
827 4306 1262 4387 naturalis,
1339 4311 1603 4380 totum
1689 4329 1923 4380 suum

359 4444 503 4490 esse
544 4420 783 4494 habet
830 4422 908 4494 in
945 4443 1032 4495 re
1065 4426 1287 4495 mota
1322 4428 1586 4504 extra,
1633 4427 1710 4497 et
1753 4427 1923 4497 abs-

362 4555 523 4626 que
577 4538 867 4610 animae
913 4540 1458 4633 perceptione,
1516 4541 1670 4612 nisi
1719 4542 1925 4615 sicut

360 4651 738 4744 cognitio
809 4656 1354 4729 terminorum
1428 4655 1927 4748 cognoscibi-

359 4768 617 4850 lium;
662 4770 789 4842 vel
848 4792 1053 4855 esse,
1125 4778 1248 4846 est
1321 4773 1400 4845 in
1459 4773 1925 4864 cognitione

365 4903 520 4976 per
569 4906 801 4958 suam
857 4889 1232 4981 speciem,
1304 4894 1385 4963 et
1435 4889 1566 4964 hic
1622 4891 1926 4963 inveni-

362 5006 536 5083 tur,
586 5003 903 5078 scilicet
959 5011 1252 5089 motuS,
1324 5007 1400 5078 in
1463 5006 1701 5080 rebus
1763 5008 1926 5078 ani-

364 5120 649 5202 matis,
684 5124 767 5195 et
804 5121 1300 5198 inanimatis.
1342 5125 1468 5198 Sic
1506 5125 1762 5215 igitur
1792 5146 1923 5195 vo·

361 5234 551 5309 lunt
593 5236 801 5329 quod
835 5258 980 5310 nec
1014 5242 1334 5332 tempus
1369 5241 1588 5314 sitin
1622 5241 1919 5322 anima,

360 5353 533 5425 nisi
568 5373 714 5446 per
756 5374 987 5427 suam
1042 5358 1417 5450 speciem.

2601 663 2907 720 SCHOLIU
2918 666 2994 719 M.

2094 826 2332 884 Relatis
2363 825 2604 884 duabus
2633 825 2930 881 extremis
2967 823 3386 895 opinionibus,
3439 838 3572 881 me-

2023 924 2193 982 diam
2228 926 2438 982 Doctor
2467 924 2888 996 amplectitur,
2931 923 3144 980 dicens
3194 927 3444 995 tempus
3473 938 3574 979 se-

2022 1025 2300 1083 cundum
2334 1038 2514 1080 suum
2554 1039 2659 1077 esso
2727 1022 3050 1080 materiale
3098 1037 3235 1079 esse
3288 1025 3352 1079 in
3386 1024 3574 1080 rebus

2023 1129 2199 1181 extra
2267 1124 2540 1181 animam
2583 1141 2597 1193 ;
2651 1121 2992 1180 secundum
3051 1124 3353 1180 rationem
3423 1135 3575 1180 vero

2025 1223 2375 1291 formalem,
2460 1226 2642 1294 prout
2719 1236 2795 1278 ex
2861 1223 3142 1294 partibus
3229 1221 3572 1279 secundum

2025 1325 2224 1396 priuS,
2258 1329 2319 1379 et
2347 1326 2678 1395 posteriuS,
2703 1325 2804 1380 vel
2830 1338 2906 1379 ex
2936 1327 3272 1396 praeteritO,
3298 1339 3575 1396 praesen-

2024 1423 2092 1489 ti,
2129 1426 2188 1478 et
2219 1420 2430 1478 futuro
2460 1423 2765 1478 conflatur
2807 1438 3001 1480 unum
3068 1427 3262 1481 totum
3315 1439 3429 1496 per
3475 1425 3575 1480 in-

2023 1521 2367 1589 tellectum,
2403 1522 2543 1577 illas
2573 1525 3084 1593 conjungentem,
3118 1524 3340 1581 asserit
3371 1526 3573 1581 solum

2027 1622 2091 1676 in
2122 1621 2333 1678 anima
2365 1622 2671 1677 inveniri.
2707 1621 3017 1678 Similiter
3047 1622 3302 1679 videtur
3333 1623 3573 1681 sentire

2027 1719 2135 1775 lib.
2177 1721 2230 1774 5.
2266 1720 2534 1791 Metaph.
2576 1723 2794 1792 quaest.
2847 1723 2900 1777 8.
2954 1735 3127 1778 num.
3162 1725 3215 1778 2.
3269 1727 3455 1795 atque
3506 1723 3568 1778 in

2023 1814 2311 1886 sequenti
2344 1814 2611 1870 articulo
2641 1815 2850 1872 omnia
2892 1816 3022 1871 haec
3062 1816 3302 1873 elarius
3331 1830 3571 1889 expen-

2025 1910 2141 1968 dit.

2117 2064 2274 2136 Alii
2351 2065 2624 2139 dicunt
2692 2067 2953 2155 magis
3037 2067 3401 2149 realiter,
3484 2073 3573 2142 ut

2026 2182 2292 2263 credO,
2332 2183 2536 2273 quod
2593 2187 2909 2276 tempus
2961 2204 3142 2255 cum
3206 2184 3311 2258 sit
3369 2185 3573 2257 idem

2030 2316 2145 2378 re,
2204 2299 2409 2388 quod
2464 2304 2761 2381 motus,
2817 2299 3195 2374 differens
3242 2301 3574 2375 formali

2029 2413 2350 2487 ratione
2379 2418 2554 2508 (per
2600 2436 2839 2508 quam
2884 2418 3289 2492 rationem
3348 2439 3580 2492 voca-

2030 2535 2170 2603 tur
2207 2553 2400 2606 vere
2453 2536 2800 2625 tempus)
2848 2536 3286 2608 secundum
3340 2554 3573 2607 suum

2029 2672 2165 2716 esse
2206 2650 2634 2723 materiale
2668 2655 2790 2723 est
2834 2650 2913 2722 in
2978 2653 3219 2725 rebus
3260 2658 3500 2726 extra
3553 2681 3565 2723 :

2032 2769 2465 2840 secundum
2545 2787 2773 2840 suam
2867 2789 3064 2841 vero
3173 2770 3577 2844 rationem

2034 2882 2464 2955 formalem
2497 2887 2621 2955 ost
2681 2884 2780 2955 ab
2834 2886 3130 2965 anima,
3195 2889 3277 2958 et
3334 2889 3459 2958 est
3502 2885 3581 2957 in

2030 3023 2150 3074 ea.

2125 3120 2384 3212 Hujus
2467 3119 2874 3213 opinionis
2951 3122 3271 3194 videtur
3334 3121 3583 3194 fuisse

2033 3239 2678 3318 Commentator,
2715 3258 2898 3310 cum
2930 3239 3124 3313 dicit
3166 3258 3412 3331 super
3456 3259 3585 3311 ca·

2038 3358 2179 3445 put
2219 3354 2310 3426 de
2351 3354 2772 3446 Tempore,
2821 3356 3028 3446 quod
3090 3360 3407 3448 tempus
3459 3361 3585 3430 est

2033 3470 2123 3541 de
2171 3490 2512 3543 numero
2558 3472 2892 3552 entium,
2950 3492 3301 3563 quorum
3353 3476 3585 3546 actus

2035 3589 2499 3680 completur
2535 3610 2676 3681 per
2707 3590 3089 3661 animam.
3137 3593 3233 3664 Et
3262 3591 3421 3664 ista
3463 3596 3589 3665 est

2036 3706 2409 3780 doctrina
2445 3706 2941 3788 Aristotelis,
2990 3728 3162 3800 cap.
3216 3709 3308 3780 de
3367 3710 3588 3781 Tem·

2041 3843 2265 3915 poro:
2312 3823 2442 3895 ubi
2477 3836 2634 3891 text.
2681 3848 2910 3893 comm.
2950 3828 3099 3897 130.
3137 3825 3337 3907 vult,
3377 3827 3583 3917 quod

2041 3946 2361 4033 tempus
2425 3942 2632 4015 inest
2695 3943 3064 4016 omnibus
3138 3945 3374 4016 rebus
3449 3965 3590 4037 per

2043 4065 2356 4132 motum
2394 4060 2471 4131 in
2516 4064 2767 4142 terra,
2811 4061 2888 4132 in
2924 4061 3158 4141 mari,
3205 4066 3285 4134 et
3331 4061 3408 4132 in
3443 4083 3587 4134 coe-

2043 4176 2145 4257 lo,
2220 4197 2403 4249 cum
2477 4177 2580 4249 sit
2666 4179 2973 4269 passio,
3046 4183 3124 4250 et
3204 4198 3589 4251 mensura

2042 4296 2337 4375 motus,
2385 4315 2529 4368 nec
2587 4295 2898 4387 possint
2941 4295 3040 4368 ab
3086 4294 3430 4369 invicem
3475 4319 3587 4369 se-

2043 4412 2348 4503 parari.
2420 4413 2688 4484 Motus
2750 4416 3021 4486 autem
3100 4418 3225 4487 est
3286 4414 3587 4506 aliquid

2044 4530 2261 4600 reale
2316 4535 2617 4622 praeter
2659 4531 3092 4613 actionem,
3137 4537 3217 4606 et
3260 4551 3591 4627 concep-

2043 4650 2215 4719 tum
2268 4647 2584 4719 animae.
2633 4649 2851 4730 Quod
2903 4654 3174 4722 autem
3236 4651 3588 4743 aliquem

2043 4762 2365 4834 modum
2434 4764 2747 4836 essendi
2809 4765 3099 4841 habeat
3167 4767 3265 4838 ab
3319 4770 3592 4845 anima

2041 4876 2528 4961 immediate,
2558 4879 2949 4962 concedit,
2994 4901 3347 4973 arguens
3384 4889 3591 4978 quod

2038 4997 2360 5086 tompus
2410 4998 2535 5069 est
2569 5015 3000 5078 numerus;
3067 5017 3265 5090 ergo
3322 5019 3591 5075 nume-

2041 5131 2233 5182 rans
2279 5139 2293 5182 z
2335 5113 2483 5184 hoc
2527 5116 2803 5184 autem
2837 5119 2961 5187 est
2994 5116 3310 5199 anima;
3357 5139 3585 5212 ergo,

2040 5232 2195 5300 etc.

2124 5346 2239 5416 Ad
2309 5345 2732 5419 videndum
2832 5349 3090 5439 igitur
3186 5356 3587 5443 quomodo

2040 5465 2358 5552 tempus
2401 5460 2641 5536 habet
2709 5489 2844 5533 esse
2919 5468 3139 5539 reale
3206 5469 3379 5542 sine
3420 5473 3590 5544 ani-

2041 5596 2195 5659 ma,
2238 5583 2315 5651 et
2359 5580 2535 5672 ejus
2582 5604 2714 5650 esse
2755 5581 3100 5657 formale
3133 5585 3231 5658 ab
3268 5588 3566 5672 anima,

3601 2099 3920 2214 Aliiigiedia

3641 2226 3895 2301 ἰηοεᾴαηε

3717 2303 3813 2338 vta
3823 2324 3836 2338 .
