4252 6393
433 1626 493 1678 ln
524 1627 687 1681 cate-
739 1626 915 1699 puS,
950 1610 1031 1680 et
1063 1606 1232 1681 haeo
1262 1606 1535 1680 anima
1566 1612 1689 1682 est
1723 1605 1995 1681 anima
2030 1634 2045 1690 ;
2080 1630 2282 1700 ergo

408 1693 922 1817 εοοῖΐέῗιόυω
975 1725 1407 1798 seeundum
1448 1725 1845 1808 Boetium,
1893 1725 2280 1799 Praediea-

421 1814 675 1866 substant.

411 1891 568 1950 prope
593 1876 691 1927 ini.

468 1945 618 1992 num.

768 367 886 440 386
1957 370 2057 431 DE
2102 368 2377 445 RERUM
2411 367 2797 432 PRINCIPIO

825 557 1193 630 Primum
1257 559 1590 631 ostendo
1655 581 1670 625 :
1738 559 2293 640 Quandoeuin-
2407 556 2845 628 seeundum
2924 554 3389 647 opinionem
3459 551 3922 644 aliquorum,

739 695 888 765 que
963 675 1288 767 aliquod
1361 675 1740 768 superius
1804 675 2296 767 praedicatur
2411 672 2760 745 materia
2840 693 2985 764 per
3060 670 3416 744 divinam
3505 668 3926 762 potentiani

733 791 823 862 de
866 789 1425 874 inferioribus,
1485 792 1698 865 siout
1756 794 2021 863 totum
2085 791 2291 882 quod
2408 793 2681 880 potest
2732 788 3179 862 subsistere
3222 787 3395 860 sine
3443 791 3632 860 actu
3691 785 3929 877 cujus-

736 907 1254 1000 praedieatur‚
1310 930 1395 981 se
1446 907 1687 981 habet
1747 909 1842 982 ad
1894 908 2035 980 illa
2083 911 2285 990 tota,
2404 903 2600 979 libet
2647 903 2960 988 formae,
3016 909 3097 979 et
3139 906 3255 978 sie
3296 904 3498 986 dieo,
3557 903 3760 995 quod
3806 902 3928 974 illa

738 1024 829 1097 de
882 1023 1170 1117 quibus
1233 1025 1787 1118 praediea-tur,
1833 1025 1949 1099 ita
2011 1027 2288 1118 partes
2405 1018 2624 1094 esset
2681 1020 2761 1093 in
2813 1021 3182 1114 potentia
3223 1020 3319 1093 ad
3360 1039 3929 1113 quamcumque

739 1140 1262 1235 superiorum
1297 1143 1394 1215 ad
1430 1146 1707 1235 partes
1742 1141 2230 1217 inferiorum
2269 1170 2284 1214 ε
2401 1137 2781 1212 formam.

741 1256 810 1328 si
849 1256 1063 1330 enim
1097 1256 1342 1331 homo
1389 1257 1884 1351 praedicatur
1933 1260 2023 1332 de
2066 1259 2286 1332 omni
2493 1259 2723 1341 Item,
2787 1258 3149 1332 videmus
3205 1256 3283 1330 in
3334 1256 3651 1331 artibus
3693 1260 3772 1331 et
3809 1276 3927 1328 na·

740 1370 1227 1464 particulari
1284 1371 1635 1455 homine,
1708 1376 1790 1448 et
1858 1377 2134 1467 partes
2194 1376 2286 1448 de
2397 1374 2836 1457 turalibus,
2910 1374 3118 1466 quod
3205 1371 3554 1446 materia
3641 1377 3927 1465 quanto

741 1488 1138 1583 partibus,
1204 1493 1295 1563 ut
1357 1489 1512 1563 hoo
1571 1511 1868 1584 eorpus
1927 1497 2052 1565 est
2109 1514 2283 1566 eor·
2402 1490 2662 1580 magis
2715 1491 3164 1564 denudatur
3221 1490 3319 1562 ab
3376 1492 3565 1563 actu
3625 1488 3922 1572 formae,

2397 1610 2626 1680 tanto
2667 1607 2906 1682 habet
2937 1611 3356 1699 aspectum
3397 1606 3922 1699 ampliorem:

2395 1720 2634 1812 plura
2708 1722 2925 1794 enim
2970 1727 3311 1815 possunt
3359 1722 3538 1795 fieri
3599 1745 3699 1796 ex
3755 1723 3931 1796 lana

736 1842 1096 1914 mentum
1170 1841 1649 1915 substantiae
1706 1841 1812 1917 sit
1880 1842 2277 1935 composi·
2394 1857 2633 1928 quam
2676 1859 2774 1909 ex
2823 1839 2985 1921 filo,
3039 1843 3118 1913 et
3180 1861 3279 1912 ex
3345 1838 3482 1911 filo
3543 1860 3785 1932 quam
3840 1862 3930 1913 ex

732 1962 905 2032 tum
946 1978 1047 2030 ex
1082 1957 1432 2032 materia
1472 1961 1549 2031 et
1593 1958 1890 2039 forma,
1974 1957 2041 2029 si
2100 1957 2275 2030 sub-
2393 1973 2689 2045 panno,
2743 1959 2823 2028 et
2864 1976 2962 2028 ex
3005 1959 3233 2029 terra
3285 1977 3524 2048 quam
3557 1978 3655 2029 ex
3689 1957 3928 2049 ligno,

730 2074 1036 2150 stantia
1074 2074 1165 2147 de
1200 2074 1569 2147 omnibus
1606 2074 2119 2168 praedicatur,
2160 2097 2273 2148 se·
2385 2070 2511 2141 vel
2557 2069 2830 2154 ferro;
2903 2091 3103 2163 ergo
3156 2072 3506 2145 materia
3548 2073 3717 2156 illa,
3765 2093 3928 2166 quae

728 2191 1008 2284 quitur
1067 2191 1271 2286 quod
1326 2191 1591 2285 prima
1656 2191 2027 2274 materia,
2094 2213 2269 2284 quae
2385 2185 2560 2259 sola
2612 2191 2737 2262 est
2786 2188 2885 2259 ab
2936 2187 3157 2260 omni
3197 2193 3384 2262 actu
3438 2188 3771 2263 formali
3817 2191 3932 2263 de-

721 2314 847 2384 est
923 2310 1101 2403 ejus
1179 2329 1399 2402 pars,
1473 2310 1565 2382 de
1628 2309 1847 2382 omni
1919 2309 2268 2383 materia
2381 2303 3209 2388 nudata,neoessario
3241 2304 3483 2380 habet
3513 2312 3931 2400 aspectum

720 2427 1245 2518 praedicatum
1330 2425 1588 2518 igitur
1649 2447 1828 2499 eum
1902 2426 1983 2497 in
2045 2427 2265 2499 omni
2378 2421 2473 2493 ad
2508 2442 2786 2494 omnes
2829 2421 3167 2495 formas

476 3288 563 3347 39.

716 2543 1293 2636 praedieatione
1318 2542 1817 2616 affirmativa
1838 2562 2035 2614 vera
2068 2563 2264 2634 prae-

712 2658 1069 2733 dicatum
1140 2659 1245 2734 sit
1315 2658 1521 2733 idem
1594 2677 1777 2732 oum
1849 2657 2254 2751 subjecto;

2470 2540 2700 2622 Item,
2745 2561 2845 2611 ex
2899 2540 3438 2633 proportione
3488 2540 3779 2616 formae
3835 2542 3926 2614 ad

2376 2654 2849 2738 materiam,
2925 2661 3230 2748 quanto
3302 2657 3578 2750 aliqua
3657 2659 3924 2732 forma

710 2793 909 2866 ergo
947 2775 1296 2848 materia
1338 2775 1605 2868 prima
1645 2778 1770 2848 est
1821 2773 2028 2846 idem
2076 2796 2257 2849 eum
2375 2769 2638 2861 magis
2671 2775 2796 2844 est
2827 2770 3480 2857 indeterminata,
3517 2777 3753 2849 tanto
3796 2794 3925 2868 po-

712 2889 934 2964 omni
992 2890 1343 2964 materia
1405 2889 1950 2983 particulari3
2025 2910 2250 2983 ergo,

708 3007 805 3079 ad
837 3010 962 3081 tot
998 3007 1311 3080 formas
1347 3026 1627 3080 omnes
1663 3005 2030 3079 materiae
2066 3012 2254 3081 sunt

709 3122 792 3196 in
827 3124 1188 3217 potentia
1220 3124 1317 3198 ad
1350 3126 1541 3217 quot
1580 3122 1928 3195 materia
1956 3123 2249 3217 prima.

798 3241 1045 3315 Forte
1103 3239 1437 3314 instabit
1499 3240 1704 3332 quod
1757 3239 1915 3314 ista
1966 3243 2251 3334 praedi-

705 3358 920 3432 catio
953 3363 1076 3433 est
1113 3358 1545 3433 seeundum
1580 3357 2244 3444 abstractionem,

701 3477 812 3549 et.
872 3475 1651 3557 considerationem3
1737 3497 1884 3549 nos
1972 3482 2247 3551 autem

698 3590 1206 3685 disputamus
1238 3591 1330 3664 de
1365 3591 1739 3673 materia,
1777 3594 1863 3663 ut
1897 3595 2021 3665 est
2056 3596 2242 3666 actu

698 3705 783 3779 in
825 3730 913 3781 re
954 3708 1253 3781 habens
1286 3729 1464 3780 esse
1499 3706 1842 3781 actuale.
1884 3710 2240 3803 Respon-

694 3823 864 3906 deo,
927 3825 1131 3918 quod
1202 3823 1270 3897 si
1339 3827 1637 3897 natura
1697 3824 2102 3907 animalis,
2151 3831 2237 3900 ut

692 3944 814 4014 est
876 3943 1175 4015 natura
1234 3941 1557 4033 generis
1612 3943 1973 4034 praecise,
2019 3948 2234 4017 esset

690 4056 1080 4132 factibilis
1137 4058 1217 4131 in
1287 4079 1395 4142 se,
1460 4059 1555 4131 ad
1616 4063 1812 4150 quot
1868 4058 2233 4132 differen-

690 4179 848 4255 tias
890 4174 1357 4250 contrarias
1398 4172 1637 4247 habet
1682 4177 1916 4247 modo
1959 4197 2230 4270 aspec-

686 4299 886 4376 tum,
933 4292 1028 4365 ad
1069 4294 1188 4365 tot
1235 4294 1425 4363 tune
1477 4288 1838 4373 haberet,
1890 4297 1965 4365 ot
2010 4299 2227 4367 esset

686 4409 768 4483 in
810 4407 1173 4503 potentia
1213 4407 1303 4479 de
1341 4428 1449 4488 se,
1504 4411 1591 4480 ut
1646 4406 1839 4480 illud
1890 4410 2220 4494 animal,

682 4545 844 4599 non
910 4523 1123 4597 enim
1193 4527 1379 4596 actu
1449 4521 1785 4597 haberet
1863 4525 2222 4617 aliquam

680 4639 1220 4715 differentiam
1255 4637 1661 4711 animalis.
1711 4638 2109 4714 Similiter
2153 4642 2221 4714 si

678 4777 866 4833 cera
905 4759 1123 4830 esset
1164 4754 1464 4847 absque
1500 4754 1721 4826 omni
1772 4754 2062 4846 figura,
2112 4757 2220 4829 si-

673 4880 812 4950 eut
870 4872 1056 4967 quia
1118 4873 1350 4945 modo
1408 4875 1534 4944 est
1591 4869 1980 4945 factibilis
2044 4873 2219 4947 sine

666 4991 934 5082 figura
965 4987 1313 5080 alicujus
1346 4984 1725 5068 hominiS,
1765 4986 1936 5058 ideo
1972 4986 2214 5063 habet

664 5109 1083 5200 aspectum
1138 5103 1233 5175 ad
1289 5101 1599 5193 figuras
1656 5102 2015 5174 omniurn
2076 5103 2211 5177 ho-

663 5225 997 5304 minum,
1060 5219 1176 5293 ita
1248 5218 1497 5292 etiam
1549 5217 1883 5292 haberet
1935 5224 2207 5312 poten-

2372 2888 2532 2960 test
2564 2909 2742 2960 esse
2777 2886 2858 2960 in
2893 2887 3263 2981 pluribus
3301 2891 3721 2973 materiis;
3769 2890 3925 2965 for-

2373 3023 2505 3074 nia
2554 3004 2767 3077 enim
2820 3005 3204 3079 animalis
3252 3006 3344 3079 de
3395 3006 3721 3082 ratione
3783 3026 3926 3080 sua

2368 3139 2530 3193 non
2573 3121 3064 3196 determinat
3106 3122 3257 3196 sibi
3303 3144 3604 3218 eorpus
3645 3124 3927 3199 huma-

2366 3257 2582 3320 num,
2619 3239 2744 3310 vol
2777 3240 3161 3331 equinum
3199 3263 3214 3311 :
3259 3246 3339 3316 et
3382 3241 3498 3316 sie
3533 3242 3928 3317 similiter

2367 3354 2701 3426 ostendo
2744 3355 2836 3426 de
2885 3355 3568 3431 determinatione
3627 3358 3924 3431 formae

2365 3468 2926 3560 particularis,
2988 3492 3164 3563 quae
3213 3472 3710 3548 determinat
3772 3470 3927 3545 sibi

2363 3587 2799 3659 materiam
2842 3589 3466 3680 particularem;
3512 3610 3721 3682 ergo
3760 3609 3924 3660 ma-

2358 3702 2569 3775 teria
2638 3702 3265 3780 indeterminata
3332 3705 3572 3781 habet
3640 3726 3926 3799 aspec-

2356 3822 2527 3892 tum
2588 3820 2683 3891 ad
2750 3819 3108 3894 formam
3161 3822 3921 3904 indeterminatam,

2351 3938 2432 4008 et
2472 3957 2513 4006 e
2555 3937 2985 4010 contrario
3042 3938 3394 4012 materia
3447 3938 3926 4014 indetermi-

2350 4056 2568 4135 nata,
2646 4053 2909 4145 qualis
2976 4060 3102 4129 est
3181 4057 3531 4130 materia
3609 4057 3922 4150 prima,

2349 4172 2620 4261 potest
2674 4171 3040 4265 recipere
3099 4193 3695 4266 quamcumque
3760 4174 3927 4246 for-

2348 4305 2588 4357 mam.

2438 4404 2665 4483 Itoni,
2732 4426 3011 4496 quaero
3073 4427 3177 4480 an
3240 4406 3592 4481 materia
3653 4408 3774 4484 sit
3837 4409 3926 4482 in

2342 4518 2709 4609 potentia
2768 4521 2863 4593 ad
2907 4543 3147 4593 unam
3211 4523 3472 4595 solam
3514 4523 3918 4607 formam,

2338 4638 2478 4707 aut
2522 4636 2618 4707 ad
2651 4657 2954 4720 omnes,
3001 4643 3143 4713 aut
3173 4639 3269 4711 ad
3299 4639 3680 4731 aliquas?
3728 4644 3924 4715 Non

2338 4751 2434 4823 ad
2480 4771 2724 4825 unam
2781 4755 3065 4837 solam,
3121 4756 3308 4848 quia
3363 4759 3727 4832 materia
3776 4779 3919 4831 na·

2335 4868 2658 4950 turalis,
2726 4892 2900 4963 quae
2961 4877 3085 4947 est
3146 4873 3588 4966 posterior,
3642 4880 3787 4949 est
3834 4875 3920 4947 in

2335 4986 2701 5075 potentia
2762 4990 2856 5060 ad
2901 4989 3245 5072 multas;
3310 4989 3381 5064 si
3441 4992 3535 5063 ad
3581 5011 3916 5074 omnes,

2331 5100 2586 5174 habeo
2719 5107 3261 5198 propositum.
3372 5108 3452 5181 Si
3548 5109 3645 5180 ad
3759 5109 3922 5182 ali-

2326 5239 2528 5311 quas
2626 5224 2972 5304 tantum,
3088 5245 3397 5317 quaero,
3483 5245 3628 5317 per
3713 5226 3918 5318 quid

659 5342 939 5416 tialem
984 5340 1406 5430 aspectum
1449 5337 1542 5408 ad
1580 5356 1857 5408 omnes
1895 5336 2206 5427 figuras
2323 5339 2452 5408 est
2495 5336 2574 5407 in
2627 5339 2993 5430 potentia
3045 5342 3140 5413 ad
3190 5349 3385 5414 eas?
3447 5361 3608 5413 non
3672 5344 3913 5417 enim

654 5460 748 5532 de
789 5455 1105 5529 mundo.
1163 5454 1393 5525 Nune
1446 5456 1742 5532 autem,
1801 5455 1888 5524 ut
1942 5458 2203 5526 osten-

2321 5456 2542 5525 esset
2606 5474 2748 5545 per
2819 5453 2996 5538 hoc,
3063 5458 3270 5548 quod
3338 5461 3462 5532 est
3530 5461 3912 5534 materia

650 5576 888 5649 detur
928 5572 1005 5646 in
1049 5568 1419 5663 sequenti
1470 5567 1850 5652 articulo,
1908 5569 2202 5643 saltem
2323 5568 2656 5641 omnino
2704 5571 2995 5663 prima,
3055 5573 3245 5665 quia
3296 5578 3385 5649 ut
3444 5573 3560 5649 sie
3619 5575 3909 5649 salva-
