<?xml version="1.0" encoding="UTF-8"?>
<!DOCTYPE html PUBLIC "-//W3C//DTD XHTML 1.0 Transitional//EN"
    "http://www.w3.org/TR/xhtml1/DTD/xhtml1-transitional.dtd">
<html xmlns="http://www.w3.org/1999/xhtml" xml:lang="en" lang="en">
 <head>
  <title>
</title>
<meta http-equiv="Content-Type" content="text/html;charset=utf-8" />
  <meta name='ocr-system' content='tesseract 3.04.00' />
  <meta name='ocr-capabilities' content='ocr_page ocr_carea ocr_par ocr_line ocrx_word'/>
</head>
<body>
  <div class='ocr_page' id='page_1' title='image "./joannisdunsscot03waddgoog_0741.png"; bbox 0 0 4252 6393; ppageno 0'>
   <div class='ocr_carea' id='block_1_1' title="bbox 116 1194 152 1243">
    <p class='ocr_par' dir='ltr' id='par_1_1' title="bbox 116 1194 152 1243">
     <span class='ocr_line' id='line_1_1' title="bbox 116 1194 152 1243; baseline 0.083 -3"><span class='ocrx_word' id='word_1_1' title='bbox 116 1194 152 1243; x_wconf 66' lang='lat'>⁴.</span> 
     </span>
    </p>
   </div>
   <div class='ocr_carea' id='block_1_2' title="bbox 1613 426 2212 502">
    <p class='ocr_par' dir='ltr' id='par_1_2' title="bbox 1613 426 2212 502">
     <span class='ocr_line' id='line_1_2' title="bbox 1613 426 2212 502; baseline -0.002 -12"><span class='ocrx_word' id='word_1_2' title='bbox 1613 426 1977 502; x_wconf 76' lang='lat' dir='ltr'>QUAES&#39;rlo</span> <span class='ocrx_word' id='word_1_3' title='bbox 2021 430 2212 491; x_wconf 72' lang='lat' dir='ltr'>xxiv</span> 
     </span>
    </p>
   </div>
   <div class='ocr_carea' id='block_1_3' title="bbox 293 790 1833 1058">
    <p class='ocr_par' dir='ltr' id='par_1_3' title="bbox 293 790 1833 1058">
     <span class='ocr_line' id='line_1_3' title="bbox 635 790 1433 853; baseline 0.006 -8"><span class='ocrx_word' id='word_1_4' title='bbox 635 790 887 847; x_wconf 77' lang='lat' dir='ltr'>ARTlc.</span> <span class='ocrx_word' id='word_1_5' title='bbox 964 793 1008 849; x_wconf 88' lang='lat'>1.</span> <span class='ocrx_word' id='word_1_6' title='bbox 1084 793 1292 851; x_wconf 78' lang='lat' dir='ltr'>SECT.</span> <span class='ocrx_word' id='word_1_7' title='bbox 1370 797 1433 853; x_wconf 91' lang='lat'>11.</span> 
     </span>
     <span class='ocr_line' id='line_1_4' title="bbox 293 970 1833 1058; baseline 0.009 -25"><span class='ocrx_word' id='word_1_8' title='bbox 293 974 386 1034; x_wconf 71' lang='lat' dir='ltr'>An</span> <span class='ocrx_word' id='word_1_9' title='bbox 428 970 628 1035; x_wconf 77' lang='lat' dir='ltr'>sinml</span> <span class='ocrx_word' id='word_1_10' title='bbox 649 990 789 1037; x_wconf 75' lang='lat' dir='ltr'>esse</span> <span class='ocrx_word' id='word_1_11' title='bbox 812 973 1070 1058; x_wconf 79' lang='lat' dir='ltr'><em>possint</em></span> <span class='ocrx_word' id='word_1_12' title='bbox 1120 977 1193 1040; x_wconf 79' lang='lat' dir='ltr'>in</span> <span class='ocrx_word' id='word_1_13' title='bbox 1242 976 1467 1042; x_wconf 73' lang='lat' dir='ltr'>eodem</span> <span class='ocrx_word' id='word_1_14' title='bbox 1508 979 1833 1047; x_wconf 74' lang='lat' dir='ltr'>instanti?</span> 
     </span>
    </p>
   </div>
   <div class='ocr_carea' id='block_1_4' title="bbox 293 1158 1836 1730">
    <p class='ocr_par' dir='ltr' id='par_1_4' title="bbox 293 1158 1836 1730">
     <span class='ocr_line' id='line_1_5' title="bbox 367 1158 1829 1256; baseline 0.009 -23"><span class='ocrx_word' id='word_1_15' title='bbox 367 1158 604 1234; x_wconf 83' lang='lat' dir='ltr'>Circa</span> <span class='ocrx_word' id='word_1_16' title='bbox 626 1164 1059 1234; x_wconf 84' lang='lat' dir='ltr'>secundum</span> <span class='ocrx_word' id='word_1_17' title='bbox 1088 1167 1656 1240; x_wconf 78' lang='lat' dir='ltr'>ostendendum</span> <span class='ocrx_word' id='word_1_18' title='bbox 1680 1176 1829 1256; x_wconf 90' lang='lat' dir='ltr'>est,</span> 
     </span>
     <span class='ocr_line' id='line_1_6' title="bbox 294 1278 1833 1381; baseline 0.01 -34"><span class='ocrx_word' id='word_1_19' title='bbox 294 1278 677 1369; x_wconf 82' lang='lat' dir='ltr'>quodnon</span> <span class='ocrx_word' id='word_1_20' title='bbox 700 1280 1052 1354; x_wconf 86' lang='lat' dir='ltr'>estidem</span> <span class='ocrx_word' id='word_1_21' title='bbox 1088 1282 1379 1365; x_wconf 84' lang='lat' dir='ltr'>dicere,</span> <span class='ocrx_word' id='word_1_22' title='bbox 1437 1287 1641 1377; x_wconf 85' lang='lat' dir='ltr'>quod</span> <span class='ocrx_word' id='word_1_23' title='bbox 1696 1309 1833 1381; x_wconf 89' lang='lat' dir='ltr'>op-</span> 
     </span>
     <span class='ocr_line' id='line_1_7' title="bbox 296 1393 1834 1491; baseline 0.009 -28"><span class='ocrx_word' id='word_1_24' title='bbox 296 1393 559 1485; x_wconf 81' lang='lat' dir='ltr'>posita</span> <span class='ocrx_word' id='word_1_25' title='bbox 610 1398 794 1468; x_wconf 86' lang='lat' dir='ltr'>sunt</span> <span class='ocrx_word' id='word_1_26' title='bbox 832 1397 1100 1480; x_wconf 89' lang='lat' dir='ltr'>simul,</span> <span class='ocrx_word' id='word_1_27' title='bbox 1140 1402 1219 1472; x_wconf 88' lang='lat' dir='ltr'>et</span> <span class='ocrx_word' id='word_1_28' title='bbox 1255 1402 1459 1491; x_wconf 83' lang='lat' dir='ltr'>quod</span> <span class='ocrx_word' id='word_1_29' title='bbox 1521 1402 1683 1477; x_wconf 89' lang='lat' dir='ltr'>sint</span> <span class='ocrx_word' id='word_1_30' title='bbox 1754 1404 1834 1477; x_wconf 91' lang='lat' dir='ltr'>in</span> 
     </span>
     <span class='ocr_line' id='line_1_8' title="bbox 293 1511 1832 1614; baseline 0.01 -33"><span class='ocrx_word' id='word_1_31' title='bbox 293 1511 566 1583; x_wconf 85' lang='lat' dir='ltr'>eodem</span> <span class='ocrx_word' id='word_1_32' title='bbox 621 1511 993 1595; x_wconf 76' lang='lat' dir='ltr'>instanti;</span> <span class='ocrx_word' id='word_1_33' title='bbox 1070 1514 1138 1587; x_wconf 88' lang='lat' dir='ltr'>si</span> <span class='ocrx_word' id='word_1_34' title='bbox 1180 1520 1437 1585; x_wconf 69' lang='lat' dir='ltr'>instans</span> <span class='ocrx_word' id='word_1_35' title='bbox 1488 1520 1832 1614; x_wconf 79' lang='lat' dir='ltr'>accipia-</span> 
     </span>
     <span class='ocr_line' id='line_1_9' title="bbox 297 1629 1836 1730; baseline 0.008 -31"><span class='ocrx_word' id='word_1_36' title='bbox 297 1632 430 1699; x_wconf 87' lang='lat' dir='ltr'>tur</span> <span class='ocrx_word' id='word_1_37' title='bbox 484 1648 645 1700; x_wconf 91' lang='lat' dir='ltr'>non</span> <span class='ocrx_word' id='word_1_38' title='bbox 699 1635 786 1703; x_wconf 89' lang='lat' dir='ltr'>ut</span> <span class='ocrx_word' id='word_1_39' title='bbox 838 1629 1137 1704; x_wconf 81' lang='lat' dir='ltr'>habens</span> <span class='ocrx_word' id='word_1_40' title='bbox 1194 1633 1600 1707; x_wconf 85' lang='lat' dir='ltr'>rationem</span> <span class='ocrx_word' id='word_1_41' title='bbox 1654 1658 1836 1730; x_wconf 85' lang='lat' dir='ltr'>pro-</span> 
     </span>
    </p>
   </div>
   <div class='ocr_carea' id='block_1_5' title="bbox 34 1747 1833 1854">
    <p class='ocr_par' dir='ltr' id='par_1_5' title="bbox 34 1747 1833 1854">
     <span class='ocr_line' id='line_1_10' title="bbox 34 1747 1833 1854; baseline 0.008 -40"><span class='ocrx_word' id='word_1_42' title='bbox 34 1792 253 1854; x_wconf 50' lang='lat' dir='ltr'>fflwppo,</span> <span class='ocrx_word' id='word_1_43' title='bbox 294 1747 494 1839; x_wconf 76' lang='lat' dir='ltr'>priae</span> <span class='ocrx_word' id='word_1_44' title='bbox 532 1767 806 1819; x_wconf 90' lang='lat' dir='ltr'>mensu</span> <span class='ocrx_word' id='word_1_45' title='bbox 823 1769 933 1820; x_wconf 73' lang='lat' dir='ltr'>rae</span> <span class='ocrx_word' id='word_1_46' title='bbox 966 1748 1399 1823; x_wconf 85' lang='lat' dir='ltr'>secundum</span> <span class='ocrx_word' id='word_1_47' title='bbox 1432 1754 1833 1828; x_wconf 81' lang='lat' dir='ltr'>rationem</span> 
     </span>
    </p>
   </div>
   <div class='ocr_carea' id='block_1_6' title="bbox 32 1854 248 2026">
    <p class='ocr_par' dir='ltr' id='par_1_6' title="bbox 32 1854 248 2026">
     <span class='ocr_line' id='line_1_11' title="bbox 32 1854 246 1941; baseline 0.005 0"><span class='ocrx_word' id='word_1_48' title='bbox 32 1854 127 1941; x_wconf 42' lang='grc' dir='ltr'>νῆα</span> <span class='ocrx_word' id='word_1_49' title='bbox 144 1868 246 1915; x_wconf 63' lang='lat'><em>120³·</em></span> 
     </span>
     <span class='ocr_line' id='line_1_12' title="bbox 34 1923 248 1975; baseline 0.023 -15"><span class='ocrx_word' id='word_1_50' title='bbox 34 1944 47 1975; x_wconf 54' lang='lat'>5</span> <span class='ocrx_word' id='word_1_51' title='bbox 66 1923 139 1961; x_wconf 59' lang='lat' dir='ltr'>(vn</span> <span class='ocrx_word' id='word_1_52' title='bbox 158 1931 248 1965; x_wconf 64' lang='lat' dir='ltr'>me</span> 
     </span>
     <span class='ocr_line' id='line_1_13' title="bbox 34 1978 229 2026; baseline -0.005 -3"><span class='ocrx_word' id='word_1_53' title='bbox 34 1978 159 2025; x_wconf 58' lang='lat' dir='ltr'>[timul</span> <span class='ocrx_word' id='word_1_54' title='bbox 183 1980 229 2026; x_wconf 77' lang='lat' dir='ltr'>in</span> 
     </span>
    </p>
   </div>
   <div class='ocr_carea' id='block_1_7' title="bbox 36 2028 203 2088">
    <p class='ocr_par' dir='ltr' id='par_1_7' title="bbox 36 2028 203 2088">
     <span class='ocr_line' id='line_1_14' title="bbox 36 2028 203 2088; baseline 0.018 -3"><span class='ocrx_word' id='word_1_55' title='bbox 36 2028 49 2061; x_wconf 64' lang='lat'><strong>⁸</strong></span> <span class='ocrx_word' id='word_1_56' title='bbox 77 2040 203 2088; x_wconf 75' lang='lat' dir='ltr'>eodem</span> 
     </span>
    </p>
   </div>
   <div class='ocr_carea' id='block_1_8' title="bbox 292 1866 1835 2076">
    <p class='ocr_par' dir='ltr' id='par_1_8' title="bbox 292 1866 1835 2076">
     <span class='ocr_line' id='line_1_15' title="bbox 296 1866 1835 1962; baseline 0.007 -29"><span class='ocrx_word' id='word_1_57' title='bbox 296 1882 697 1935; x_wconf 58' lang='lat' dir='ltr'>mensurae</span> <span class='ocrx_word' id='word_1_58' title='bbox 731 1866 1213 1949; x_wconf 86' lang='lat' dir='ltr'>communis,</span> <span class='ocrx_word' id='word_1_59' title='bbox 1244 1868 1432 1959; x_wconf 79' lang='lat' dir='ltr'>quia</span> <span class='ocrx_word' id='word_1_60' title='bbox 1458 1870 1835 1962; x_wconf 86' lang='lat' dir='ltr'>opposita</span> 
     </span>
     <span class='ocr_line' id='line_1_16' title="bbox 292 1981 1833 2076; baseline 0.005 -25"><span class='ocrx_word' id='word_1_61' title='bbox 292 1984 366 2052; x_wconf 90' lang='lat' dir='ltr'>et</span> <span class='ocrx_word' id='word_1_62' title='bbox 388 1981 1035 2056; x_wconf 78' lang='lat' dir='ltr'>contradictoria</span> <span class='ocrx_word' id='word_1_63' title='bbox 1070 1989 1412 2076; x_wconf 80' lang='lat' dir='ltr'>possunt</span> <span class='ocrx_word' id='word_1_64' title='bbox 1436 2008 1613 2059; x_wconf 87' lang='lat' dir='ltr'>esse</span> <span class='ocrx_word' id='word_1_65' title='bbox 1639 2008 1833 2059; x_wconf 79' lang='lat' dir='ltr'>vera</span> 
     </span>
    </p>
   </div>
   <div class='ocr_carea' id='block_1_9' title="bbox 36 2072 1832 2185">
    <p class='ocr_par' dir='ltr' id='par_1_9' title="bbox 36 2072 1832 2185">
     <span class='ocr_line' id='line_1_17' title="bbox 36 2072 1832 2185; baseline 0.006 -21"><span class='ocrx_word' id='word_1_66' title='bbox 36 2072 237 2185; x_wconf 59' lang='lat' dir='ltr'>immi·</span> <span class='ocrx_word' id='word_1_67' title='bbox 297 2096 370 2167; x_wconf 90' lang='lat' dir='ltr'>in</span> <span class='ocrx_word' id='word_1_68' title='bbox 400 2098 683 2169; x_wconf 87' lang='lat' dir='ltr'>eodem</span> <span class='ocrx_word' id='word_1_69' title='bbox 736 2097 1080 2172; x_wconf 81' lang='lat' dir='ltr'>instanti</span> <span class='ocrx_word' id='word_1_70' title='bbox 1132 2104 1597 2184; x_wconf 81' lang='lat' dir='ltr'>communi3</span> <span class='ocrx_word' id='word_1_71' title='bbox 1671 2124 1832 2176; x_wconf 90' lang='lat' dir='ltr'>non</span> 
     </span>
    </p>
   </div>
   <div class='ocr_carea' id='block_1_10' title="bbox 36 2190 47 2379">
    <p class='ocr_par' dir='ltr' id='par_1_10' title="bbox 36 2190 47 2379">
     <span class='ocr_line' id='line_1_18' title="bbox 36 2190 47 2291; baseline 0 0"><span class='ocrx_word' id='word_1_72' title='bbox 36 2190 47 2291; x_wconf 74' lang='lat' dir='ltr'>l</span> 
     </span>
     <span class='ocr_line' id='line_1_19' title="bbox 36 2300 47 2379; baseline 0 0"><span class='ocrx_word' id='word_1_73' title='bbox 36 2300 47 2379; x_wconf 77' lang='grc' dir='ltr'>ι</span> 
     </span>
    </p>
   </div>
   <div class='ocr_carea' id='block_1_11' title="bbox 99 4902 137 4950">
    <p class='ocr_par' dir='ltr' id='par_1_11' title="bbox 99 4902 137 4950">
     <span class='ocr_line' id='line_1_20' title="bbox 99 4902 137 4950; baseline 0.026 -1"><span class='ocrx_word' id='word_1_74' title='bbox 99 4902 137 4950; x_wconf 79' lang='grc'>5.</span> 
     </span>
    </p>
   </div>
   <div class='ocr_carea' id='block_1_12' title="bbox 282 2215 1834 3366">
    <p class='ocr_par' dir='ltr' id='par_1_12' title="bbox 282 2215 1834 3366">
     <span class='ocr_line' id='line_1_21' title="bbox 295 2215 1828 2308; baseline 0.003 -20"><span class='ocrx_word' id='word_1_75' title='bbox 295 2220 367 2288; x_wconf 74' lang='lat' dir='ltr'>ta</span> <span class='ocrx_word' id='word_1_76' title='bbox 382 2235 563 2286; x_wconf 89' lang='lat' dir='ltr'>men</span> <span class='ocrx_word' id='word_1_77' title='bbox 587 2219 929 2308; x_wconf 88' lang='lat' dir='ltr'>propter</span> <span class='ocrx_word' id='word_1_78' title='bbox 951 2215 1101 2289; x_wconf 88' lang='lat' dir='ltr'>hoc</span> <span class='ocrx_word' id='word_1_79' title='bbox 1128 2223 1315 2292; x_wconf 89' lang='lat' dir='ltr'>sunt</span> <span class='ocrx_word' id='word_1_80' title='bbox 1341 2220 1584 2291; x_wconf 89' lang='lat' dir='ltr'>simul</span> <span class='ocrx_word' id='word_1_81' title='bbox 1610 2241 1828 2303; x_wconf 77' lang='lat' dir='ltr'>vera,</span> 
     </span>
     <span class='ocr_line' id='line_1_22' title="bbox 291 2331 1834 2423; baseline 0.006 -25"><span class='ocrx_word' id='word_1_82' title='bbox 291 2331 661 2423; x_wconf 81' lang='lat' dir='ltr'>quianon</span> <span class='ocrx_word' id='word_1_83' title='bbox 697 2335 883 2404; x_wconf 88' lang='lat' dir='ltr'>sunt</span> <span class='ocrx_word' id='word_1_84' title='bbox 906 2353 1103 2405; x_wconf 79' lang='lat' dir='ltr'>vera</span> <span class='ocrx_word' id='word_1_85' title='bbox 1130 2333 1209 2405; x_wconf 90' lang='lat' dir='ltr'>in</span> <span class='ocrx_word' id='word_1_86' title='bbox 1233 2336 1508 2408; x_wconf 83' lang='lat' dir='ltr'>eodem</span> <span class='ocrx_word' id='word_1_87' title='bbox 1539 2336 1834 2410; x_wconf 78' lang='lat' dir='ltr'>instan-</span> 
     </span>
     <span class='ocr_line' id='line_1_23' title="bbox 290 2447 1827 2541; baseline 0.003 -19"><span class='ocrx_word' id='word_1_88' title='bbox 290 2449 347 2522; x_wconf 83' lang='lat' dir='ltr'>ti</span> <span class='ocrx_word' id='word_1_89' title='bbox 402 2447 772 2541; x_wconf 85' lang='lat' dir='ltr'>proprio.</span> <span class='ocrx_word' id='word_1_90' title='bbox 864 2450 1084 2532; x_wconf 86' lang='lat' dir='ltr'>Quod</span> <span class='ocrx_word' id='word_1_91' title='bbox 1161 2450 1583 2527; x_wconf 78' lang='lat' dir='ltr'>declarant</span> <span class='ocrx_word' id='word_1_92' title='bbox 1677 2454 1827 2537; x_wconf 88' lang='lat' dir='ltr'>sic;</span> 
     </span>
     <span class='ocr_line' id='line_1_24' title="bbox 287 2565 1833 2656; baseline 0.005 -20"><span class='ocrx_word' id='word_1_93' title='bbox 287 2584 533 2637; x_wconf 77' lang='lat' dir='ltr'>causa</span> <span class='ocrx_word' id='word_1_94' title='bbox 558 2584 810 2656; x_wconf 78' lang='lat' dir='ltr'>quare</span> <span class='ocrx_word' id='word_1_95' title='bbox 831 2565 985 2637; x_wconf 87' lang='lat' dir='ltr'>duo</span> <span class='ocrx_word' id='word_1_96' title='bbox 1005 2567 1649 2642; x_wconf 78' lang='lat' dir='ltr'>contradictoria</span> <span class='ocrx_word' id='word_1_97' title='bbox 1673 2591 1833 2644; x_wconf 92' lang='lat' dir='ltr'>non</span> 
     </span>
     <span class='ocr_line' id='line_1_25' title="bbox 290 2680 1834 2779; baseline 0.006 -27"><span class='ocrx_word' id='word_1_98' title='bbox 290 2686 632 2775; x_wconf 82' lang='lat' dir='ltr'>possunt</span> <span class='ocrx_word' id='word_1_99' title='bbox 681 2680 923 2754; x_wconf 88' lang='lat' dir='ltr'>simul</span> <span class='ocrx_word' id='word_1_100' title='bbox 973 2703 1152 2756; x_wconf 87' lang='lat' dir='ltr'>esse</span> <span class='ocrx_word' id='word_1_101' title='bbox 1210 2704 1407 2755; x_wconf 82' lang='lat' dir='ltr'>vcra</span> <span class='ocrx_word' id='word_1_102' title='bbox 1458 2690 1605 2768; x_wconf 89' lang='lat' dir='ltr'>cst,</span> <span class='ocrx_word' id='word_1_103' title='bbox 1646 2689 1834 2779; x_wconf 83' lang='lat' dir='ltr'>quia</span> 
     </span>
     <span class='ocr_line' id='line_1_26' title="bbox 290 2803 1829 2895; baseline 0.006 -23"><span class='ocrx_word' id='word_1_104' title='bbox 290 2803 714 2892; x_wconf 85' lang='lat' dir='ltr'>oporteret</span> <span class='ocrx_word' id='word_1_105' title='bbox 775 2821 1269 2885; x_wconf 79' lang='lat' dir='ltr'>mensuram,</span> <span class='ocrx_word' id='word_1_106' title='bbox 1313 2803 1390 2875; x_wconf 94' lang='lat' dir='ltr'>in</span> <span class='ocrx_word' id='word_1_107' title='bbox 1427 2823 1582 2895; x_wconf 80' lang='lat' dir='ltr'>qua</span> <span class='ocrx_word' id='word_1_108' title='bbox 1642 2811 1829 2882; x_wconf 89' lang='lat' dir='ltr'>sunt</span> 
     </span>
     <span class='ocr_line' id='line_1_27' title="bbox 282 2919 1829 3007; baseline 0.005 -17"><span class='ocrx_word' id='word_1_109' title='bbox 282 2919 434 2991; x_wconf 84' lang='lat' dir='ltr'>duo</span> <span class='ocrx_word' id='word_1_110' title='bbox 472 2922 845 2993; x_wconf 80' lang='lat' dir='ltr'>extrema</span> <span class='ocrx_word' id='word_1_111' title='bbox 885 2921 1565 2995; x_wconf 76' lang='lat' dir='ltr'>contradictionis</span> <span class='ocrx_word' id='word_1_112' title='bbox 1606 2944 1829 3007; x_wconf 79' lang='lat' dir='ltr'>vera,</span> 
     </span>
     <span class='ocr_line' id='line_1_28' title="bbox 285 3036 1829 3130; baseline 0.004 -24"><span class='ocrx_word' id='word_1_113' title='bbox 285 3057 469 3108; x_wconf 88' lang='lat' dir='ltr'>esse</span> <span class='ocrx_word' id='word_1_114' title='bbox 535 3036 961 3130; x_wconf 78' lang='lat' dir='ltr'>majorem,</span> <span class='ocrx_word' id='word_1_115' title='bbox 1038 3057 1278 3129; x_wconf 81' lang='lat' dir='ltr'>quam</span> <span class='ocrx_word' id='word_1_116' title='bbox 1335 3059 1829 3123; x_wconf 78' lang='lat' dir='ltr'>mensuram,</span> 
     </span>
     <span class='ocr_line' id='line_1_29' title="bbox 282 3152 1826 3247; baseline 0.002 -21"><span class='ocrx_word' id='word_1_117' title='bbox 282 3152 357 3226; x_wconf 91' lang='lat' dir='ltr'>in</span> <span class='ocrx_word' id='word_1_118' title='bbox 391 3171 551 3245; x_wconf 79' lang='lat' dir='ltr'>qua</span> <span class='ocrx_word' id='word_1_119' title='bbox 576 3153 843 3227; x_wconf 81' lang='lat' dir='ltr'>altera</span> <span class='ocrx_word' id='word_1_120' title='bbox 872 3174 1064 3247; x_wconf 80' lang='lat' dir='ltr'>pars</span> <span class='ocrx_word' id='word_1_121' title='bbox 1102 3159 1230 3231; x_wconf 88' lang='lat' dir='ltr'>est</span> <span class='ocrx_word' id='word_1_122' title='bbox 1267 3157 1535 3229; x_wconf 89' lang='lat' dir='ltr'>solum</span> <span class='ocrx_word' id='word_1_123' title='bbox 1575 3176 1774 3229; x_wconf 76' lang='lat' dir='ltr'>vera</span> <span class='ocrx_word' id='word_1_124' title='bbox 1812 3182 1826 3228; x_wconf 90' lang='lat'>:</span> 
     </span>
     <span class='ocr_line' id='line_1_30' title="bbox 284 3272 1833 3366; baseline 0.003 -26"><span class='ocrx_word' id='word_1_125' title='bbox 284 3274 368 3344; x_wconf 90' lang='lat' dir='ltr'>ut</span> <span class='ocrx_word' id='word_1_126' title='bbox 412 3272 681 3361; x_wconf 52' lang='lat' dir='ltr'>maius</span> <span class='ocrx_word' id='word_1_127' title='bbox 714 3276 841 3346; x_wconf 87' lang='lat' dir='ltr'>est</span> <span class='ocrx_word' id='word_1_128' title='bbox 896 3277 1244 3366; x_wconf 89' lang='lat' dir='ltr'>tempus,</span> <span class='ocrx_word' id='word_1_129' title='bbox 1305 3294 1460 3366; x_wconf 86' lang='lat' dir='ltr'>quo</span> <span class='ocrx_word' id='word_1_130' title='bbox 1503 3274 1833 3365; x_wconf 81' lang='lat' dir='ltr'>nigrum</span> 
     </span>
    </p>
   </div>
   <div class='ocr_carea' id='block_1_13' title="bbox 164 3384 1835 3481">
    <p class='ocr_par' dir='ltr' id='par_1_13' title="bbox 164 3384 1835 3481">
     <span class='ocr_line' id='line_1_31' title="bbox 164 3384 1835 3481; baseline 0.002 -25"><span class='ocrx_word' id='word_1_131' title='bbox 164 3435 173 3442; x_wconf 85' lang='lat'>-</span> <span class='ocrx_word' id='word_1_132' title='bbox 283 3389 406 3457; x_wconf 84' lang='lat' dir='ltr'>est</span> <span class='ocrx_word' id='word_1_133' title='bbox 457 3384 753 3467; x_wconf 82' lang='lat' dir='ltr'>album,</span> <span class='ocrx_word' id='word_1_134' title='bbox 818 3392 899 3461; x_wconf 89' lang='lat' dir='ltr'>et</span> <span class='ocrx_word' id='word_1_135' title='bbox 941 3388 1294 3480; x_wconf 76' lang='lat' dir='ltr'>nigrum,</span> <span class='ocrx_word' id='word_1_136' title='bbox 1335 3410 1575 3481; x_wconf 78' lang='lat' dir='ltr'>quam</span> <span class='ocrx_word' id='word_1_137' title='bbox 1633 3394 1835 3462; x_wconf 85' lang='lat' dir='ltr'>tem-</span> 
     </span>
    </p>
   </div>
   <div class='ocr_carea' id='block_1_14' title="bbox 286 3501 1838 4993">
    <p class='ocr_par' dir='ltr' id='par_1_14' title="bbox 286 3501 1838 4856">
     <span class='ocr_line' id='line_1_32' title="bbox 286 3501 1833 3596; baseline 0.005 -25"><span class='ocrx_word' id='word_1_138' title='bbox 286 3522 458 3593; x_wconf 89' lang='lat' dir='ltr'>pus,</span> <span class='ocrx_word' id='word_1_139' title='bbox 482 3501 562 3573; x_wconf 86' lang='lat' dir='ltr'>in</span> <span class='ocrx_word' id='word_1_140' title='bbox 585 3524 742 3593; x_wconf 85' lang='lat' dir='ltr'>quo</span> <span class='ocrx_word' id='word_1_141' title='bbox 768 3509 891 3579; x_wconf 84' lang='lat' dir='ltr'>cst</span> <span class='ocrx_word' id='word_1_142' title='bbox 918 3506 1179 3578; x_wconf 91' lang='lat' dir='ltr'>solum</span> <span class='ocrx_word' id='word_1_143' title='bbox 1207 3507 1502 3578; x_wconf 79' lang='lat' dir='ltr'>album.</span> <span class='ocrx_word' id='word_1_144' title='bbox 1530 3507 1610 3580; x_wconf 87' lang='lat' dir='ltr'>Si</span> <span class='ocrx_word' id='word_1_145' title='bbox 1635 3525 1833 3596; x_wconf 81' lang='lat' dir='ltr'>ergo</span> 
     </span>
     <span class='ocr_line' id='line_1_33' title="bbox 292 3622 1836 3717; baseline 0.003 -27"><span class='ocrx_word' id='word_1_146' title='bbox 292 3622 563 3710; x_wconf 86' lang='lat' dir='ltr'>potest</span> <span class='ocrx_word' id='word_1_147' title='bbox 586 3622 921 3702; x_wconf 87' lang='lat' dir='ltr'>ostendi,</span> <span class='ocrx_word' id='word_1_148' title='bbox 954 3624 1160 3714; x_wconf 85' lang='lat' dir='ltr'>quod</span> <span class='ocrx_word' id='word_1_149' title='bbox 1195 3644 1354 3695; x_wconf 89' lang='lat' dir='ltr'>non</span> <span class='ocrx_word' id='word_1_150' title='bbox 1415 3627 1539 3697; x_wconf 86' lang='lat' dir='ltr'>est</span> <span class='ocrx_word' id='word_1_151' title='bbox 1568 3623 1836 3717; x_wconf 79' lang='lat' dir='ltr'>major</span> 
     </span>
     <span class='ocr_line' id='line_1_34' title="bbox 293 3738 1834 3830; baseline 0.005 -26"><span class='ocrx_word' id='word_1_152' title='bbox 293 3756 706 3820; x_wconf 80' lang='lat' dir='ltr'>mensura,</span> <span class='ocrx_word' id='word_1_153' title='bbox 756 3738 833 3809; x_wconf 90' lang='lat' dir='ltr'>in</span> <span class='ocrx_word' id='word_1_154' title='bbox 898 3760 1051 3830; x_wconf 85' lang='lat' dir='ltr'>qua</span> <span class='ocrx_word' id='word_1_155' title='bbox 1104 3739 1635 3814; x_wconf 75' lang='lat' dir='ltr'>verificantur</span> <span class='ocrx_word' id='word_1_156' title='bbox 1682 3741 1834 3813; x_wconf 89' lang='lat' dir='ltr'>duo</span> 
     </span>
     <span class='ocr_line' id='line_1_35' title="bbox 289 3852 1837 3949; baseline 0.004 -26"><span class='ocrx_word' id='word_1_157' title='bbox 289 3852 963 3938; x_wconf 76' lang='lat' dir='ltr'>contradictoria,</span> <span class='ocrx_word' id='word_1_158' title='bbox 1019 3876 1255 3948; x_wconf 80' lang='lat' dir='ltr'>quam</span> <span class='ocrx_word' id='word_1_159' title='bbox 1303 3856 1380 3928; x_wconf 92' lang='lat' dir='ltr'>in</span> <span class='ocrx_word' id='word_1_160' title='bbox 1432 3877 1590 3949; x_wconf 80' lang='lat' dir='ltr'>qua</span> <span class='ocrx_word' id='word_1_161' title='bbox 1628 3857 1837 3929; x_wconf 85' lang='lat' dir='ltr'>veri-</span> 
     </span>
     <span class='ocr_line' id='line_1_36' title="bbox 290 3965 1833 4053; baseline 0.003 -17"><span class='ocrx_word' id='word_1_162' title='bbox 290 3965 588 4039; x_wconf 83' lang='lat' dir='ltr'>ficatur</span> <span class='ocrx_word' id='word_1_163' title='bbox 630 3967 986 4042; x_wconf 80' lang='lat' dir='ltr'>alterum</span> <span class='ocrx_word' id='word_1_164' title='bbox 1030 3969 1320 4053; x_wconf 86' lang='lat' dir='ltr'>solum,</span> <span class='ocrx_word' id='word_1_165' title='bbox 1385 3991 1570 4043; x_wconf 89' lang='lat' dir='ltr'>cum</span> <span class='ocrx_word' id='word_1_166' title='bbox 1634 3970 1833 4042; x_wconf 85' lang='lat' dir='ltr'>nihil</span> 
     </span>
     <span class='ocr_line' id='line_1_37' title="bbox 290 4084 1836 4180; baseline 0.001 -24"><span class='ocrx_word' id='word_1_167' title='bbox 290 4085 507 4157; x_wconf 78' lang='lat' dir='ltr'>aliud</span> <span class='ocrx_word' id='word_1_168' title='bbox 555 4084 926 4169; x_wconf 82' lang='lat' dir='ltr'>obsistat,</span> <span class='ocrx_word' id='word_1_169' title='bbox 999 4089 1200 4162; x_wconf 82' lang='lat' dir='ltr'>satis</span> <span class='ocrx_word' id='word_1_170' title='bbox 1249 4088 1579 4180; x_wconf 79' lang='lat' dir='ltr'>patebit,</span> <span class='ocrx_word' id='word_1_171' title='bbox 1630 4086 1836 4179; x_wconf 88' lang='lat' dir='ltr'>quod</span> 
     </span>
     <span class='ocr_line' id='line_1_38' title="bbox 290 4201 1835 4296; baseline 0.002 -23"><span class='ocrx_word' id='word_1_172' title='bbox 290 4201 356 4273; x_wconf 88' lang='lat' dir='ltr'>si</span> <span class='ocrx_word' id='word_1_173' title='bbox 394 4202 475 4273; x_wconf 91' lang='lat' dir='ltr'>in</span> <span class='ocrx_word' id='word_1_174' title='bbox 502 4223 661 4274; x_wconf 90' lang='lat' dir='ltr'>uno</span> <span class='ocrx_word' id='word_1_175' title='bbox 689 4202 1030 4276; x_wconf 82' lang='lat' dir='ltr'>instanti</span> <span class='ocrx_word' id='word_1_176' title='bbox 1060 4208 1525 4296; x_wconf 85' lang='lat' dir='ltr'>potestesse</span> <span class='ocrx_word' id='word_1_177' title='bbox 1548 4225 1835 4276; x_wconf 84' lang='lat' dir='ltr'>verum</span> 
     </span>
     <span class='ocr_line' id='line_1_39' title="bbox 286 4319 1835 4413; baseline 0.001 -25"><span class='ocrx_word' id='word_1_178' title='bbox 286 4319 646 4391; x_wconf 76' lang='lat' dir='ltr'>alterum</span> <span class='ocrx_word' id='word_1_179' title='bbox 678 4324 1163 4401; x_wconf 80' lang='lat' dir='ltr'>extremum,</span> <span class='ocrx_word' id='word_1_180' title='bbox 1205 4323 1413 4413; x_wconf 86' lang='lat' dir='ltr'>quod</span> <span class='ocrx_word' id='word_1_181' title='bbox 1450 4321 1528 4393; x_wconf 91' lang='lat' dir='ltr'>in</span> <span class='ocrx_word' id='word_1_182' title='bbox 1560 4321 1835 4393; x_wconf 89' lang='lat' dir='ltr'>codem</span> 
     </span>
     <span class='ocr_line' id='line_1_40' title="bbox 287 4435 1831 4529; baseline 0.003 -25"><span class='ocrx_word' id='word_1_183' title='bbox 287 4435 529 4507; x_wconf 76' lang='lat' dir='ltr'>ambo</span> <span class='ocrx_word' id='word_1_184' title='bbox 564 4438 937 4509; x_wconf 82' lang='lat' dir='ltr'>extrema</span> <span class='ocrx_word' id='word_1_185' title='bbox 972 4441 1355 4529; x_wconf 87' lang='lat' dir='ltr'>poterunt</span> <span class='ocrx_word' id='word_1_186' title='bbox 1391 4458 1568 4510; x_wconf 90' lang='lat' dir='ltr'>esse</span> <span class='ocrx_word' id='word_1_187' title='bbox 1608 4456 1831 4517; x_wconf 83' lang='lat' dir='ltr'>vcra,</span> 
     </span>
     <span class='ocr_line' id='line_1_41' title="bbox 290 4549 1836 4644; baseline 0.004 -28"><span class='ocrx_word' id='word_1_188' title='bbox 290 4549 481 4640; x_wconf 81' lang='lat' dir='ltr'>quia</span> <span class='ocrx_word' id='word_1_189' title='bbox 540 4550 658 4636; x_wconf 86' lang='lat' dir='ltr'>(ut</span> <span class='ocrx_word' id='word_1_190' title='bbox 709 4551 1011 4641; x_wconf 86' lang='lat' dir='ltr'>dicunt)</span> <span class='ocrx_word' id='word_1_191' title='bbox 1051 4570 1212 4624; x_wconf 92' lang='lat' dir='ltr'>non</span> <span class='ocrx_word' id='word_1_192' title='bbox 1278 4552 1614 4644; x_wconf 86' lang='lat' dir='ltr'>respicit</span> <span class='ocrx_word' id='word_1_193' title='bbox 1656 4552 1836 4644; x_wconf 90' lang='lat' dir='ltr'>plus</span> 
     </span>
     <span class='ocr_line' id='line_1_42' title="bbox 292 4667 1838 4760; baseline 0.003 -23"><span class='ocrx_word' id='word_1_194' title='bbox 292 4687 555 4739; x_wconf 80' lang='lat' dir='ltr'>morae</span> <span class='ocrx_word' id='word_1_195' title='bbox 603 4667 1033 4739; x_wconf 83' lang='lat' dir='ltr'>amborum</span> <span class='ocrx_word' id='word_1_196' title='bbox 1074 4668 1557 4749; x_wconf 85' lang='lat' dir='ltr'>verificatio,</span> <span class='ocrx_word' id='word_1_197' title='bbox 1598 4688 1838 4760; x_wconf 82' lang='lat' dir='ltr'>quam</span> 
     </span>
     <span class='ocr_line' id='line_1_43' title="bbox 291 4782 974 4856; baseline 0.003 -4"><span class='ocrx_word' id='word_1_198' title='bbox 291 4782 643 4856; x_wconf 77' lang='lat' dir='ltr'>alterius</span> <span class='ocrx_word' id='word_1_199' title='bbox 682 4783 974 4856; x_wconf 92' lang='lat' dir='ltr'>solum.</span> 
     </span>
    </p>

    <p class='ocr_par' dir='ltr' id='par_1_15' title="bbox 382 4900 1838 4993">
     <span class='ocr_line' id='line_1_44' title="bbox 382 4900 1838 4993; baseline 0.005 -27"><span class='ocrx_word' id='word_1_200' title='bbox 382 4900 606 4983; x_wconf 85' lang='lat' dir='ltr'>Quod</span> <span class='ocrx_word' id='word_1_201' title='bbox 629 4905 906 4974; x_wconf 86' lang='lat' dir='ltr'>autem</span> <span class='ocrx_word' id='word_1_202' title='bbox 932 4900 1081 4975; x_wconf 92' lang='lat' dir='ltr'>hoc</span> <span class='ocrx_word' id='word_1_203' title='bbox 1109 4903 1214 4975; x_wconf 87' lang='lat' dir='ltr'>sit</span> <span class='ocrx_word' id='word_1_204' title='bbox 1238 4922 1551 4983; x_wconf 86' lang='lat' dir='ltr'>verum,</span> <span class='ocrx_word' id='word_1_205' title='bbox 1582 4904 1838 4993; x_wconf 77' lang='lat' dir='ltr'>patet3</span> 
     </span>
    </p>
   </div>
   <div class='ocr_carea' id='block_1_15' title="bbox 50 5016 1846 5112">
    <p class='ocr_par' dir='ltr' id='par_1_16' title="bbox 50 5016 1846 5112">
     <span class='ocr_line' id='line_1_45' title="bbox 50 5016 1846 5112; baseline 0.003 -31"><span class='ocrx_word' id='word_1_206' title='bbox 50 5019 259 5073; x_wconf 55' lang='lat' dir='ltr'>lencona·</span> <span class='ocrx_word' id='word_1_207' title='bbox 288 5016 470 5090; x_wconf 80' lang='lat' dir='ltr'>vult</span> <span class='ocrx_word' id='word_1_208' title='bbox 503 5017 719 5090; x_wconf 89' lang='lat' dir='ltr'>enim</span> <span class='ocrx_word' id='word_1_209' title='bbox 768 5017 1316 5112; x_wconf 81' lang='lat' dir='ltr'>Philosophus</span> <span class='ocrx_word' id='word_1_210' title='bbox 1366 5023 1432 5092; x_wconf 89' lang='lat'>8.</span> <span class='ocrx_word' id='word_1_211' title='bbox 1483 5017 1846 5109; x_wconf 81' lang='lat' dir='ltr'>Physic.·</span> 
     </span>
    </p>
   </div>
   <div class='ocr_carea' id='block_1_16' title="bbox 290 5133 1849 5575">
    <p class='ocr_par' dir='ltr' id='par_1_17' title="bbox 290 5133 1849 5575">
     <span class='ocr_line' id='line_1_46' title="bbox 292 5133 1848 5226; baseline 0.001 -23"><span class='ocrx_word' id='word_1_212' title='bbox 292 5134 504 5224; x_wconf 83' lang='lat' dir='ltr'>quod</span> <span class='ocrx_word' id='word_1_213' title='bbox 525 5133 593 5205; x_wconf 93' lang='lat' dir='ltr'>si</span> <span class='ocrx_word' id='word_1_214' title='bbox 615 5155 714 5204; x_wconf 83' lang='lat' dir='ltr'>ex</span> <span class='ocrx_word' id='word_1_215' title='bbox 738 5135 919 5207; x_wconf 81' lang='lat' dir='ltr'>albo</span> <span class='ocrx_word' id='word_1_216' title='bbox 944 5135 1085 5210; x_wconf 80' lang='lat' dir='ltr'>fiat</span> <span class='ocrx_word' id='word_1_217' title='bbox 1106 5136 1433 5226; x_wconf 81' lang='lat' dir='ltr'>nigrum</span> <span class='ocrx_word' id='word_1_218' title='bbox 1452 5137 1558 5224; x_wconf 79' lang='lat' dir='ltr'>(et</span> <span class='ocrx_word' id='word_1_219' title='bbox 1584 5133 1848 5206; x_wconf 90' lang='lat' dir='ltr'>simile</span> 
     </span>
     <span class='ocr_line' id='line_1_47' title="bbox 290 5250 1849 5349; baseline 0.004 -30"><span class='ocrx_word' id='word_1_220' title='bbox 290 5253 423 5322; x_wconf 79' lang='lat' dir='ltr'>est</span> <span class='ocrx_word' id='word_1_221' title='bbox 467 5250 548 5321; x_wconf 89' lang='lat' dir='ltr'>in</span> <span class='ocrx_word' id='word_1_222' title='bbox 590 5251 781 5323; x_wconf 83' lang='lat' dir='ltr'>aliis</span> <span class='ocrx_word' id='word_1_223' title='bbox 829 5254 1261 5346; x_wconf 88' lang='lat' dir='ltr'>oppositis)</span> <span class='ocrx_word' id='word_1_224' title='bbox 1304 5256 1509 5347; x_wconf 87' lang='lat' dir='ltr'>quod</span> <span class='ocrx_word' id='word_1_225' title='bbox 1548 5277 1692 5349; x_wconf 89' lang='lat' dir='ltr'>per</span> <span class='ocrx_word' id='word_1_226' title='bbox 1735 5259 1849 5328; x_wconf 88' lang='lat' dir='ltr'>to-</span> 
     </span>
     <span class='ocr_line' id='line_1_48' title="bbox 295 5369 1847 5461; baseline 0.009 -27"><span class='ocrx_word' id='word_1_227' title='bbox 295 5372 478 5440; x_wconf 84' lang='lat' dir='ltr'>tum</span> <span class='ocrx_word' id='word_1_228' title='bbox 543 5369 869 5461; x_wconf 85' lang='lat' dir='ltr'>tempus</span> <span class='ocrx_word' id='word_1_229' title='bbox 920 5374 1044 5443; x_wconf 89' lang='lat' dir='ltr'>est</span> <span class='ocrx_word' id='word_1_230' title='bbox 1089 5372 1232 5444; x_wconf 89' lang='lat' dir='ltr'>sub</span> <span class='ocrx_word' id='word_1_231' title='bbox 1258 5392 1415 5444; x_wconf 91' lang='lat' dir='ltr'>uno</span> <span class='ocrx_word' id='word_1_232' title='bbox 1450 5379 1847 5456; x_wconf 84' lang='lat' dir='ltr'>extremo,</span> 
     </span>
     <span class='ocr_line' id='line_1_49' title="bbox 294 5485 1849 5575; baseline 0.005 -22"><span class='ocrx_word' id='word_1_233' title='bbox 294 5487 589 5575; x_wconf 84' lang='lat' dir='ltr'>utpote</span> <span class='ocrx_word' id='word_1_234' title='bbox 624 5485 771 5557; x_wconf 91' lang='lat' dir='ltr'>sub</span> <span class='ocrx_word' id='word_1_235' title='bbox 803 5487 1020 5569; x_wconf 85' lang='lat' dir='ltr'>albo;</span> <span class='ocrx_word' id='word_1_236' title='bbox 1050 5490 1130 5560; x_wconf 88' lang='lat' dir='ltr'>et</span> <span class='ocrx_word' id='word_1_237' title='bbox 1160 5487 1237 5558; x_wconf 90' lang='lat' dir='ltr'>in</span> <span class='ocrx_word' id='word_1_238' title='bbox 1293 5489 1634 5565; x_wconf 80' lang='lat' dir='ltr'>instanti</span> <span class='ocrx_word' id='word_1_239' title='bbox 1661 5490 1849 5571; x_wconf 82' lang='lat' dir='ltr'>alio,</span> 
     </span>
    </p>
   </div>
   <div class='ocr_carea' id='block_1_17' title="bbox 3395 432 3514 503">
    <p class='ocr_par' dir='ltr' id='par_1_18' title="bbox 3395 432 3514 503">
     <span class='ocr_line' id='line_1_50' title="bbox 3395 432 3514 503; baseline 0 0"><span class='ocrx_word' id='word_1_240' title='bbox 3395 432 3514 503; x_wconf 85' lang='grc'>709</span> 
     </span>
    </p>
   </div>
   <div class='ocr_carea' id='block_1_18' title="bbox 1948 590 3488 798">
    <p class='ocr_par' dir='ltr' id='par_1_19' title="bbox 1948 590 3488 798">
     <span class='ocr_line' id='line_1_51' title="bbox 1948 590 3488 685; baseline 0.001 -24"><span class='ocrx_word' id='word_1_241' title='bbox 1948 590 2240 674; x_wconf 84' lang='lat' dir='ltr'>altere,</span> <span class='ocrx_word' id='word_1_242' title='bbox 2324 595 2604 685; x_wconf 85' lang='lat' dir='ltr'>utpote</span> <span class='ocrx_word' id='word_1_243' title='bbox 2654 594 2801 665; x_wconf 87' lang='lat' dir='ltr'>sub</span> <span class='ocrx_word' id='word_1_244' title='bbox 2875 592 3164 683; x_wconf 83' lang='lat' dir='ltr'>nigro:</span> <span class='ocrx_word' id='word_1_245' title='bbox 3216 593 3488 666; x_wconf 80' lang='lat' dir='ltr'>album</span> 
     </span>
     <span class='ocr_line' id='line_1_52' title="bbox 1949 707 3487 798; baseline 0.003 -21"><span class='ocrx_word' id='word_1_246' title='bbox 1949 707 2250 789; x_wconf 81' lang='lat' dir='ltr'>autem,</span> <span class='ocrx_word' id='word_1_247' title='bbox 2323 710 2403 780; x_wconf 90' lang='lat' dir='ltr'>et</span> <span class='ocrx_word' id='word_1_248' title='bbox 2465 707 2800 798; x_wconf 82' lang='lat' dir='ltr'>nigrum</span> <span class='ocrx_word' id='word_1_249' title='bbox 2881 730 2965 780; x_wconf 90' lang='lat' dir='ltr'>se</span> <span class='ocrx_word' id='word_1_250' title='bbox 3031 707 3328 783; x_wconf 82' lang='lat' dir='ltr'>habent</span> <span class='ocrx_word' id='word_1_251' title='bbox 3400 711 3487 781; x_wconf 89' lang='lat' dir='ltr'>ut</span> 
     </span>
    </p>
   </div>
   <div class='ocr_carea' id='block_1_19' title="bbox 1863 820 3489 915">
    <p class='ocr_par' dir='ltr' id='par_1_20' title="bbox 1863 820 3489 915">
     <span class='ocr_line' id='line_1_53' title="bbox 1863 820 3489 915; baseline 0.001 -21"><span class='ocrx_word' id='word_1_252' title='bbox 1863 843 1882 858; x_wconf 93' lang='lat'><strong>·</strong></span> <span class='ocrx_word' id='word_1_253' title='bbox 1948 820 2247 907; x_wconf 81' lang='lat' dir='ltr'>album,</span> <span class='ocrx_word' id='word_1_254' title='bbox 2292 826 2374 897; x_wconf 88' lang='lat' dir='ltr'>et</span> <span class='ocrx_word' id='word_1_255' title='bbox 2406 842 2566 895; x_wconf 91' lang='lat' dir='ltr'>non</span> <span class='ocrx_word' id='word_1_256' title='bbox 2621 824 2927 906; x_wconf 82' lang='lat' dir='ltr'>album;</span> <span class='ocrx_word' id='word_1_257' title='bbox 2966 842 3166 915; x_wconf 80' lang='lat' dir='ltr'>ergo</span> <span class='ocrx_word' id='word_1_258' title='bbox 3220 842 3489 897; x_wconf 85' lang='lat' dir='ltr'>secun-</span> 
     </span>
    </p>
   </div>
   <div class='ocr_carea' id='block_1_20' title="bbox 1945 930 3512 3245">
    <p class='ocr_par' dir='ltr' id='par_1_21' title="bbox 1945 930 3512 3245">
     <span class='ocr_line' id='line_1_54' title="bbox 1948 930 3482 1015; baseline 0.001 -14"><span class='ocrx_word' id='word_1_259' title='bbox 1948 930 2133 1003; x_wconf 86' lang='lat' dir='ltr'>dum</span> <span class='ocrx_word' id='word_1_260' title='bbox 2215 930 2674 1005; x_wconf 75' lang='lat' dir='ltr'>doctrinam</span> <span class='ocrx_word' id='word_1_261' title='bbox 2747 932 3246 1015; x_wconf 80' lang='lat' dir='ltr'>Aristotelis,</span> <span class='ocrx_word' id='word_1_262' title='bbox 3330 933 3482 1004; x_wconf 83' lang='lat' dir='ltr'>duo</span> 
     </span>
     <span class='ocr_line' id='line_1_55' title="bbox 1948 1050 3484 1141; baseline -0.002 -19"><span class='ocrx_word' id='word_1_263' title='bbox 1948 1050 2690 1124; x_wconf 80' lang='lat' dir='ltr'>contra-dictoriaut</span> <span class='ocrx_word' id='word_1_264' title='bbox 2717 1050 3110 1133; x_wconf 78' lang='lat' dir='ltr'>alb11m,et</span> <span class='ocrx_word' id='word_1_265' title='bbox 3131 1051 3484 1141; x_wconf 83' lang='lat' dir='ltr'>nigrum,</span> 
     </span>
     <span class='ocr_line' id='line_1_56' title="bbox 1949 1164 3510 1247; baseline 0.001 -11"><span class='ocrx_word' id='word_1_266' title='bbox 1949 1164 2117 1237; x_wconf 87' lang='lat' dir='ltr'>sive</span> <span class='ocrx_word' id='word_1_267' title='bbox 2205 1186 2364 1237; x_wconf 91' lang='lat' dir='ltr'>non</span> <span class='ocrx_word' id='word_1_268' title='bbox 2424 1167 2718 1247; x_wconf 80' lang='lat' dir='ltr'>album,</span> <span class='ocrx_word' id='word_1_269' title='bbox 2798 1167 3335 1241; x_wconf 81' lang='lat' dir='ltr'>verificantur·</span> <span class='ocrx_word' id='word_1_270' title='bbox 3406 1165 3510 1237; x_wconf 39' lang='lat' dir='ltr'>in*</span> 
     </span>
     <span class='ocr_line' id='line_1_57' title="bbox 1949 1282 3512 1374; baseline 0 -20"><span class='ocrx_word' id='word_1_271' title='bbox 1949 1285 2341 1374; x_wconf 90' lang='lat' dir='ltr'>tempore,</span> <span class='ocrx_word' id='word_1_272' title='bbox 2406 1287 2486 1355; x_wconf 85' lang='lat' dir='ltr'>et</span> <span class='ocrx_word' id='word_1_273' title='bbox 2583 1284 2662 1356; x_wconf 91' lang='lat' dir='ltr'>in</span> <span class='ocrx_word' id='word_1_274' title='bbox 2724 1282 3064 1356; x_wconf 77' lang='lat' dir='ltr'>instanti</span> <span class='ocrx_word' id='word_1_275' title='bbox 3124 1282 3512 1373; x_wconf 76' lang='lat' dir='ltr'>ejusdem·</span> 
     </span>
     <span class='ocr_line' id='line_1_58' title="bbox 1950 1398 3502 1492; baseline -0.003 -19"><span class='ocrx_word' id='word_1_276' title='bbox 1950 1398 2375 1491; x_wconf 86' lang='lat' dir='ltr'>temporis.</span> <span class='ocrx_word' id='word_1_277' title='bbox 2409 1404 2605 1474; x_wconf 92' lang='lat' dir='ltr'>Cum</span> <span class='ocrx_word' id='word_1_278' title='bbox 2641 1400 2895 1491; x_wconf 82' lang='lat' dir='ltr'>igitur</span> <span class='ocrx_word' id='word_1_279' title='bbox 2940 1405 3257 1492; x_wconf 89' lang='lat' dir='ltr'>tempus</span> <span class='ocrx_word' id='word_1_280' title='bbox 3301 1420 3502 1471; x_wconf 86' lang='lat' dir='ltr'>cum.</span> 
     </span>
     <span class='ocr_line' id='line_1_59' title="bbox 1949 1515 3482 1608; baseline 0 -22"><span class='ocrx_word' id='word_1_281' title='bbox 1949 1536 2094 1586; x_wconf 87' lang='lat' dir='ltr'>suo</span> <span class='ocrx_word' id='word_1_282' title='bbox 2137 1515 2500 1595; x_wconf 77' lang='lat' dir='ltr'>instanti,</span> <span class='ocrx_word' id='word_1_283' title='bbox 2545 1535 2705 1587; x_wconf 90' lang='lat' dir='ltr'>non</span> <span class='ocrx_word' id='word_1_284' title='bbox 2749 1515 2856 1588; x_wconf 89' lang='lat' dir='ltr'>sit</span> <span class='ocrx_word' id='word_1_285' title='bbox 2891 1516 3180 1608; x_wconf 84' lang='lat' dir='ltr'>majus,</span> <span class='ocrx_word' id='word_1_286' title='bbox 3239 1535 3482 1607; x_wconf 78' lang='lat' dir='ltr'>quam</span> 
     </span>
     <span class='ocr_line' id='line_1_60' title="bbox 1946 1632 3485 1724; baseline 0.001 -18"><span class='ocrx_word' id='word_1_287' title='bbox 1946 1636 2271 1724; x_wconf 85' lang='lat' dir='ltr'>tempus</span> <span class='ocrx_word' id='word_1_288' title='bbox 2353 1636 2695 1712; x_wconf 79' lang='lat' dir='ltr'>tantum,</span> <span class='ocrx_word' id='word_1_289' title='bbox 2807 1632 3015 1706; x_wconf 87' lang='lat' dir='ltr'>sicut</span> <span class='ocrx_word' id='word_1_290' title='bbox 3087 1632 3321 1714; x_wconf 79' lang='lat' dir='ltr'>linea,</span> <span class='ocrx_word' id='word_1_291' title='bbox 3405 1639 3485 1707; x_wconf 89' lang='lat' dir='ltr'>et</span> 
     </span>
     <span class='ocr_line' id='line_1_61' title="bbox 1949 1746 3480 1840; baseline 0 -22"><span class='ocrx_word' id='word_1_292' title='bbox 1949 1750 2335 1840; x_wconf 86' lang='lat' dir='ltr'>punctum</span> <span class='ocrx_word' id='word_1_293' title='bbox 2396 1766 2556 1817; x_wconf 93' lang='lat' dir='ltr'>non</span> <span class='ocrx_word' id='word_1_294' title='bbox 2613 1750 2738 1819; x_wconf 88' lang='lat' dir='ltr'>est</span> <span class='ocrx_word' id='word_1_295' title='bbox 2809 1746 3109 1838; x_wconf 74' lang='lat' dir='ltr'>aliquid</span> <span class='ocrx_word' id='word_1_296' title='bbox 3192 1748 3480 1839; x_wconf 73' lang='lat' dir='ltr'>majus,</span> 
     </span>
     <span class='ocr_line' id='line_1_62' title="bbox 1949 1862 3484 1957; baseline 0.001 -22"><span class='ocrx_word' id='word_1_297' title='bbox 1949 1884 2191 1956; x_wconf 82' lang='lat' dir='ltr'>quam</span> <span class='ocrx_word' id='word_1_298' title='bbox 2263 1864 2436 1936; x_wconf 79' lang='lat' dir='ltr'>sola</span> <span class='ocrx_word' id='word_1_299' title='bbox 2511 1862 2760 1945; x_wconf 57' lang='lat' dir='ltr'>linem</span> <span class='ocrx_word' id='word_1_300' title='bbox 2844 1865 2910 1935; x_wconf 90' lang='lat' dir='ltr'>si</span> <span class='ocrx_word' id='word_1_301' title='bbox 2962 1864 3177 1936; x_wconf 90' lang='lat' dir='ltr'>enim</span> <span class='ocrx_word' id='word_1_302' title='bbox 3249 1885 3484 1957; x_wconf 91' lang='lat' dir='ltr'>punc-</span> 
     </span>
     <span class='ocr_line' id='line_1_63' title="bbox 1948 1979 3484 2073; baseline -0.001 -18"><span class='ocrx_word' id='word_1_303' title='bbox 1948 1985 2032 2055; x_wconf 84' lang='lat' dir='ltr'>ta</span> <span class='ocrx_word' id='word_1_304' title='bbox 2093 1980 2459 2053; x_wconf 68' lang='lat' dir='ltr'>facerent</span> <span class='ocrx_word' id='word_1_305' title='bbox 2524 1979 2826 2071; x_wconf 81' lang='lat' dir='ltr'>aliquid</span> <span class='ocrx_word' id='word_1_306' title='bbox 2905 1981 3195 2073; x_wconf 77' lang='lat' dir='ltr'>majus,</span> <span class='ocrx_word' id='word_1_307' title='bbox 3293 1985 3484 2054; x_wconf 88' lang='lat' dir='ltr'>tunc</span> 
     </span>
     <span class='ocr_line' id='line_1_64' title="bbox 1949 2097 3486 2190; baseline 0.003 -22"><span class='ocrx_word' id='word_1_308' title='bbox 1949 2101 2229 2190; x_wconf 79' lang='lat' dir='ltr'>partes</span> <span class='ocrx_word' id='word_1_309' title='bbox 2263 2097 2704 2171; x_wconf 75' lang='lat' dir='ltr'>dividentes</span> <span class='ocrx_word' id='word_1_310' title='bbox 2770 2101 3061 2180; x_wconf 88' lang='lat' dir='ltr'>totum,</span> <span class='ocrx_word' id='word_1_311' title='bbox 3122 2098 3486 2172; x_wconf 76' lang='lat' dir='ltr'>facerent</span> 
     </span>
     <span class='ocr_line' id='line_1_65' title="bbox 1947 2213 3480 2307; baseline 0 -22"><span class='ocrx_word' id='word_1_312' title='bbox 1947 2214 2247 2305; x_wconf 81' lang='lat' dir='ltr'>aliquid</span> <span class='ocrx_word' id='word_1_313' title='bbox 2318 2213 2608 2307; x_wconf 42' lang='lat' dir='ltr'>maji&amp;</span> <span class='ocrx_word' id='word_1_314' title='bbox 2693 2234 2934 2306; x_wconf 81' lang='lat' dir='ltr'>quam</span> <span class='ocrx_word' id='word_1_315' title='bbox 2999 2214 3105 2286; x_wconf 90' lang='lat' dir='ltr'>sit</span> <span class='ocrx_word' id='word_1_316' title='bbox 3187 2219 3480 2296; x_wconf 87' lang='lat' dir='ltr'>totum,</span> 
     </span>
     <span class='ocr_line' id='line_1_66' title="bbox 1948 2330 3485 2424; baseline -0.001 -22"><span class='ocrx_word' id='word_1_317' title='bbox 1948 2332 2153 2424; x_wconf 80' lang='lat' dir='ltr'>quod</span> <span class='ocrx_word' id='word_1_318' title='bbox 2188 2333 2310 2403; x_wconf 91' lang='lat' dir='ltr'>est</span> <span class='ocrx_word' id='word_1_319' title='bbox 2381 2330 2914 2423; x_wconf 90' lang='lat' dir='ltr'>impossibile;</span> <span class='ocrx_word' id='word_1_320' title='bbox 2984 2331 3171 2422; x_wconf 77' lang='lat' dir='ltr'>quia</span> <span class='ocrx_word' id='word_1_321' title='bbox 3220 2335 3485 2405; x_wconf 87' lang='lat' dir='ltr'>totum</span> 
     </span>
     <span class='ocr_line' id='line_1_67' title="bbox 1946 2447 3483 2541; baseline -0.001 -21"><span class='ocrx_word' id='word_1_322' title='bbox 1946 2452 2070 2521; x_wconf 87' lang='lat' dir='ltr'>est</span> <span class='ocrx_word' id='word_1_323' title='bbox 2132 2469 2228 2519; x_wconf 83' lang='lat' dir='ltr'>ex</span> <span class='ocrx_word' id='word_1_324' title='bbox 2308 2447 2676 2541; x_wconf 82' lang='lat' dir='ltr'>partibus</span> <span class='ocrx_word' id='word_1_325' title='bbox 2753 2447 3184 2541; x_wconf 63' lang='lat' dir='ltr'>normaliter</span> <span class='ocrx_word' id='word_1_326' title='bbox 3244 2448 3483 2520; x_wconf 89' lang='lat' dir='ltr'>simul</span> 
     </span>
     <span class='ocr_line' id='line_1_68' title="bbox 1948 2562 3486 2656; baseline 0 -18"><span class='ocrx_word' id='word_1_327' title='bbox 1948 2562 2426 2656; x_wconf 88' lang='lat' dir='ltr'>sumptis,ct</span> <span class='ocrx_word' id='word_1_328' title='bbox 2461 2585 2504 2636; x_wconf 93' lang='lat' dir='ltr'>e</span> <span class='ocrx_word' id='word_1_329' title='bbox 2548 2566 3002 2639; x_wconf 80' lang='lat' dir='ltr'>contra-rio.</span> <span class='ocrx_word' id='word_1_330' title='bbox 3031 2565 3315 2639; x_wconf 80' lang='lat' dir='ltr'>Divisa</span> <span class='ocrx_word' id='word_1_331' title='bbox 3342 2566 3486 2638; x_wconf 82' lang='lat' dir='ltr'>ita-</span> 
     </span>
     <span class='ocr_line' id='line_1_69' title="bbox 1949 2680 3486 2775; baseline 0.003 -22"><span class='ocrx_word' id='word_1_332' title='bbox 1949 2702 2101 2775; x_wconf 89' lang='lat' dir='ltr'>que</span> <span class='ocrx_word' id='word_1_333' title='bbox 2134 2680 2345 2755; x_wconf 83' lang='lat' dir='ltr'>linea</span> <span class='ocrx_word' id='word_1_334' title='bbox 2380 2681 2460 2754; x_wconf 89' lang='lat' dir='ltr'>in</span> <span class='ocrx_word' id='word_1_335' title='bbox 2492 2682 2769 2775; x_wconf 84' lang='lat' dir='ltr'>plures</span> <span class='ocrx_word' id='word_1_336' title='bbox 2805 2686 3110 2775; x_wconf 80' lang='lat' dir='ltr'>partes,</span> <span class='ocrx_word' id='word_1_337' title='bbox 3141 2682 3271 2755; x_wconf 90' lang='lat' dir='ltr'>ubi</span> <span class='ocrx_word' id='word_1_338' title='bbox 3305 2688 3486 2757; x_wconf 84' lang='lat' dir='ltr'>erat</span> 
     </span>
     <span class='ocr_line' id='line_1_70' title="bbox 1947 2797 3489 2892; baseline 0 -20"><span class='ocrx_word' id='word_1_339' title='bbox 1947 2817 2198 2872; x_wconf 91' lang='lat' dir='ltr'>unum</span> <span class='ocrx_word' id='word_1_340' title='bbox 2260 2801 2646 2891; x_wconf 87' lang='lat' dir='ltr'>punctum</span> <span class='ocrx_word' id='word_1_341' title='bbox 2703 2797 2782 2871; x_wconf 91' lang='lat' dir='ltr'>in</span> <span class='ocrx_word' id='word_1_342' title='bbox 2843 2798 3232 2891; x_wconf 77' lang='lat' dir='ltr'>potentia,</span> <span class='ocrx_word' id='word_1_343' title='bbox 3305 2803 3489 2892; x_wconf 87' lang='lat' dir='ltr'>post</span> 
     </span>
     <span class='ocr_line' id='line_1_71' title="bbox 1945 2915 3489 3010; baseline -0.001 -20"><span class='ocrx_word' id='word_1_344' title='bbox 1945 2915 2427 2991; x_wconf 84' lang='lat' dir='ltr'>divisionem</span> <span class='ocrx_word' id='word_1_345' title='bbox 2462 2916 2666 2991; x_wconf 88' lang='lat' dir='ltr'>fiunt</span> <span class='ocrx_word' id='word_1_346' title='bbox 2707 2921 2988 3008; x_wconf 75' lang='lat' dir='ltr'>postea</span> <span class='ocrx_word' id='word_1_347' title='bbox 3010 2917 3164 2989; x_wconf 88' lang='lat' dir='ltr'>duo</span> <span class='ocrx_word' id='word_1_348' title='bbox 3190 2921 3489 3010; x_wconf 82' lang='lat' dir='ltr'>puncta</span> 
     </span>
     <span class='ocr_line' id='line_1_72' title="bbox 1948 3032 3489 3126; baseline 0.001 -21"><span class='ocrx_word' id='word_1_349' title='bbox 1948 3033 2027 3105; x_wconf 90' lang='lat' dir='ltr'>in</span> <span class='ocrx_word' id='word_1_350' title='bbox 2063 3036 2248 3106; x_wconf 82' lang='lat' dir='ltr'>actu</span> <span class='ocrx_word' id='word_1_351' title='bbox 2288 3057 2302 3102; x_wconf 90' lang='lat'>:</span> <span class='ocrx_word' id='word_1_352' title='bbox 2342 3051 2542 3123; x_wconf 83' lang='lat' dir='ltr'>ergo</span> <span class='ocrx_word' id='word_1_353' title='bbox 2570 3032 2637 3105; x_wconf 91' lang='lat' dir='ltr'>si</span> <span class='ocrx_word' id='word_1_354' title='bbox 2679 3032 2918 3126; x_wconf 88' lang='lat' dir='ltr'>hujus</span> <span class='ocrx_word' id='word_1_355' title='bbox 2957 3037 3252 3125; x_wconf 80' lang='lat' dir='ltr'>puncta</span> <span class='ocrx_word' id='word_1_356' title='bbox 3286 3033 3489 3106; x_wconf 78' lang='lat' dir='ltr'>face-</span> 
     </span>
     <span class='ocr_line' id='line_1_73' title="bbox 1950 3148 3486 3245; baseline -0.001 -22"><span class='ocrx_word' id='word_1_357' title='bbox 1950 3153 2133 3225; x_wconf 85' lang='lat' dir='ltr'>rent</span> <span class='ocrx_word' id='word_1_358' title='bbox 2213 3149 2515 3243; x_wconf 77' lang='lat' dir='ltr'>aliquid</span> <span class='ocrx_word' id='word_1_359' title='bbox 2595 3148 2888 3245; x_wconf 77' lang='lat' dir='ltr'>majus,</span> <span class='ocrx_word' id='word_1_360' title='bbox 2962 3150 3123 3223; x_wconf 81' lang='lat' dir='ltr'>illae</span> <span class='ocrx_word' id='word_1_361' title='bbox 3207 3154 3486 3244; x_wconf 82' lang='lat' dir='ltr'>partes</span> 
     </span>
    </p>
   </div>
   <div class='ocr_carea' id='block_1_21' title="bbox 1906 3267 3483 3366">
    <p class='ocr_par' dir='ltr' id='par_1_22' title="bbox 1906 3267 3483 3366">
     <span class='ocr_line' id='line_1_74' title="bbox 1906 3267 3483 3366; baseline 0 -26"><span class='ocrx_word' id='word_1_362' title='bbox 1906 3268 2182 3366; x_wconf 16' lang='lat' dir='ltr'>*lineae</span> <span class='ocrx_word' id='word_1_363' title='bbox 2236 3268 2478 3340; x_wconf 89' lang='lat' dir='ltr'>simul</span> <span class='ocrx_word' id='word_1_364' title='bbox 2530 3271 2875 3360; x_wconf 80' lang='lat' dir='ltr'>sumptae</span> <span class='ocrx_word' id='word_1_365' title='bbox 2929 3271 3202 3342; x_wconf 80' lang='lat' dir='ltr'>essent</span> <span class='ocrx_word' id='word_1_366' title='bbox 3275 3267 3483 3360; x_wconf 86' lang='lat' dir='ltr'>plus,</span> 
     </span>
    </p>
   </div>
   <div class='ocr_carea' id='block_1_22' title="bbox 1947 3383 3510 5114">
    <p class='ocr_par' dir='ltr' id='par_1_23' title="bbox 1947 3383 3492 4181">
     <span class='ocr_line' id='line_1_75' title="bbox 1949 3383 3488 3477; baseline 0.002 -22"><span class='ocrx_word' id='word_1_367' title='bbox 1949 3405 2193 3477; x_wconf 81' lang='lat' dir='ltr'>quam</span> <span class='ocrx_word' id='word_1_368' title='bbox 2227 3404 2461 3457; x_wconf 88' lang='lat' dir='ltr'>suum</span> <span class='ocrx_word' id='word_1_369' title='bbox 2504 3386 2770 3458; x_wconf 90' lang='lat' dir='ltr'>totum</span> <span class='ocrx_word' id='word_1_370' title='bbox 2810 3407 2825 3466; x_wconf 90' lang='lat'>;</span> <span class='ocrx_word' id='word_1_371' title='bbox 2863 3403 3062 3476; x_wconf 82' lang='lat' dir='ltr'>ergo</span> <span class='ocrx_word' id='word_1_372' title='bbox 3097 3403 3259 3457; x_wconf 89' lang='lat' dir='ltr'>non</span> <span class='ocrx_word' id='word_1_373' title='bbox 3293 3383 3488 3458; x_wconf 78' lang='lat' dir='ltr'>facit</span> 
     </span>
     <span class='ocr_line' id='line_1_76' title="bbox 1949 3499 3482 3594; baseline 0 -21"><span class='ocrx_word' id='word_1_374' title='bbox 1949 3502 2248 3594; x_wconf 77' lang='lat' dir='ltr'>aliquid</span> <span class='ocrx_word' id='word_1_375' title='bbox 2312 3500 2580 3594; x_wconf 81' lang='lat' dir='ltr'>majus</span> <span class='ocrx_word' id='word_1_376' title='bbox 2663 3499 2899 3584; x_wconf 79' lang='lat' dir='ltr'>linea,</span> <span class='ocrx_word' id='word_1_377' title='bbox 2945 3506 3025 3575; x_wconf 90' lang='lat' dir='ltr'>et</span> <span class='ocrx_word' id='word_1_378' title='bbox 3070 3505 3482 3593; x_wconf 87' lang='lat' dir='ltr'>punctum,</span> 
     </span>
     <span class='ocr_line' id='line_1_77' title="bbox 1951 3616 3489 3710; baseline 0.001 -21"><span class='ocrx_word' id='word_1_379' title='bbox 1951 3638 2192 3710; x_wconf 80' lang='lat' dir='ltr'>quam</span> <span class='ocrx_word' id='word_1_380' title='bbox 2247 3618 2458 3690; x_wconf 76' lang='lat' dir='ltr'>linea</span> <span class='ocrx_word' id='word_1_381' title='bbox 2517 3616 2734 3699; x_wconf 78' lang='lat' dir='ltr'>sola;</span> <span class='ocrx_word' id='word_1_382' title='bbox 2791 3637 2935 3691; x_wconf 90' lang='lat' dir='ltr'>nec</span> <span class='ocrx_word' id='word_1_383' title='bbox 2999 3622 3346 3710; x_wconf 86' lang='lat' dir='ltr'>tempus,</span> <span class='ocrx_word' id='word_1_384' title='bbox 3409 3622 3489 3692; x_wconf 82' lang='lat' dir='ltr'>et</span> 
     </span>
     <span class='ocr_line' id='line_1_78' title="bbox 1949 3734 3489 3827; baseline -0.001 -20"><span class='ocrx_word' id='word_1_385' title='bbox 1949 3735 2291 3818; x_wconf 67' lang='lat' dir='ltr'>iustam,</span> <span class='ocrx_word' id='word_1_386' title='bbox 2323 3753 2565 3827; x_wconf 84' lang='lat' dir='ltr'>quam</span> <span class='ocrx_word' id='word_1_387' title='bbox 2600 3734 2861 3807; x_wconf 90' lang='lat' dir='ltr'>solum</span> <span class='ocrx_word' id='word_1_388' title='bbox 2899 3738 3260 3826; x_wconf 86' lang='lat' dir='ltr'>tempus:</span> <span class='ocrx_word' id='word_1_389' title='bbox 3290 3755 3489 3825; x_wconf 79' lang='lat' dir='ltr'>crgo</span> 
     </span>
     <span class='ocr_line' id='line_1_79' title="bbox 1947 3850 3492 3944; baseline 0 -20"><span class='ocrx_word' id='word_1_390' title='bbox 1947 3872 2106 3924; x_wconf 91' lang='lat' dir='ltr'>non</span> <span class='ocrx_word' id='word_1_391' title='bbox 2143 3851 2513 3942; x_wconf 86' lang='lat' dir='ltr'>sequitur</span> <span class='ocrx_word' id='word_1_392' title='bbox 2535 3850 2837 3944; x_wconf 79' lang='lat' dir='ltr'>aliquid</span> <span class='ocrx_word' id='word_1_393' title='bbox 2872 3850 3135 3942; x_wconf 81' lang='lat' dir='ltr'>majus</span> <span class='ocrx_word' id='word_1_394' title='bbox 3169 3851 3492 3924; x_wconf 78' lang='lat' dir='ltr'>adveri-</span> 
     </span>
     <span class='ocr_line' id='line_1_80' title="bbox 1948 3969 3486 4054; baseline -0.001 -11"><span class='ocrx_word' id='word_1_395' title='bbox 1948 3970 2412 4045; x_wconf 80' lang='lat' dir='ltr'>fica-tionem</span> <span class='ocrx_word' id='word_1_396' title='bbox 2445 3969 2791 4043; x_wconf 86' lang='lat' dir='ltr'>duorum</span> <span class='ocrx_word' id='word_1_397' title='bbox 2842 3969 3486 4054; x_wconf 79' lang='lat' dir='ltr'>contrariorum,</span> 
     </span>
     <span class='ocr_line' id='line_1_81' title="bbox 1950 4090 2862 4181; baseline -0.004 -22"><span class='ocrx_word' id='word_1_398' title='bbox 1950 4108 2193 4181; x_wconf 83' lang='lat' dir='ltr'>quam</span> <span class='ocrx_word' id='word_1_399' title='bbox 2228 4107 2474 4159; x_wconf 90' lang='lat' dir='ltr'>unum</span> <span class='ocrx_word' id='word_1_400' title='bbox 2517 4090 2862 4160; x_wconf 77' lang='lat' dir='ltr'>tantum.</span> 
     </span>
    </p>

    <p class='ocr_par' dir='ltr' id='par_1_24' title="bbox 1948 4202 3510 5114">
     <span class='ocr_line' id='line_1_82' title="bbox 2040 4202 3491 4294; baseline -0.002 -16"><span class='ocrx_word' id='word_1_401' title='bbox 2040 4206 2184 4278; x_wconf 81' lang='lat' dir='ltr'>Sed</span> <span class='ocrx_word' id='word_1_402' title='bbox 2218 4204 2629 4293; x_wconf 87' lang='lat' dir='ltr'>(utdicunt</span> <span class='ocrx_word' id='word_1_403' title='bbox 2663 4203 2826 4294; x_wconf 87' lang='lat' dir='ltr'>isti)</span> <span class='ocrx_word' id='word_1_404' title='bbox 2848 4203 3043 4274; x_wconf 88' lang='lat' dir='ltr'>bene</span> <span class='ocrx_word' id='word_1_405' title='bbox 3067 4202 3162 4273; x_wconf 83' lang='lat' dir='ltr'>ad</span> <span class='ocrx_word' id='word_1_406' title='bbox 3201 4221 3491 4276; x_wconf 86' lang='lat' dir='ltr'>eorum</span> 
     </span>
     <span class='ocr_line' id='line_1_83' title="bbox 1948 4318 3493 4411; baseline -0.001 -18"><span class='ocrx_word' id='word_1_407' title='bbox 1948 4321 2596 4394; x_wconf 78' lang='lat' dir='ltr'>verificationem</span> <span class='ocrx_word' id='word_1_408' title='bbox 2661 4318 3115 4411; x_wconf 84' lang='lat' dir='ltr'>requiritur</span> <span class='ocrx_word' id='word_1_409' title='bbox 3174 4339 3493 4392; x_wconf 88' lang='lat' dir='ltr'>succes-</span> 
     </span>
     <span class='ocr_line' id='line_1_84' title="bbox 1954 4433 3498 4527; baseline -0.001 -18"><span class='ocrx_word' id='word_1_410' title='bbox 1954 4436 2101 4518; x_wconf 88' lang='lat' dir='ltr'>sio,</span> <span class='ocrx_word' id='word_1_411' title='bbox 2194 4435 2399 4527; x_wconf 85' lang='lat' dir='ltr'>quod</span> <span class='ocrx_word' id='word_1_412' title='bbox 2481 4456 2642 4508; x_wconf 90' lang='lat' dir='ltr'>non</span> <span class='ocrx_word' id='word_1_413' title='bbox 2725 4433 3075 4527; x_wconf 73' lang='lat' dir='ltr'>requirit</span> <span class='ocrx_word' id='word_1_414' title='bbox 3152 4434 3498 4510; x_wconf 84' lang='lat' dir='ltr'>alterius</span> 
     </span>
     <span class='ocr_line' id='line_1_85' title="bbox 1952 4551 3503 4627; baseline -0.001 -1"><span class='ocrx_word' id='word_1_415' title='bbox 1952 4552 2305 4627; x_wconf 84' lang='lat' dir='ltr'>extremi</span> <span class='ocrx_word' id='word_1_416' title='bbox 2329 4552 2811 4626; x_wconf 74' lang='lat' dir='ltr'>verificatiO.</span> <span class='ocrx_word' id='word_1_417' title='bbox 2844 4551 2923 4626; x_wconf 85' lang='lat' dir='ltr'>Si</span> <span class='ocrx_word' id='word_1_418' title='bbox 2948 4552 3161 4625; x_wconf 90' lang='lat' dir='ltr'>enim</span> <span class='ocrx_word' id='word_1_419' title='bbox 3189 4552 3503 4626; x_wconf 76' lang='lat' dir='ltr'>instans</span> 
     </span>
     <span class='ocr_line' id='line_1_86' title="bbox 1956 4671 3510 4763; baseline -0.001 -17"><span class='ocrx_word' id='word_1_420' title='bbox 1956 4671 3510 4763; x_wconf 81' lang='lat' dir='ltr'>temporisimmediatesuccederet‚non</span> 
     </span>
     <span class='ocr_line' id='line_1_87' title="bbox 1957 4784 3505 4880; baseline -0.001 -21"><span class='ocrx_word' id='word_1_421' title='bbox 1957 4787 2289 4880; x_wconf 76' lang='lat' dir='ltr'>possent</span> <span class='ocrx_word' id='word_1_422' title='bbox 2369 4785 2520 4856; x_wconf 86' lang='lat' dir='ltr'>duo</span> <span class='ocrx_word' id='word_1_423' title='bbox 2613 4784 2988 4877; x_wconf 80' lang='lat' dir='ltr'>opposita.</span> <span class='ocrx_word' id='word_1_424' title='bbox 3066 4785 3505 4870; x_wconf 81' lang='lat' dir='ltr'>verificari,</span> 
     </span>
     <span class='ocr_line' id='line_1_88' title="bbox 1957 4902 3498 4996; baseline -0.001 -19"><span class='ocrx_word' id='word_1_425' title='bbox 1957 4925 2208 4977; x_wconf 86' lang='lat' dir='ltr'>unum</span> <span class='ocrx_word' id='word_1_426' title='bbox 2245 4902 2325 4976; x_wconf 88' lang='lat' dir='ltr'>in</span> <span class='ocrx_word' id='word_1_427' title='bbox 2362 4907 2760 4996; x_wconf 87' lang='lat' dir='ltr'>tempore,</span> <span class='ocrx_word' id='word_1_428' title='bbox 2785 4906 2997 4978; x_wconf 75' lang='lat' dir='ltr'>aliud</span> <span class='ocrx_word' id='word_1_429' title='bbox 3025 4906 3103 4978; x_wconf 90' lang='lat' dir='ltr'>in</span> <span class='ocrx_word' id='word_1_430' title='bbox 3134 4906 3498 4982; x_wconf 78' lang='lat' dir='ltr'>instanti.</span> 
     </span>
     <span class='ocr_line' id='line_1_89' title="bbox 1962 5024 3506 5114; baseline 0.003 -20"><span class='ocrx_word' id='word_1_431' title='bbox 1962 5024 2188 5095; x_wconf 84' lang='lat' dir='ltr'>Inter</span> <span class='ocrx_word' id='word_1_432' title='bbox 2209 5043 2735 5114; x_wconf 77' lang='lat' dir='ltr'>quaecumque</span> <span class='ocrx_word' id='word_1_433' title='bbox 2760 5024 3032 5095; x_wconf 77' lang='lat' dir='ltr'>autem</span> <span class='ocrx_word' id='word_1_434' title='bbox 3052 5026 3174 5095; x_wconf 77' lang='lat' dir='ltr'>est</span> <span class='ocrx_word' id='word_1_435' title='bbox 3199 5045 3506 5097; x_wconf 89' lang='lat' dir='ltr'>succes-</span> 
     </span>
    </p>
   </div>
   <div class='ocr_carea' id='block_1_23' title="bbox 1898 5128 3503 5220">
    <p class='ocr_par' dir='ltr' id='par_1_25' title="bbox 1898 5128 3503 5220">
     <span class='ocr_line' id='line_1_90' title="bbox 1898 5128 3503 5220; baseline 0.004 -12"><span class='ocrx_word' id='word_1_436' title='bbox 1898 5207 1901 5208; x_wconf 10' lang='grc' dir='ltr'><em>γ</em></span> <span class='ocrx_word' id='word_1_437' title='bbox 1969 5139 2117 5220; x_wconf 88' lang='lat' dir='ltr'>sio,</span> <span class='ocrx_word' id='word_1_438' title='bbox 2197 5139 2336 5211; x_wconf 78' lang='lat' dir='ltr'>illa</span> <span class='ocrx_word' id='word_1_439' title='bbox 2377 5158 2539 5209; x_wconf 93' lang='lat' dir='ltr'>non</span> <span class='ocrx_word' id='word_1_440' title='bbox 2591 5143 2776 5212; x_wconf 90' lang='lat' dir='ltr'>sunt</span> <span class='ocrx_word' id='word_1_441' title='bbox 2830 5139 3070 5212; x_wconf 88' lang='lat' dir='ltr'>simul</span> <span class='ocrx_word' id='word_1_442' title='bbox 3126 5167 3140 5210; x_wconf 92' lang='lat'>:</span> <span class='ocrx_word' id='word_1_443' title='bbox 3185 5142 3382 5213; x_wconf 85' lang='lat' dir='ltr'>unde</span> <span class='ocrx_word' id='word_1_444' title='bbox 3435 5128 3503 5214; x_wconf 85' lang='lat' dir='ltr'>si</span> 
     </span>
    </p>
   </div>
   <div class='ocr_carea' id='block_1_24' title="bbox 1962 5256 3513 5583">
    <p class='ocr_par' dir='ltr' id='par_1_26' title="bbox 1962 5256 3513 5583">
     <span class='ocr_line' id='line_1_91' title="bbox 1966 5256 3505 5349; baseline 0.002 -21"><span class='ocrx_word' id='word_1_445' title='bbox 1966 5256 2043 5328; x_wconf 90' lang='lat' dir='ltr'>in</span> <span class='ocrx_word' id='word_1_446' title='bbox 2094 5256 2370 5328; x_wconf 83' lang='lat' dir='ltr'>codem</span> <span class='ocrx_word' id='word_1_447' title='bbox 2409 5256 2745 5330; x_wconf 76' lang='lat' dir='ltr'>instanti</span> <span class='ocrx_word' id='word_1_448' title='bbox 2785 5262 3058 5349; x_wconf 89' lang='lat' dir='ltr'>posset</span> <span class='ocrx_word' id='word_1_449' title='bbox 3117 5279 3294 5329; x_wconf 84' lang='lat' dir='ltr'>esse</span> <span class='ocrx_word' id='word_1_450' title='bbox 3337 5278 3505 5331; x_wconf 87' lang='lat' dir='ltr'>suc-</span> 
     </span>
     <span class='ocr_line' id='line_1_92' title="bbox 1965 5373 3508 5467; baseline 0 -20"><span class='ocrx_word' id='word_1_451' title='bbox 1965 5374 2227 5447; x_wconf 80' lang='lat' dir='ltr'>cessio</span> <span class='ocrx_word' id='word_1_452' title='bbox 2275 5373 2440 5462; x_wconf 77' lang='lat' dir='ltr'>ilia,</span> <span class='ocrx_word' id='word_1_453' title='bbox 2481 5396 2655 5467; x_wconf 57' lang='lat' dir='ltr'>quae</span> <span class='ocrx_word' id='word_1_454' title='bbox 2708 5376 2976 5447; x_wconf 84' lang='lat' dir='ltr'>essent</span> <span class='ocrx_word' id='word_1_455' title='bbox 3033 5376 3110 5447; x_wconf 91' lang='lat' dir='ltr'>in</span> <span class='ocrx_word' id='word_1_456' title='bbox 3171 5375 3315 5449; x_wconf 85' lang='lat' dir='ltr'>tali</span> <span class='ocrx_word' id='word_1_457' title='bbox 3357 5375 3508 5447; x_wconf 89' lang='lat' dir='ltr'>ins-</span> 
     </span>
     <span class='ocr_line' id='line_1_93' title="bbox 1962 5489 3513 5583; baseline 0.001 -21"><span class='ocrx_word' id='word_1_458' title='bbox 1962 5490 2200 5572; x_wconf 84' lang='lat' dir='ltr'>tanti,</span> <span class='ocrx_word' id='word_1_459' title='bbox 2267 5509 2428 5563; x_wconf 93' lang='lat' dir='ltr'>non</span> <span class='ocrx_word' id='word_1_460' title='bbox 2478 5495 2752 5565; x_wconf 87' lang='lat' dir='ltr'>essent</span> <span class='ocrx_word' id='word_1_461' title='bbox 2795 5491 3062 5562; x_wconf 90' lang='lat' dir='ltr'>simul.</span> <span class='ocrx_word' id='word_1_462' title='bbox 3105 5489 3186 5564; x_wconf 82' lang='lat' dir='ltr'>si</span> <span class='ocrx_word' id='word_1_463' title='bbox 3257 5491 3513 5583; x_wconf 80' lang='lat' dir='ltr'>igitur</span> 
     </span>
    </p>
   </div>
   <div class='ocr_carea' id='block_1_25' title="bbox 304 5600 3510 5702">
    <p class='ocr_par' dir='ltr' id='par_1_27' title="bbox 304 5600 3510 5702">
     <span class='ocr_line' id='line_1_94' title="bbox 304 5600 3510 5702; baseline 0.004 -36"><span class='ocrx_word' id='word_1_464' title='bbox 304 5600 1858 5702; x_wconf 74' lang='lat' dir='ltr'>quodterminnturadtempus,estsuh</span> <span class='ocrx_word' id='word_1_465' title='bbox 1970 5605 2294 5697; x_wconf 81' lang='lat' dir='ltr'>aliquod</span> <span class='ocrx_word' id='word_1_466' title='bbox 2386 5610 2702 5700; x_wconf 85' lang='lat' dir='ltr'>tempus</span> <span class='ocrx_word' id='word_1_467' title='bbox 2809 5607 3332 5701; x_wconf 82' lang='lat' dir='ltr'>componitur</span> <span class='ocrx_word' id='word_1_468' title='bbox 3416 5629 3510 5681; x_wconf 85' lang='lat' dir='ltr'>ex</span> 
     </span>
    </p>
   </div>
  </div>
 </body>
</html>
