4252 6393
737 381 857 444 408

725 545 1291 638 separabilem.
1362 548 1572 634 Infi.
1635 549 1838 615 etiam
1876 545 1958 612 de
1994 547 2262 625 Anima,

722 674 887 732 test.
921 664 1033 734 21.
1069 662 1286 745 dicit,
1325 664 1528 754 quod
1561 661 2021 735 intellectus
2062 659 2270 731 vide-

721 782 857 851 tur
880 781 1166 848 alterum
1202 801 1409 869 yemis
1439 782 1705 848 animae.
1744 778 1845 849 Et
1878 776 1957 847 in
1989 774 2267 846 eodem

713 895 941 977 dicit3
984 899 1065 966 Si
1101 899 1376 987 aliquod
1431 920 1772 965 commune
1801 900 2047 966 anima:
2084 899 2272 963 omni

716 1026 972 1102 oportet
1029 1016 1275 1095 dicere,
1339 1017 1469 1082 crit
1508 1017 1731 1103 utique
1771 1025 1954 1080 actus
2005 1012 2270 1100 primus

716 1135 1016 1220 corporis·
1081 1133 1387 1221 orqanici
1433 1134 1735 1219 Physici.
1806 1131 2068 1202 Vocat
2139 1148 2269 1200 au-

719 1253 881 1323 tem
935 1247 1310 1328 formam,
1376 1251 1464 1322 ut
1532 1247 1613 1319 in
1665 1247 1940 1319 eodem
2013 1248 2262 1337 patet.

712 1365 1052 1438 Videtur
1092 1365 1371 1458 igitur,
1416 1365 1623 1456 quod
1669 1362 1838 1437 haec
1883 1362 1991 1437 sit
2040 1383 2265 1435 mens

720 1481 1081 1555 omnium
1152 1486 1641 1556 Sanctorum
1717 1486 1797 1554 et
1897 1479 2266 1554 Philoso-

720 1602 1094 1695 phorum,
1135 1603 1341 1694 quod
1385 1623 1568 1675 cum
1606 1601 1846 1674 homo
1886 1605 1968 1675 et
2029 1601 2268 1692 quod-

716 1719 911 1793 libet
953 1719 1502 1811 compositum
1563 1721 1882 1792 constet
1939 1738 2037 1790 ex
2081 1717 2266 1789 duo-

712 1835 860 1907 bus
941 1834 1394 1928 principiis,
1477 1833 1892 1907 materiali
1959 1838 2040 1907 et
2107 1832 2265 1905 for-

717 1952 936 2034 mali,
1010 1953 1215 2044 quod
1282 1952 1555 2024 anima
1633 1951 2103 2034 rationalis,
2181 1954 2270 2024 ut

718 2071 1177 2152 rationalis,
1242 2070 1349 2144 sit
1391 2069 1737 2143 formale
1776 2068 2269 2162 principium

718 2186 1096 2259 hominis,

809 2305 1115 2375 Verum
1161 2302 1373 2395 quia,
1440 2303 1651 2376 sicut
1701 2301 1908 2374 alias
1964 2305 2089 2376 est
2151 2322 2273 2374 os-

724 2425 1069 2501 tensum,
1131 2419 1226 2491 ad
1284 2418 1937 2511 experimentum
1980 2416 2271 2488 animae

719 2537 1239 2619 intrinsecus,
1270 2535 1530 2608 omnis
1590 2535 1994 2608 certitudo
2029 2554 2271 2627 quam

720 2654 961 2729 habet
1019 2654 1293 2726 anima
1343 2654 1433 2726 de
1496 2652 1768 2745 aliquo
1823 2652 1903 2724 in
1942 2652 2100 2735 via,
2154 2673 2271 2724 re-

717 2770 1069 2853 ducitur,
1144 2769 1357 2842 sicut
1398 2789 1576 2841 esse
1637 2769 1933 2841 mobile
1975 2767 2070 2839 ad
2130 2768 2270 2840 im-

720 2887 1055 2968 mobile,
1147 2887 1263 2959 sic
1361 2906 1507 2979 per
1592 2886 2268 2979 experimentum,

719 3003 926 3096 quod
958 3007 1083 3078 est
1118 3003 1382 3075 omnis
1412 3007 1719 3077 nostrae
1753 3001 2270 3076 certitudinis

720 3118 1238 3214 principium,
1287 3123 1509 3212 patet
1561 3119 1767 3211 quod
1811 3118 2271 3191 intellectus

720 3237 989 3310 forma
1032 3235 1139 3309 sit
1199 3233 1580 3308 hominiS.
1618 3235 1855 3309 Circa
1910 3235 2117 3328 quod
2148 3238 2271 3308 est

726 3353 1339 3435 ostendendum,
1418 3353 1605 3444 quia
1675 3373 1820 3445 per
1887 3356 2118 3425 actus
2191 3351 2272 3423 in

719 3471 1103 3545 notitiam
1175 3470 1582 3563 potentiae,
1654 3473 1735 3543 et
1786 3490 1930 3562 per
1997 3472 2271 3562 poten-

722 3590 922 3664 tiam
966 3588 1047 3660 in
1091 3587 1471 3662 notitiam
1524 3586 2001 3661 substantiae
2051 3585 2272 3658 deve-

723 3705 1019 3790 nimuS,
1086 3705 1291 3800 quod
1350 3705 1808 3796 intelligere
1860 3709 2092 3778 actus
2146 3708 2271 3777 est

720 3845 881 3897 non
915 3823 1173 3897 solius
1215 3822 1530 3903 animae,
1579 3823 1710 3895 sed
1752 3825 1831 3895 et
1875 3820 2273 3913 composi-

721 3940 811 4015 ti.
886 3939 1108 4023 Quod
1148 3942 1423 4012 autem
1494 3939 1654 4013 ista
1723 3938 1830 4011 sit
1896 3938 2274 4011 doctrina

723 4053 1436 4148 Philosophorum,
1485 4057 1708 4147 patet
1767 4071 1911 4146 per
1959 4053 2273 4127 Aristo-

725 4173 970 4246 telem
1010 4175 1073 4244 1.
1109 4174 1192 4240 de
1229 4174 1501 4253 Anima,
1547 4182 1706 4239 teste.
1745 4171 1852 4241 12.
1920 4169 2050 4241 ubi
2094 4190 2273 4241 nos-

727 4295 945 4364 tram
990 4287 1522 4380 quaestionem
1581 4286 1673 4359 de
1727 4286 2103 4379 opinione
2164 4287 2271 4359 in-

732 4405 1172 4496 telligendi,
1238 4404 1481 4478 simul
1506 4424 1689 4475 cum
1749 4402 1934 4475 aliis
2002 4401 2268 4487 habet,

727 4522 1190 4613 interrogat
1282 4519 1758 4603 dubitative,
1850 4520 2273 4612 passiones

731 4640 1012 4711 utrum
1047 4640 1237 4712 sunt
1282 4654 1780 4718 communeS,
1827 4656 1929 4707 an
1971 4634 2076 4708 sit
2133 4635 2273 4707 ali-

730 4775 887 4849 qua
955 4754 1248 4828 animae
1319 4754 1711 4848 propria?
1784 4756 1885 4828 Et
1952 4753 2269 4827 subdit:

749 4873 1025 4941 Videtur
1061 4886 1285 4942 autem
1336 4875 1795 4963 plurimarum
1832 4872 2095 4940 nnllam
2131 4873 2278 4940 sine

724 5008 1001 5077 corpore
1037 4991 1185 5075 pati
1224 5000 1339 5055 aue
1410 4992 1657 5075 facere,
1715 5000 1783 5056 ut
1822 4989 2050 5069 irasci,
2118 5007 2276 5053 con·

723 5105 935 5190 fidere
974 5116 1035 5174 el
1093 5107 1366 5175 omnin-o
1395 5107 1665 5186 sentire,
1717 5106 2012 5172 maxime
2059 5116 2277 5172 aulem

723 5224 994 5291 videtur
1026 5225 1387 5312 proprium
1424 5224 1673 5289 animae
1711 5222 2116 5309 intelliqere,
2162 5244 2278 5289 nec

725 5348 951 5407 tamen
1012 5342 1133 5406 hoc
1196 5341 1344 5405 sine
1418 5360 1714 5427 corpore.
1773 5338 1873 5409 Et
1938 5333 2276 5409 inferius

723 5459 1015 5528 contra
1046 5455 1495 5536 Platonem,
1536 5453 1671 5545 qui
1693 5453 1886 5527 dicit
1918 5453 2277 5525 animam

724 5569 805 5642 in
829 5590 1180 5664 corpore
1205 5590 1531 5645 movere
1556 5569 1932 5664 seipsam,
1959 5589 2279 5641 sumen-

1881 384 1984 446 DE
2027 383 2295 448 RERUM
2337 381 2726 446 PRINCIPIO

2384 543 2481 615 do
2518 545 2831 616 motum
2872 542 3104 635 large
3163 562 3314 637 pro
3349 542 3703 635 quolibet
3743 545 3914 618 actu

2382 658 2707 740 animae;
2745 659 2939 733 dicit
2973 659 3491 743 AristoteleS,
3529 659 3733 751 quod
3762 660 3916 732 nul-

2381 772 2508 845 lus
2554 778 2825 848 motus
2868 779 2991 848 est
3034 775 3356 859 animae,
3394 777 3525 849 sed
3557 777 3917 869 conjunc-

2384 890 2472 964 ti.
2516 890 2735 963 Unde
2786 890 3006 974 (licit,
3052 896 3115 964 1.
3160 895 3243 962 de
3289 897 3561 979 Anima,
3604 906 3764 963 text.
3813 897 3916 968 63.

2379 1013 2462 1077 Si
2526 1012 2727 1090 enim,
2792 1023 2851 1077 ce
2921 1033 3120 1100 quam
3185 1014 3481 1080 marimc
3545 1013 3770 1081 dolere
3814 1026 3921 1081 aut

2378 1127 2695 1216 quadem,
2758 1139 2875 1195 aut
2937 1129 3337 1217 intelliqere,
3382 1141 3595 1197 motus
3648 1140 3821 1213 sunt,
3868 1142 3923 1196 et

2380 1245 2893 1333 unumquodque
2920 1248 3177 1313 moveri
3213 1248 3502 1336 aliquid,
3549 1248 3800 1313 moveri
3835 1257 3921 1313 ια-

2380 1383 2532 1428 men
2579 1361 2661 1428 ab
2714 1363 2950 1429 anima
3000 1375 3117 1429 esc.
3165 1361 3575 1453 Sequitur,
3619 1375 3777 1431 [esce.
3817 1362 3919 1433 64.

2379 1478 2618 1544 Dicere
2666 1489 2886 1544 aulem
2944 1480 3245 1546 animam
3302 1482 3531 1561 irasci,
3571 1479 3792 1547 simile
3839 1483 3925 1547 est

2380 1615 2460 1661 ac
2497 1595 2561 1660 si
2600 1595 2853 1682 aliquis
2884 1595 3067 1661 dicat
3114 1616 3260 1662 eam
3299 1608 3542 1679 temere,
3579 1599 3682 1664 vel
3718 1599 3926 1682 aedifi-

2381 1733 2555 1778 care.
2605 1711 2706 1782 Et
2739 1708 3230 1784 contradicit
3262 1710 3355 1782 de
3400 1711 3771 1784 omnibus
3810 1733 3927 1784 ac·

2381 1824 2771 1908 tionibuS,
2819 1845 3167 1916 quarum
3221 1825 3497 1897 anima
3535 1831 3661 1901 est
3724 1827 3927 1920 prin-

2383 1942 2715 2034 cipium,
2779 1941 3055 2015 dicens
3097 1941 3240 2024 sic,
3287 1946 3523 2013 Melius
3562 1947 3744 2014 enim
3791 1949 3929 2032 for-

2386 2061 2579 2128 tassis
2636 2071 2729 2128 est
2785 2083 2915 2129 non
2978 2061 3205 2128 dicere
3257 2063 3559 2129 animam
3603 2064 3927 2142 misereri,

2383 2189 2500 2244 aul
2529 2175 2900 2260 addiscere,
2944 2188 3062 2245 aut
3102 2179 3499 2265 intelliqere‚
3551 2180 3667 2247 sed
3716 2181 3926 2250 homi-

2383 2316 2533 2361 nem
2598 2296 2832 2361 citima
2879 2322 2900 2362 .·
2953 2293 3067 2367 sic
3137 2293 3547 2368 concludit
3609 2309 3774 2365 text.
3824 2299 3929 2370 66.

2386 2410 2768 2499 Intelliqcre
2796 2423 3018 2481 autem
3052 2424 3112 2479 et
3141 2435 3373 2482 amare
3400 2436 3536 2480 non
3566 2427 3725 2482 nene
3752 2416 3934 2483 illius

2379 2530 2746 2614 passione-5,
2787 2528 2919 2599 sed
2952 2527 3416 2620 compositi,
3453 2534 3652 2619 hujus
3682 2529 3931 2605 homi·

2386 2641 2513 2713 nis
2555 2644 2857 2712 habentis
2893 2645 3092 2728 illud,
3129 2657 3199 2715 ut
3228 2648 3420 2715 habet
3462 2649 3661 2717 illud.

2477 2759 2650 2832 Hoc
2710 2760 2962 2833 etiam
3023 2763 3249 2854 patet
3294 2763 3613 2838 ratione
3657 2795 3671 2836 :
3720 2766 3925 2857 quia,

2387 2879 2476 2950 ut
2534 2878 2796 2951 claret
2855 2899 2954 2951 ex
3013 2880 3677 2970 praecedentibus,
3754 2903 3931 2956 curn

2385 2992 2654 3067 forma
2696 3015 2856 3067 non
2897 2999 3114 3085 agat,
3181 2997 3314 3069 sed
3355 3000 3927 3090 compositum,

2387 3111 2454 3184 si
2489 3110 2762 3182 anima
2802 3110 3163 3185 existens
3201 3112 3278 3184 in
3319 3114 3807 3207 composite,
3857 3118 3935 3188 et

2384 3247 2546 3300 non
2586 3229 2811 3299 totus
2866 3227 3110 3302 homo
3170 3233 3478 3320 ageret,
3525 3231 3807 3304 anima
3850 3234 3934 3303 ut

2384 3347 2507 3416 est
2568 3343 2650 3417 in
2691 3365 3042 3438 corpore
3127 3370 3282 3427 esse,
3355 3345 3693 3420 haberet
3781 3369 3936 3422 non

2384 3459 2742 3552 perfecte
2771 3461 3378 3535 communicans
3417 3467 3756 3556 corpori
3788 3467 3812 3555 (
3843 3465 3938 3538 si-

2385 3580 2517 3650 cut
2551 3578 2766 3650 enim
2798 3602 2932 3647 esse
2962 3580 3642 3664 communicatur,
3696 3583 3813 3655 ita
3859 3586 3934 3654 et

2389 3695 2785 3787 operatio,
2853 3695 3062 3768 sicut
3137 3716 3283 3789 per
3352 3696 3936 3791 Philosophum

2387 3813 2610 3903 patet
2669 3814 2735 3882 8.
2800 3812 3089 3901 Metaph.
3142 3837 3286 3902 cap.
3342 3827 3402 3881 el
3443 3825 3601 3883 text.
3647 3817 3933 3894 animia

2384 3929 2475 4001 de
2507 3926 2776 4000 forma
2815 3926 3032 4011 aeriS,
3079 3929 3287 4002 sicut
3327 3931 3639 4003 tactum
3689 3935 3819 4004 est
3859 3931 3937 4004 in

2387 4042 2733 4117 secunda
2771 4042 3276 4135 difficultate)
3316 4066 3735 4137 nunquam
3777 4046 3939 4119 ani-

2388 4181 2542 4244 ma,
2571 4164 2656 4233 ut
2689 4162 2811 4233 est
2858 4161 2938 4233 in
2979 4181 3351 4254 corpore,
3394 4183 3586 4235 vere
3627 4162 3937 4236 faceret

2387 4297 2635 4350 unum
2696 4297 2879 4349 cum
2948 4297 3354 4370 corpore:
3428 4279 3938 4372 impossibile

2384 4393 2600 4466 enim
2666 4397 2789 4465 est
2858 4394 3324 4486 imaginari,
3389 4395 3595 4488 quod
3663 4395 3939 4488 aliqua

2386 4510 2537 4583 duo
2591 4510 3249 4587 substantialiter
3297 4512 3599 4586 faciant
3655 4534 3930 4594 unum,

2385 4631 2466 4700 et
2509 4627 2714 4719 quod
2760 4648 3049 4700 eorum
3109 4628 3325 4703 actio
3359 4649 3520 4701 non
3581 4629 3688 4703 sit
3751 4649 3932 4710 una,

2389 4763 2571 4816 cum
2610 4743 2829 4816 actio
2872 4742 2978 4816 sit
3012 4765 3058 4816 a
3089 4747 3263 4817 toto
3298 4747 3790 4839 composito.

2483 4870 2713 4952 Item,
2778 4872 3004 4942 totus
3080 4869 3322 4944 homo
3377 4875 3749 4945 meretur
3797 4875 3936 4945 aut

2388 4984 2898 5065 demeretur;
2938 4984 3214 5057 anima
3256 4986 3473 5058 enim
3518 4989 3930 5080 separata,

2390 5103 2546 5173 etsi
2615 5099 3025 5191 intelligat
3096 5103 3235 5172 aut
3335 5104 3580 5184 amet,
3658 5105 3934 5174 tamen

2390 5216 2592 5289 nihil
2661 5220 3029 5289 meretur
3073 5221 3216 5290 aut
3247 5216 3758 5299 demeretur;
3816 5237 3933 5291 er-

2391 5353 2491 5425 go
2525 5334 2710 5406 dum
2743 5336 2866 5405 est
2901 5333 2981 5404 in
3006 5352 3380 5426 corpore,
3416 5337 3596 5407 tota
3632 5354 3935 5408 meren-

2388 5450 2464 5523 di
2501 5449 2742 5531 ratio,
2778 5449 2905 5521 vel
2946 5449 3401 5523 demerendi
3444 5451 3935 5526 attribuitur

2389 5567 2871 5660 composito,
2906 5587 3089 5641 cum
3121 5567 3215 5641 ad
3249 5566 3660 5653 meritum,
3695 5573 3780 5645 et
3809 5569 3935 5642 de-

4047 2784 4113 2834 31.
