4252 6393
153 1961 178 1990 *fl

1540 441 1903 518 onesimo
1954 441 2052 502 vu

296 618 395 682 ne,
425 599 541 673 vel
589 601 1023 674 reflexione
1064 601 1412 693 angulus
1457 600 1795 674 inciden-

294 720 409 808 tiae,
449 724 566 793 est
621 720 957 811 aequalis
1008 720 1309 810 angulo
1375 718 1795 791 refractio-

293 835 418 917 nis,
452 836 612 909 sive
642 837 890 911 etiam
939 836 1434 909 reflexionis.

363 957 587 1026 Sexto
631 954 1146 1045 supponitur,
1185 954 1392 1045 quod
1434 954 1634 1025 nulli
1675 975 1794 1026 ra-

285 1068 374 1141 dii
400 1070 735 1142 extremi
769 1071 1185 1144 venientes
1218 1071 1317 1141 ab
1348 1073 1579 1144 astro
1610 1091 1793 1143 con-

287 1192 596 1258 currunt
649 1186 728 1259 in
779 1192 1067 1260 centro
1126 1186 1482 1279 ejusdem
1537 1186 1787 1267 visus,

284 1302 416 1373 nisi
464 1304 591 1395 qui
667 1305 1253 1396 refrangantur
1312 1305 1408 1376 ad
1449 1304 1791 1394 angulos

283 1422 622 1512 aequales.
677 1424 908 1496 I‘atet
950 1444 1049 1493 ex
1093 1422 1576 1529 prgocedenti
1613 1443 1792 1513 sup-

285 1539 679 1629 positione,
719 1540 910 1631 quia
943 1539 1188 1613 aliter
1220 1539 1566 1629 angulus
1606 1539 1792 1610 inci-

282 1654 535 1727 dentiae
587 1661 807 1729 esset
864 1655 1286 1747 inaequalis
1329 1656 1628 1746 angulo
1677 1675 1791 1726 re-

283 1771 644 1844 flexionis.

386 1891 565 1965 Istis
655 1891 1140 1983 suppositis,
1224 1890 1558 1983 ponitur
1636 1889 1794 1962 ista

153 2007 227 2059 ⁰¹·
283 2008 698 2088 conclusiO,
755 2010 962 2098 quod
1014 2008 1169 2078 nisi
1227 2008 1650 2099 proveniat
1696 2028 1794 2078 ex

277 2125 587 2207 defectu,
667 2125 793 2197 vel
869 2123 1488 2213 irregularitate
1555 2143 1794 2215 vapo-

277 2240 394 2321 ris,
454 2262 780 2333 semper
841 2241 1047 2312 Halo
1106 2239 1334 2311 (lebet
1393 2259 1794 2331 apparere

277 2360 688 2430 secundum
722 2357 1151 2430 circulum.
1201 2355 1614 2428 Probatur
1651 2376 1794 2446 per

273 2474 1037 2548 demonstrationem
1130 2472 1606 2546 Aristotelis
1695 2491 1793 2543 ex

276 2592 886 2683 praecedentibus
921 2588 1644 2682 suppositionibus,
1695 2592 1794 2663 Et

273 2708 362 2781 sit
398 2715 472 2789 A,
525 2709 754 2781 visus
795 2713 874 2789 B,
930 2711 1248 2780 astrum
1294 2711 1374 2779 et
1462 2708 1793 2799 superfi-

271 2825 413 2896 cies
446 2830 522 2907 D,
579 2828 655 2906 G,
709 2827 786 2904 F,
841 2829 921 2897 et
973 2822 1079 2896 sit
1127 2827 1501 2895 centrum
1551 2843 1793 2915 vapo-

272 2943 391 3023 ris,
451 2945 548 3016 ad
608 2964 844 3035 quem
909 2942 995 3015 fit
1055 2942 1163 3013 ibi
1225 2941 1618 3015 refractio
1681 2943 1791 3014 lu-

272 3059 486 3130 minis
519 3064 603 3139 E,
641 3064 833 3132 tunc
891 3080 1034 3151 per
1076 3058 1449 3132 ultimam
1502 3079 1791 3150 suppo-

269 3173 654 3258 sitionem,
702 3175 904 3248 nulli
948 3174 1153 3248 radii
1203 3175 1554 3249 extremi
1609 3194 1792 3247 con-

269 3297 588 3365 current
646 3293 728 3364 in
788 3297 1164 3365 centrum
1225 3292 1447 3363 visus
1489 3297 1568 3374 A,
1633 3293 1791 3365 nisi

268 3409 382 3498 qui
416 3410 955 3500 refranguntu
971 3430 1010 3480 r
1038 3409 1134 3480 ad
1167 3409 1509 3496 angulos
1533 3431 1791 3500 aequa-

268 3523 398 3604 les;
453 3526 714 3618 igitur
758 3524 1034 3596 radius
1083 3529 1140 3591 B
1179 3527 1240 3592 F
1279 3530 1357 3607 A,
1404 3530 1483 3597 et
1526 3531 1582 3593 B
1615 3529 1668 3593 G
1709 3530 1787 3609 A,

267 3640 838 3732 refranguntur
890 3640 985 3711 ad
1026 3640 1370 3730 angulos
1411 3640 1787 3731 aequales,

263 3762 332 3830 et
371 3779 511 3850 per
552 3758 916 3830 eamdem
965 3756 1614 3849 suppositionem
1671 3777 1792 3828 ra·

265 3873 424 3946 dius
484 3880 545 3942 B
583 3880 661 3956 A,
709 3874 1016 3946 transit
1066 3873 1593 3954 irrefractus;
1653 3874 1791 3962 igi-

264 3993 386 4062 tur
418 4011 698 4063 omnes
733 3989 1014 4080 anguli
1054 3989 1372 4062 causati
1414 4010 1512 4060 ex
1557 3989 1791 4062 lineis

265 4105 728 4186 incidentiae,
793 4113 873 4181 et
936 4107 1183 4179 radiis
1239 4107 1788 4187 refractionis,

266 4244 406 4294 una
453 4246 641 4297 cum
690 4225 900 4296 linea
941 4229 992 4291 A
1040 4229 1117 4305 B,
1165 4229 1354 4297 sunt
1398 4224 1548 4296 sibi
1595 4224 1795 4296 invi-

262 4363 420 4412 cem
460 4342 847 4433 aequales,
898 4342 1086 4432 quia.
1138 4361 1461 4432 semper
1491 4341 1646 4413 duo
1687 4339 1792 4411 la-

267 4459 430 4527 tera
474 4458 712 4529 unius
747 4462 937 4529 sunt
970 4457 1315 4548 aequalia
1347 4456 1652 4527 duobus
1689 4458 1792 4527 la-

265 4574 565 4645 teribus
615 4574 988 4655 alterius,
1048 4578 1129 4647 et
1183 4573 1472 4664 reliqui
1516 4575 1794 4663 anguli

266 4690 489 4762 unius
563 4689 901 4781 reliquis
974 4690 1345 4769 alterius,
1418 4694 1496 4762 et
1572 4693 1795 4763 totus

267 4806 716 4896 triangulus
796 4807 954 4880 toti
1031 4805 1486 4894 triangulo;
1545 4804 1799 4895 igitur

263 4921 716 5013 triangulus
752 4927 810 4990 B
841 4925 1001 5002 FA,
1038 4925 1163 4993 est
1195 4922 1532 5013 {equalis
1559 4926 1616 4988 B
1641 4925 1693 4990 G
1716 4928 1792 5002 A,

262 5039 479 5112 etita
508 5041 597 5111 de
630 5039 818 5111 aliis
851 5038 1292 5128 triangulis
1316 5038 1676 5112 causatis
1701 5061 1799 5110 ex

268 5156 505 5227 radiis
587 5155 1041 5228 incidentiae
1109 5155 1204 5225 ad
1285 5155 1796 5245 superficiem

266 5276 612 5367 vaporis,
658 5296 846 5348 eum
895 5273 1141 5345 radiis
1185 5272 1567 5346 refractis
1612 5279 1799 5347 sunt

269 5389 408 5460 sibi
455 5391 794 5463 invicem
839 5389 1215 5481 aequa-les.
1271 5389 1471 5460 Dein
1522 5389 1798 5477 imag-i-

271 5512 558 5580 nentur
589 5508 1055 5598 triangulos
1099 5511 1483 5579 causatos
1534 5529 1632 5577 ex
1677 5529 1800 5578 ra-

269 5619 410 5694 diis
457 5624 835 5700 refractis
879 5624 973 5696 ad
1016 5622 1528 5716 superficiem
1561 5644 1798 5717 vapo-

3335 424 3446 489 197

1911 597 2050 679 ris,
2099 598 2233 691 qui
2280 619 2558 672 omnes
2629 600 2817 671 sunt
2887 593 3036 671 sibi
3107 591 3451 667 invicem

1904 3173 2281 3264 aequales,
2341 3174 2654 3249 scilicet
2712 3178 2763 3243 A
2816 3178 2869 3242 G
2919 3178 2999 3258 E,
3045 3178 3098 3243 A
3151 3175 3324 3254 FE,
3371 3174 3451 3245 et

1903 3294 1955 3358 A
2017 3295 2076 3358 D
2132 3296 2213 3374 E,
2259 3296 2339 3366 et
2397 3296 2449 3360 A
2507 3296 2560 3360 C
2602 3297 2683 3373 E,
2739 3293 2929 3383 quia
2978 3292 3131 3362 duo
3184 3290 3449 3361 latera

1907 3407 2144 3478 unius
2189 3412 2376 3481 sunt
2424 3408 2770 3498 :equalia
2817 3407 3123 3478 duobus
3176 3403 3451 3478 lateri-

1905 3525 2051 3595 bus
2100 3524 2468 3605 alteriuS,
2519 3528 2605 3596 ut
2650 3527 2843 3616 puta
2885 3523 3099 3596 latus
3152 3527 3203 3593 A
3244 3525 3321 3601 G,
3371 3523 3451 3590 et

1909 3643 2124 3714 latus
2161 3646 2209 3708 A
2238 3645 2316 3721 Ε,
2344 3641 2550 3732 quod
2581 3644 2707 3713 est
2738 3660 3168 3712 commune
3205 3640 3454 3711 omni-

1907 3760 2078 3838 bus,
2118 3763 2304 3831 sunt
2336 3757 2682 3849 aequalia
2723 3756 3121 3830 lateribus
3162 3760 3213 3824 A
3257 3758 3331 3837 F,
3378 3760 3458 3828 et

1907 3879 1957 3942 A
2010 3877 2090 3955 Ε,
2149 3879 2228 3946 et
2277 3873 2527 3944 etiam
2594 3873 2859 3945 latera
2900 3876 2949 3939 A
2984 3874 3069 3954 D,
3104 3875 3183 3943 et
3254 3875 3305 3939 A
3376 3873 3457 3952 Ε,

1909 3997 2094 4064 sunt
2137 3992 2481 4083 aequalia
2554 3991 2941 4065 lateribus
2991 3996 3044 4058 A
3092 3994 3171 4070 Ε,
3204 3993 3458 4062 etAC.

1913 4109 2182 4199 Igitur
2232 4128 2373 4200 per
2425 4108 2760 4181 tertiam
2814 4105 3461 4200 suppositionem

1911 4225 2155 4318 primi
2188 4225 2422 4296 bases
2468 4224 2802 4296 illorum
2848 4223 3461 4314 triangulorum

1908 4345 2150 4416 erunt
2194 4341 2343 4413 sibi
2382 4342 2725 4415 invicem
2757 4341 3155 4433 aequales;
3204 4341 3462 4430 igitur

1912 4457 2382 4550 superficies
2416 4462 2474 4524 D
2513 4461 2566 4526 G
2610 4461 2669 4524 D
2707 4460 2783 4537 F,
2833 4457 2993 4529 erit
3025 4457 3460 4530 circularis

1915 4595 2059 4667 per
2116 4573 2664 4646 definitionem
2717 4572 3035 4654 circuli,
3090 4575 3170 4646 et
3222 4593 3459 4665 punc-

1915 4696 2044 4764 tus
2094 4694 2174 4770 Ε,
2222 4694 2439 4762 esset
2487 4693 2861 4761 centrum
2905 4689 3108 4780 ejuS,
3148 4689 3333 4780 quia
3367 4691 3465 4762 ab

1917 4808 2091 4899 ipso
2171 4808 2265 4878 ad
2342 4807 3100 4879 circumferentiam
3183 4827 3461 4880 omnes

1918 4923 2146 4995 lineae.
2198 4923 2457 4996 ductae
2504 4926 2691 4996 sunt
2722 4922 3101 5014 aequales.
3171 4925 3269 4995 Et
3310 4921 3463 4995 hoc

1913 5039 2004 5109 ‹le
2049 5036 2341 5129 primo.

2386 5273 2822 5330 ARTICULUS
2918 5275 2989 5330 11.

2291 5427 2384 5490 De
2413 5427 2862 5493 accidentibus
2894 5431 3081 5496 Halm.

2005 5629 2413 5707 Quantum
2484 5626 2579 5698 ad
2658 5628 3115 5708 secundum,
3221 5628 3471 5704 scien-

3255 1870 3358 1967 Ε
3496 1896 3773 1957 concipia-

3473 1966 3566 2006 tur
3592 1958 3705 2005 Ιιιεσ
3733 1959 3796 2019 fi·

3495 2034 3637 2082 yur-a
3670 2032 3775 2065 uon

3488 2079 3780 2130 circularis

3469 2142 3561 2205 pla.
3569 2156 3661 2195 na,
3704 2141 3797 2189 scd

3473 2204 3740 2269 sphaerica
3750 2240 3762 2252 .

3498 5596 3543 5646 Α
3559 5531 3815 5643 ;σίτῖς;νιίία

3590 5655 3751 5707 Halo.
