4252 6393
1668 400 2027 516 QUAEs‘no
2075 442 2129 502 x
3411 445 3493 507 42)

286 600 513 675 esset,
544 596 615 668 si
656 596 1489 680 ‘inotuscalcfacerem
1540 600 1821 689 igitur,

288 718 426 786 etc.
486 713 877 796 Secundo,
924 716 1286 790 videmus
1321 718 1528 810 quod
1560 720 1827 791 volen-

293 836 398 903 tes
478 831 974 923 frigefacere
1041 835 1367 927 aliquod
1437 835 1828 928 liquidum

294 946 799 1033 calefactum,
877 956 1203 1025 movent
1284 952 1553 1045 ipsum
1638 952 1826 1025 hinc

296 1071 364 1141 et
403 1066 603 1149 inde,
642 1072 732 1142 ut
768 1072 990 1161 patet
1020 1068 1111 1141 de
1150 1068 1506 1162 potagiO.
1553 1070 1828 1143 Tertio

298 1186 652 1259 videmus
688 1187 893 1279 quod
934 1207 1144 1280 aqua
1197 1193 1426 1262 stans
1485 1187 1832 1261 calidior

300 1308 407 1376 est
440 1314 657 1396 aqua
713 1304 1040 1386 fluente,
1106 1306 1315 1397 quod
1366 1327 1526 1377 non
1585 1310 1828 1387 esset,

303 1421 360 1491 si
391 1426 664 1494 motus
704 1426 921 1494 esset
951 1441 1199 1494 causa
1230 1422 1562 1495 caloris.

53 1532 282 1594 ⁰P¹⁰⁸f¹¹¹”²·
380 1540 866 1632 Oppositum
925 1540 1015 1613 fit
1075 1562 1363 1612 verum
1408 1562 1554 1634 per
1612 1540 1834 1614 Aris-

306 1657 631 1730 totelem
668 1658 747 1728 in
792 1659 950 1732 isto
982 1658 1277 1751 primo.

389 1778 476 1849 In
513 1776 677 1849 ista
699 1776 1145 1867 quaestione
1184 1776 1444 1870 primo
1492 1777 1835 1850 recitan-

307 1894 409 1965 dae
440 1898 635 1967 sunt
668 1892 1028 1986 quaedam
1074 1894 1494 1986 opiniones
1543 1895 1633 1967 de
1677 1918 1836 1968 mo-

302 2007 409 2088 do,
447 2028 596 2100 per
657 2028 893 2099 quem
941 2012 1389 2100 generatur
1449 2008 1680 2081 calor
1738 2031 1836 2082 ex

304 2130 511 2200 motu
548 2129 960 2221 corporiS,
998 2128 1427 2221 supposito
1473 2128 1680 2218 quod
1711 2150 1835 2201 ca-

302 2243 642 2325 lefiat‚ut
682 2250 967 2338 postea
990 2244 1496 2338 probabitur.
1546 2249 1835 2319 Secun-

297 2360 380 2430 do
427 2361 922 2451 assignanda
983 2366 1109 2434 est
1168 2362 1478 2435 veritas
1562 2360 1835 2455 hujus-

302 2477 491 2549 modi
510 2477 1112 2550 calefactionis.
1134 2479 1234 2551 Et
1262 2476 1510 2551 tertio
1533 2476 1835 2570 specia-

305 2592 477 2666 liter
524 2595 619 2667 de
663 2595 1203 2669 calefactione
1254 2594 1466 2686 ignis
1516 2615 1564 2666 a
1610 2598 1835 2670 motu

302 2712 667 2812 corporis
700 2712 1082 2785 coelestis.

89 1773 238 1820 Divisio

54 1836 290 1897 matianis.

810 3009 1243 3066 ARTICULUS
1283 3010 1324 3065 1.

311 3231 660 3316 opiniones
708 3230 793 3296 cle
841 3230 1031 3296 modo
1079 3251 1205 3316 quo
1252 3239 1610 3316 qeneralm·
1658 3229 1844 3294 calor

737 3368 821 3412 ex
862 3358 1039 3413 motu
1071 3346 1394 3432 corporis.

87 3619 103 3654 f
168 3556 202 3628 2,
392 3543 802 3621 Quantum
861 3539 955 3610 ad
1016 3538 1395 3632 primum,
1452 3541 1634 3610 erat
1687 3537 1847 3630 opi·

70 3621 435 3733 vfwmfinio
474 3658 568 3727 Β.
612 3654 963 3736 Thomae,
1000 3656 1206 3748 quod
1249 3660 1518 3730 motus
1561 3653 1848 3727 calefa-

315 3773 415 3847 cit
452 3795 604 3867 pro
634 3777 889 3855 tanto,
928 3774 1134 3865 quod
1168 3774 1522 3866 primum
1560 3774 1638 3846 in
1664 3793 1850 3845 uno-

315 3912 622 3984 quoque
673 3912 970 3982 generc
1019 3896 1146 3964 est
1196 3910 1445 3963 causa
1490 3891 1850 3964 omnium

314 4007 683 4089 aliorum,
724 4028 900 4099 quae
943 4010 1130 4080 sunt
1175 4006 1255 4079 in
1294 4008 1575 4081 eodem
1623 4027 1853 4098 gene-

319 4142 427 4204 re:
475 4126 710 4198 modo
757 4127 1027 4196 motus
1061 4123 1348 4197 localis
1379 4128 1505 4197 est
1542 4123 1854 4215 primus

322 4245 707 4323 motuum,
770 4241 941 4313 ideo
1009 4245 1133 4314 est
1201 4261 1451 4314 causa
1517 4237 1856 4311 calefac-

320 4355 583 4437 tionis,
631 4357 987 4429 maxime
1028 4377 1212 4430 cum
1255 4354 1689 4428 calefactio
1752 4353 1858 4424 sit

320 4473 817 4547 nobilissima.
895 4475 1243 4550 mutatio
1323 4478 1628 4567 praeter
1699 4492 1859 4542 ino-

325 4593 482 4662 tum
531 4592 898 4674 localem,
945 4591 1120 4664 ideo
1155 4591 1420 4685 ipsum
1456 4589 1861 4663 immedia-

329 4710 399 4780 te
448 4709 1010 4802 consequitur.
1392 4691 1402 4701 ’

100 4830 317 4944 Ῑῆξέοηα-
409 4822 712 4900 Contr'a
744 4826 895 4898 hoc
929 4825 1316 4919 objicitur
1348 4825 1641 4918 primo,
1680 4823 1868 4917 quia

200 4935 210 4948 '
338 4946 596 5014 motus
661 4941 951 5014 localis
1008 4941 1419 5014 violentus
1476 4942 1672 5013 bene
1740 4942 1869 5013 cst

336 5076 572 5130 causa
629 5058 958 5140 caloris,
1021 5063 1102 5132 et
1165 5063 1436 5132 tamen
1500 5056 1871 5151 impossi-

339 5173 484 5247 bile
522 5178 889 5270 estquod
919 5176 1218 5269 aliquis
1263 5180 1534 5249 motus
1576 5175 1873 5248 violen-

344 5293 460 5363 tus
510 5293 620 5367 sit
668 5297 983 5386 primus
1038 5297 1430 5374 motuum,
1482 5293 1641 5364 imo
1698 5313 1875 5383 pro—

346 5408 507 5498 prie
558 5418 824 5485 motus
881 5411 1169 5485 localis
1226 5411 1432 5483 coeli.
1482 5409 1871 5489 Secundo,

1942 606 2023 675 et
2044 601 2629 696 cujuscumque
2655 604 3002 676 alterius
3037 604 3489 694 qualitatis.

1944 723 2462 812 Consequens
2487 722 2696 792 falsu
2711 742 2810 801 m,
2837 725 2922 793 ut
2947 724 3172 813 patet
3199 742 3341 814 per
3364 742 3493 793 ex-

1948 836 2465 927 perientiam.
2541 838 2950 911 Probatur
2996 858 3495 930 consequen-

1943 952 2088 1035 tia,
2137 975 2324 1025 cum
2369 953 2868 1044 frigefactio,
2916 959 2997 1029 et
3052 954 3493 1028 albefactio

1945 1070 2110 1143 sint
2143 1071 2235 1144 de
2280 1090 2577 1161 genere
2625 1072 3136 1147 mutationis

3655 1167 3685 1217 3

2034 1188 2394 1260 Secunda
2446 1189 2718 1281 opinio
2771 1193 2896 1263 est
2976 1192 3490 1264 Commenta·
3528 1207 3719 1293 Opfm-g,
3789 1233 3839 1286 ρ,

1946 1302 2181 1385 toriS,
2246 1304 2382 1396 qui
2466 1304 2661 1379 dicit
2766 1307 2971 1422 qirod
3042 1311 3310 1380 motus
3369 1309 3493 1379 est

1948 1418 2343 1511 perfectio
2393 1441 2840 1513 corporum
2885 1421 3360 1504 calidorum,
3413 1425 3494 1495 et

1939 1538 2112 1629 jam
2162 1535 2410 1609 istam
2462 1536 3072 1629 perfectionem,
3121 1560 3296 1630 quae
3366 1543 3492 1611 est

1952 1658 2248 1735 motuS,
2295 1656 2832 1746 consequitur
2873 1655 3491 1748 perfectimqua}

1949 1772 2072 1841 est
2104 1769 2505 1843 caliditas.
2547 1770 2693 1842 Sed
2753 1770 2913 1843 ista
2969 1770 3245 1862 opinio
3316 1770 3491 1840 nul-

1950 1885 2138 1966 lam,
2183 1887 2312 1958 vel
2355 1888 2645 1960 saltem
2691 1908 3054 1980 paucam,
3093 1887 3331 1961 habet
3364 1910 3493 1959 ex-

1951 2002 2463 2096 perientiam.

2036 2120 2310 2193 Tertia
2349 2121 2621 2214 opinio
2664 2126 2787 2195 est
2822 2122 3046 2195 Petri
3088 2122 3179 2192 de
3212 2120 3490 2192 Alver-

3544 1295 3826 1345 Commen-

3575 1360 3790 1408 tatoris.

3551 2119 3742 2181 Opinio
3761 2117 3816 2171 3.

3538 2182 3693 2232 l'etri
3748 2182 3814 2229 de

1948 2235 2107 2318 nia,
2158 2236 2290 2328 qui
2321 2237 2548 2329 ponit
2584 2238 2788 2329 quod
2824 2242 3094 2310 motus
3138 2239 3265 2309 est
3308 2256 3490 2308 cau-
3548 2244 3840 2294 Alvernia·

1951 2373 2039 2422 sa
2063 2353 2369 2426 caloris
2391 2354 2656 2426 altero
2673 2354 3017 2424 duorum
3040 2353 3490 2434 modorum,

1951 2472 2440 2556 scilicet,vel
2477 2471 2662 2564 quia
2685 2471 2957 2564 plures
2992 2475 3273 2563 partes
3311 2491 3498 2542 cor-⁴

1952 2590 2177 2683 poris
2220 2587 2600 2662 calefacti
2647 2592 3102 2679 tanguntur
3147 2609 3290 2680 per
3333 2608 3492 2660 mo-

1953 2711 2149 2787 tum,
2185 2709 2266 2778 et
2302 2703 2768 2798 saepius‚vel
2803 2704 2991 2795 quia
3019 2706 3492 2795 permotum

1954 2827 2232 2916 partes
2257 2821 2634 2914 corporis
2666 2820 3043 2893 calefacti
3076 2819 3493 2899 uniuntur,

1950 2959 2049 3010 ex
2084 2958 2240 3030 qua
2281 2937 2577 3010 unione
2610 2937 2678 3009 si
2715 2936 2793 3007 in
2848 2936 3024 3029 ipso
3063 2936 3171 3010 sit
3222 2935 3497 3025 aliqua
3593 3012 3602 3018 ,

1952 3058 2221 3130 virtus
2266 3054 2771 3136 calefactiva,
2822 3054 2956 3126 illa
2993 3052 3499 3126 fortificatur

1956 3178 2036 3249 et
2082 3174 2555 3249 intenditur.

2046 3294 2354 3366 Contra
2412 3290 2562 3361 hoc
2587 3288 2998 3381 arguitur,
3047 3288 3234 3378 quia
3279 3287 3347 3359 si
3398 3306 3494 3357 ex

3657 3314 3704 3361 ⁴.

1960 3408 2139 3491 hoc,
2214 3408 2418 3500 quod
2477 3411 2754 3500 partes
2819 3405 3138 3477 mobilis
3200 3392 3849 3497 sae1›iuss·'⁶f⁶¹‘²'“‘’'·

1961 3528 2526 3616 tangerentur,
2576 3523 2844 3615 ipsum
2887 3523 3324 3604 calefieret,
3384 3543 3500 3593 se-

1964 3645 2355 3735 queretur
2408 3640 2615 3733 quod
2652 3640 2814 3713 tale
2871 3659 3174 3731 corpus
3227 3637 3501 3729 potius

1961 3756 2717 3836 deberct‘caletieri,
2792 3755 2862 3827 si
2904 3755 3174 3848 ipsum
3234 3759 3509 3843 tange·
3575 3822 3586 3831 ,

1969 3881 2092 3950 ret
2125 3896 2424 3968 corpus
2460 3874 2906 3965 quiescens,
2934 3890 3176 3962 quam
3209 3889 3512 3961 corpus

1970 3998 2305 4066 motum.
2345 3995 2862 4081 Consequens
2895 3987 3219 4068 falsum,
3259 3990 3347 4058 ut
3382 4006 3515 4077 pa-

1968 4112 2084 4182 tet
2154 4130 2301 4201 per
2366 4104 2990 4199 experientiam.
3067 4105 3167 4174 Et
3238 4121 3514 4173 conse-

1971 4225 2298 4316 quentia
2331 4223 2754 4316 probatur,
2795 4219 2983 4311 quia
3038 4238 3284 4289 unum
3339 4237 3516 4289 cor-

1970 4363 2119 4435 pus
2201 4361 2360 4412 non
2449 4342 2716 4433 potest
2793 4335 3090 4429 saepius
3171 4340 3514 4424 tangere

1971 4457 2226 4538 aliud,
2293 4477 2534 4548 quam
2577 4453 2996 4534 continue;
3046 4452 3278 4524 modo
3333 4470 3509 4521 cor-

1978 4596 2121 4667 pus
2168 4573 2588 4666 quiescens
2657 4570 3042 4644 continue
3110 4567 3377 4657 tangit
3432 4567 3519 4639 il-

1976 4693 2132 4772 lud,
2181 4712 2427 4782 super
2495 4690 2705 4781 quod
2763 4686 3154 4779 quiescit;
3228 4683 3514 4775 igitur,

1977 4814 2132 4885 etc.

2071 4927 2457 5008 SecundO,
2506 4925 2573 4996 si
2624 4924 2816 4999 talis
2877 4922 3107 4995 calor
3147 4940 3522 4992 causare-

1985 5053 2123 5121 tur
2230 5065 2374 5137 per
2481 5047 2817 5124 motum,
2887 5062 2982 5113 eo
3067 5039 3277 5131 quod
3345 5058 3521 5111 cor-

1986 5185 2135 5257 pus
2172 5163 2368 5234 illud
2399 5160 3072 5237 condensaretur,
3151 5153 3525 5246 sequitur

1985 5280 2193 5371 quod
2262 5299 2673 5371 nunquam
2781 5277 3016 5348 fieret
3089 5271 3524 5346 calefactio

1989 5420 2083 5468 eo
2192 5397 2399 5486 quod
2503 5399 2785 5488 partes
2863 5389 3244 5484 corporis
3324 5389 3527 5461 cale-

348 5527 702 5616 sequitur
737 5529 943 5620 quod
1002 5532 1274 5602 motus
1323 5526 1612 5599 localis
1664 5527 1881 5598 osset
1993 5513 2191 5587 facti
2240 5514 2958 5585 condensarentur.
3015 5513 3531 5597 Consequens

349 5643 449 5715 ita
468 5645 665 5717 bene
680 5667 922 5718 causa
943 5645 1445 5737 frigiditatis,
1467 5642 1880 5724 albedinis,

411 5780 547 5830 Tum.
578 5780 674 5833 Ν.

1997 5632 2320 5713 falsum,
2370 5629 2557 5721 quia
2602 5627 3022 5701 multoties
3077 5629 3353 5716 partes
3411 5643 3534 5693 ra-

3345 5766 3376 5814 ⁴
