4252 6393
171 3775 317 3917 44ἰὶ-
399 3881 605 3941 mam,
639 3862 916 3949 diqeseio
945 3871 1037 3926 est
1071 3858 1509 3945 imperfectiO,
1550 3857 1704 3925 etc.
1741 3852 1888 3924 Ne·

164 3937 252 3985 qum
275 3928 314 3972 ⁴..

115 3980 607 4068 mamb-gatur
647 3975 1145 4054 antecedenS,
1201 3971 1271 4043 si
1321 3974 1699 4043 sumatur
1741 3988 1890 4060 pro

1715 420 2076 498 QUAES'rle
2126 423 2173 485 11

342 584 815 678 positionem
883 583 1305 678 propriam
1366 582 1685 673 agentis
1739 601 1873 675 po-

345 708 486 776 test
566 703 648 775 in
733 702 996 796 ipsum
1079 721 1351 792 agere,
1444 704 1525 774 et
1601 720 1875 773 secun-

339 821 508 892 dum
568 819 1190 912 dispositionem
1245 817 1672 911 propriam
1745 837 1874 909 pa-

338 937 606 1011 tientis
654 940 922 1029 potest
967 936 1230 1028 ipsum
1278 934 1691 1027 passivum
1752 953 1878 1026 pa-

341 1054 413 1136 ti,
446 1053 576 1125 vel
615 1052 1006 1125 resistere
1049 1051 1143 1122 ad
1178 1049 1383 1123 hanc
1416 1048 1879 1142 dispositio-

338 1193 533 1253 nem,
579 1171 708 1243 vel
749 1170 1317 1261 digestionem,
1381 1166 1508 1239 vel
1546 1187 1877 1259 sequen·

335 1289 1094 1387 temhumiditatem.
1133 1286 1415 1360 Ethaec
1452 1285 1723 1358 omnia
1766 1305 1882 1355 re-

343 1408 710 1481 feruntur
732 1407 826 1478 ad
857 1408 1096 1477 finem
1132 1404 1559 1483 intentum,
1603 1402 1729 1472 vel
1774 1401 1881 1473 in-

347 1530 598 1597 tentos
644 1524 843 1596 fines
879 1520 1396 1614 simpliciter,
1431 1518 1557 1589 vel
1602 1537 1881 1589 secun-

352 1643 518 1712 dum
555 1646 904 1732 tempus.
953 1640 1054 1710 Et
1104 1636 1271 1709 haec
1305 1634 1758 1728 dispositio,
1796 1639 1882 1707 ut

352 1757 700 1849 loquitur
752 1753 1270 1835 Aristoteles,
1322 1751 1724 1845 perfectio
1758 1753 1883 1823 est

357 1879 507 1947 tam
556 1872 809 1953 utilis,
882 1870 1089 1963 quod
1159 1869 1332 1940 sine
1403 1868 1582 1959 ipsa
1663 1865 1884 1939 facta

364 2011 504 2064 non
533 1992 873 2085 possunt
905 1987 1085 2061 fieri
1113 1985 1687 2077 generationes
1720 1983 1883 2056 ani-

369 2106 672 2179 malium
737 2124 880 2199 per
952 2102 1661 2196 propagationem,
1736 2119 1882 2172 nec

375 2224 778 2303 fructuum,
814 2242 959 2294 nec
996 2219 1490 2314 plantarum,
1529 2237 1673 2290 nec
1708 2238 1883 2311 per-

377 2338 798 2413 vacuabilia
908 2340 1183 2411 essent
1276 2333 1659 2416 viventia,
1742 2353 1883 2407 nec

380 2454 915 2549 corruptibilia
974 2452 1148 2524 sine
1211 2452 1432 2543 ipsa;
1490 2449 1605 2522 sic
1678 2449 1882 2541 quod

381 2575 438 2646 si
463 2577 861 2647 cessarent
891 2571 1385 2663 digestiones
1423 2590 1703 2642 omnes
1740 2589 1883 2661 per

383 2710 723 2773 mensem,
803 2710 947 2761 nec
1051 2690 1383 2782 possent
1479 2684 1876 2765 homines,

382 2826 500 2879 nec
552 2808 935 2881 animalia
992 2827 1195 2886 esse,
1264 2825 1408 2876 nec
1473 2804 1752 2875 vivere
1805 2802 1882 2875 in

387 2927 657 3008 mundo,
694 2925 851 2998 nisi
881 2944 1021 3018 per
1051 2925 1307 2997 Deum
1344 2919 1879 3001 miraculose;

390 3041 600 3113 etsie
662 3042 895 3114 fieret
964 3038 1172 3109 bona
1238 3055 1417 3128 pax,
1477 3036 1602 3106 vel
1658 3034 1883 3106 nulla

395 3161 570 3230 esset
607 3156 1024 3252 generatio
1068 3153 1491 3227 hominum
1538 3153 1616 3226 in
1663 3172 1885 3226 mun-

402 3264 497 3336 do.
558 3276 642 3347 Et
712 3276 803 3347 de
879 3272 1006 3345 his
1088 3269 1459 3342 omnibus
1552 3268 1884 3343 utilibus

407 3377 884 3484 Philosophus
943 3387 1517 3467 consideravit,
1608 3386 1886 3479 praeci·

408 3509 525 3577 pue
564 3506 640 3579 de
707 3508 992 3601 quibus
1065 3504 1359 3577 rustici
1426 3523 1588 3576 non
1658 3524 1887 3577 cura-

402 3599 576 3704 bant,
606 3645 741 3698 nee
777 3622 1036 3696 adhue
1071 3621 1529 3693 advertunt.

474 3741 572 3819 Ad
615 3743 973 3817 rationes
1001 3737 1521 3832 principales.
1569 3736 1680 3808 Ad
1733 3735 1889 3827 pri-

395 4092 879 4184 ‹lispositione
928 4088 1362 4182 completa,
1420 4091 1499 4160 et
1551 4085 1891 4177 acquisi-

399 4211 465 4278 ta
523 4229 648 4299 per
674 4205 1236 4298 digestionem,
1306 4203 1517 4274 sicut
1584 4201 1890 4274 dictum

399 4321 523 4395 fuit
576 4323 893 4404 ibidem;
958 4321 1092 4393 sed
1166 4320 1235 4392 si
1298 4322 1673 4391 sumatur
1744 4335 1890 4409 pro

401 4437 527 4520 via,
588 4441 700 4513 vel
763 4436 1298 4531 dispositione
1370 4435 1887 4526 incompleta,

407 4575 546 4644 quae
581 4579 728 4631 non
771 4557 861 4630 fit
897 4554 1254 4649 perfecte
1289 4553 1382 4625 ad
1414 4552 1678 4632 finem,
1718 4554 1892 4625 tum

403 4676 502 4746 est
537 4673 1058 4767 imperfectiO,
1133 4670 1321 4762 quia
1391 4669 1580 4742 licet
1627 4667 1733 4739 sit
1785 4667 1892 4739 in·

405 4791 785 4883 completa,
833 4795 1106 4864 tamen
1135 4786 1434 4860 sufficit
1469 4785 1672 4877 quod
1717 4805 1893 4876 pos-

410 4902 493 4977 sit
539 4907 920 5000 compleri
989 4903 1373 4984 finaliter,
1446 4906 1526 4975 et
1587 4901 1701 4972 sic
1771 4903 1895 4972 est

412 5022 773 5110 perfectio,
842 5023 914 5095 id
965 5024 1113 5102 est,
1191 5024 1451 5099 actus,
1497 5018 1624 5089 vel
1677 5017 1892 5091 actio

411 5139 809 5226 perficiens,
876 5143 956 5212 et
1017 5136 1542 5230 perficientis,
1589 5140 1669 5209 et
1736 5155 1897 5206 non

409 5250 912 5347 imperfectus,
938 5253 1095 5325 nisi
1128 5252 1662 5325 diversimode
1685 5272 1897 5324 com-

413 5373 745 5458 parando,
805 5368 1182 5442 videlieet
1253 5372 1646 5460 quantum
1712 5366 1897 5439 dici·

411 5483 522 5552 tur
557 5483 1031 5577 incompleta
1099 5480 1339 5561 actio,
1385 5480 1700 5552 dicetur
1760 5479 1898 5552 im-

415 5600 785 5690 perfectiO,
819 5599 946 5672 vel
999 5597 1476 5693 improprie.
1528 5599 1616 5669 In
1658 5615 1899 5689 quan-

3435 420 3551 482 245

1988 586 2163 656 tum
2239 602 2437 653 vero
2507 581 3076 656 consideratur
3160 584 3248 653 ut
3302 581 3531 674 perfi-

1990 702 2239 782 ciens,
2277 702 2595 775 dicetur
2630 699 3050 794 perfectio,
3079 703 3160 771 et
3194 699 3341 772 hoe
3376 721 3536 772 non

1995 819 2325 890 mirum.
2362 822 2463 893 Et
2506 819 2821 911 quando
2854 818 3154 891 dicitur
3196 818 3400 909 quod
3430 818 3537 890 di·

1990 935 2256 1025 gestio
2290 934 2380 1008 fit
2430 956 2477 1006 a
2533 935 2892 1025 frigore;
2939 938 3289 1026 negatur
3332 936 3539 1026 quod

1991 1072 2040 1124 a
2098 1052 2412 1143 frigore
2467 1052 2912 1126 intrinseco
2954 1052 3302 1143 digestio
3364 1052 3535 1134 fiat,

1996 1169 2129 1241 sed
2176 1170 2243 1242 si
2284 1169 2693 1260 frigiditas
2749 1169 3091 1251 resistit,
3152 1174 3344 1248 tunc
3381 1189 3540 1241 non

1996 1288 2286 1369 active,
2325 1288 2458 1359 sed
2493 1292 2580 1362 ut
2612 1286 2979 1381 potentia
3012 1287 3335 1379 passiva
3356 1307 3539 1359 con·

1995 1406 2289 1479 currit.
2318 1408 2419 1478 Et
2452 1406 2681 1476 calor
2707 1404 2878 1475 sine
2916 1404 3385 1477 resistentia
3406 1403 3541 1475 fri-

1996 1518 2222 1608 goris
2258 1518 2548 1591 saltem
2595 1518 2854 1610 possit
2879 1537 3123 1607 agere
3156 1518 3539 1589 successi-

1993 1656 2089 1706 ve
2172 1654 2312 1728 per
2365 1634 2936 1715 successivam,
2998 1638 3078 1706 et
3132 1633 3539 1705 diversam

1996 1750 2656 1843 applicationem,
2711 1752 2792 1822 ct
2846 1752 3186 1840 propter
3227 1748 3538 1839 simpli-

1995 1866 2329 1940 citatem
2366 1866 2749 1960 potentiae
2782 1885 2940 1936 non
2968 1864 3323 1957 potentis
3356 1864 3538 1936 finis

1993 2003 2264 2074 agere,
2336 1989 2417 2058 et
2505 1989 2845 2077 propter
2927 1981 3541 2074 generationem

1997 2102 2545 2175 successivam
2586 2101 2889 2175 caloris
2927 2103 3193 2193 potest
3237 2120 3547 2172 succes-

1996 2218 2167 2291 sive
2236 2239 2580 2291 causare
2653 2217 3015 2291 calorem
3067 2216 3343 2298 alium,
3419 2216 3544 2288 vel

2000 2337 2560 2429 operationem
2622 2336 2869 2409 aliam
2927 2334 3409 2415 successive,
3464 2338 3546 2407 et

1999 2454 2112 2527 sic
2157 2454 2329 2526 sine
2381 2452 2852 2527 resistentia
2890 2451 3394 2543 frigiditatis,
3458 2450 3544 2522 li-

1996 2578 2124 2648 cet
2158 2571 2628 2646 resistentia
2662 2570 2769 2645 sit
2800 2570 3144 2650 aliunde,
3172 2568 3543 2642 videlicet

1998 2689 2078 2762 in
2112 2693 2338 2762 motu
2372 2688 2619 2761 locali
2653 2685 3228 2780 applicationis
3266 2685 3344 2757 in
3380 2706 3540 2756 mo-

1997 2812 2082 2881 tu
2128 2805 2684 2898 generationis
2716 2804 3046 2878 caloris.
3084 2803 3354 2876 Etiam
3397 2824 3540 2875 nee

2000 2928 2342 3017 propter
2374 2922 2524 2995 hoc
2573 2923 2743 2995 sine
2784 2921 3239 3011 frigiditate
3274 2920 3539 2993 subito

1999 3040 2174 3132 agit
2234 3039 2465 3111 calor
2533 3037 2968 3121 naturalis,
3017 3039 3105 3109 ut
3152 3039 3375 3129 patet
3443 3057 3540 3107 ex

1992 3159 2167 3252 jam
2206 3156 2468 3232 dictis.

2086 3272 2455 3347 Ulterius
2497 3291 2681 3345 cum
2721 3270 3022 3343 dicitur
3066 3270 3270 3361 quod
3326 3271 3538 3359 ἀεροε-

2003 3395 2093 3460 lio
2134 3403 2227 3459 est
2267 3391 2568 3479 quoedam
2620 3391 3059 3477 imper-secem,
3103 3410 3178 3454 eo
3225 3387 3399 3474 quod
3446 3398 3540 3454 est

2001 3510 2091 3577 ad
2148 3508 2655 3576 destruccionem
2735 3510 2975 3593 sormce
3048 3504 3536 3584 substantiali&

2000 3622 2301 3696 dicitur
2342 3621 2545 3712 quod
2595 3618 2943 3711 digestio
3001 3617 3302 3691 dicitur
3369 3638 3543 3709 per·

2004 3737 2253 3814 sectio
2309 3735 2629 3808 ratione
2692 3733 2871 3805 finis
2928 3732 3384 3826 propinqui,
3449 3734 3544 3804 ad

2007 3876 2245 3948 quem
2282 3853 2734 3932 ordinatur,
2771 3850 3141 3923 videlicet
3176 3853 3263 3922 ut
3294 3849 3547 3940 diges-

2004 3977 2178 4045 tum
2216 3970 2320 4044 sit
2352 3969 2655 4051 esibile,
2702 3973 2781 4041 et
2808 3966 3193 4039 sorbibile
3229 3966 3311 4039 in
3352 3966 3548 4039 arti·

2007 4084 2431 4167 ficialibus,
2502 4083 2627 4155 vel
2674 4086 2761 4155 ut
2811 4080 3404 4155 nutrimentum
3468 4079 3548 4151 in

2004 4201 2518 4276 naturalibus
2590 4199 2696 4272 sit
2769 4199 3030 4288 magis
3093 4201 3371 4290 aptum
3452 4197 3547 4269 ad

2005 4318 2571 4398 nutritionem,
2646 4315 2834 4406 quia
2907 4318 3034 4387 est
3102 4312 3546 4406 perfectius

2006 4434 2496 4528 dispositum
2559 4432 2820 4524 ipsum
2887 4429 3368 4521 digestibile,
3451 4429 3548 4501 ad

2007 4554 2158 4625 hoc
2224 4551 2431 4644 quod
2490 4547 2832 4629 nutriat,
2890 4548 3095 4639 quod
3136 4550 3319 4620 erat
3360 4549 3547 4619 ante

2004 4670 2665 4761 digestionem,et
2707 4666 2879 4738 ideo
2908 4664 3209 4737 dicitur
3250 4662 3548 4755 persec-

2006 4785 2146 4858 tio.
2206 4787 2302 4856 Et
2365 4783 2431 4854 si
2495 4785 2780 4874 postea
2840 4779 2936 4850 ad
2986 4778 3139 4850 hoc
3226 4778 3549 4852 dicatur

2011 4901 2216 4994 quod
2289 4898 2554 4971 forma
2617 4895 3184 4969 substantialis
3253 4896 3550 4986 digesti

2010 5017 2333 5091 facilius
2379 5013 2972 5106 corrumpitur,
3033 5032 3192 5084 non
3232 5017 3357 5085 est
3397 5013 3547 5096 viS,

2010 5134 2199 5227 quia
2241 5133 2740 5224 frequenter,
2783 5130 2904 5200 vel
2940 5133 3026 5201 ut
3073 5129 3152 5200 in
3186 5128 3553 5219 pluribus

2014 5245 2333 5326 melior,
2406 5248 2486 5317 et
2562 5240 3006 5337 perfectior
3084 5244 3550 5330 generatur,

2012 5365 2304 5436 saltem
2348 5362 2428 5433 in
2492 5358 2859 5432 omnibus
2914 5356 3421 5438 animalibus,
3476 5364 3556 5432 et

2010 5478 2497 5561 viventibuS,
2532 5477 2609 5549 in
2646 5475 2932 5568 quibus
2965 5478 3363 5565 corrupta
3396 5473 3555 5547 for-

2016 5618 2145 5670 ma
2205 5593 2688 5688 digestibilis
2747 5594 3192 5686 generatur
3255 5590 3551 5677 anima,
