4252 6393
189 3068 271 3118 d5.

1710 431 2071 512 QUAESTlo
2120 437 2139 497 1

337 605 418 670 tio
472 614 562 669 cst
619 601 982 690 possibilis,
1044 603 1258 687 iqz’tur
1324 611 1414 666 cst
1487 600 1853 685 corruptio.

339 717 803 792 Conceditur
863 714 1469 807 consequentia,
1534 718 1616 788 et
1674 733 1857 785 con-

336 854 674 925 sequens,
718 833 1105 925 capiendo
1154 834 1650 920 corruptionem
1698 827 1856 899 lar-

338 967 422 1040 ge
455 970 592 1041 pro
632 947 1189 1021 destructione
1233 943 1683 1037 qualitatiS,
1729 943 1854 1015 vel

337 1065 653 1138 alterius
745 1063 1312 1157 dispositionis
1399 1063 1856 1155 cujuscum-

338 1199 471 1271 que
547 1179 935 1272 plurium,
1035 1184 1116 1252 et
1197 1178 1311 1251 sic
1395 1176 1856 1271 putrefacta

337 1300 651 1388 possunt
692 1295 851 1368 dici
910 1300 1309 1387 corrupta
1364 1294 1542 1386 pari
1584 1293 1856 1366 forma

339 1411 407 1483 in
477 1412 1004 1504 qualitatibus
1093 1411 1384 1492 solum,
1480 1413 1612 1483 sed
1698 1430 1855 1481 non

336 1548 631 1621 semper
660 1527 1354 1612 substantialiter;
1399 1531 1479 1600 et
1522 1527 1637 1600 sic
1678 1547 1858 1600 con-

339 1643 561 1734 tingit
611 1644 700 1714 de
762 1643 1113 1725 cancris,
1169 1647 1249 1717 et
1284 1642 1698 1733 anguillis,
1780 1646 1861 1715 et

337 1760 529 1833 forte
588 1760 789 1852 quod
856 1760 1148 1852 aliquae
1218 1764 1497 1853 partes
1567 1760 1859 1834 talium

340 1882 827 1969 putrescunt,
872 1881 954 1951 et
996 1877 1176 1949 aliae
1250 1882 1578 1951 manent
1625 1877 1855 1959 vivae,

338 1991 407 2064 in
445 1994 719 2085 quibus
771 2015 943 2075 cor,
991 1994 1115 2066 vel
1161 1993 1860 2086 proportionabile

340 2109 500 2180 loco
547 2109 812 2181 cordis
866 2114 1015 2190 cst,
1049 2114 1130 2183 et
1178 2109 1374 2182 vita.
1415 2112 1514 2184 Et
1546 2111 1859 2202 quando

338 2224 618 2300 dicitur
667 2228 877 2319 quod
926 2250 1323 2316 consequens
1360 2240 1451 2294 est
1489 2231 1742 2315 salsum
1780 2251 1864 2295 cx

338 2367 402 2410 co
435 2346 603 2432 qaod
637 2359 730 2413 cst
761 2349 1127 2435 qeneratio,
1166 2357 1228 2412 ct
1264 2348 1363 2411 sic
1411 2367 1546 2413 non
1586 2368 1863 2433 corrup-

340 2464 443 2542 tio,
523 2460 820 2534 dicitur
880 2461 1088 2552 quod
1161 2460 1698 2533 diversimode
1739 2465 1864 2534 est

343 2578 769 2667 generatiO,
825 2581 906 2650 et
945 2577 1484 2649 diversimode
1526 2597 1862 2670 corrup-

345 2693 470 2766 tio.
535 2694 780 2766 Unius
845 2693 1275 2786 corruptio
1357 2697 1482 2766 est
1532 2713 1864 2783 gencra-

348 2811 451 2884 tio
501 2812 870 2892 alterius,
945 2815 1024 2884 et
1076 2810 1226 2884 hoc
1284 2810 1486 2882 satis
1557 2814 1681 2883 est
1738 2832 1866 2882 ex-

346 2929 685 3018 positum
736 2928 989 3021 prius.

444 3047 549 3117 Ad
645 3046 1038 3138 quintam,
1126 3049 1189 3113 si
1265 3045 1617 3133 possibile,
1707 3046 1859 3116 etc.

343 3161 621 3238 dicitur
698 3166 906 3256 quod
1003 3183 1165 3237 non
1252 3167 1376 3236 est
1461 3161 1864 3234 naturalis

345 3280 775 3373 corruptio,
860 3284 949 3354 ut
1020 3279 1247 3373 prius
1328 3280 1631 3353 dictum
1713 3278 1864 3350 suit

345 3402 513 3470 ante
551 3398 1040 3471 solutionem
1088 3395 1527 3467 rationum.
1571 3397 1684 3469 Ad
1728 3396 1866 3468 im-

349 3514 915 3605 probationem,
987 3532 1148 3584 non
1187 3517 1312 3585 est
1368 3533 1414 3583 a
1466 3512 1866 3605 principio

351 3628 799 3710 intrinseco,
882 3629 1015 3700 sed
1101 3627 1591 3707 extrinseco,
1681 3628 1868 3718 quia

351 3744 424 3816 in
487 3746 847 3819 omnibus
928 3742 1216 3836 passis,
1291 3742 1459 3814 sive
1534 3743 1870 3835 disposi-

354 3861 682 3934 tionibus
770 3859 1090 3933 confert
1171 3859 1377 3941 vim,
1466 3863 1546 3932 ct
1634 3860 1869 3951 juvat

353 3997 602 4066 agens,
647 3978 839 4051 licet
871 3976 1160 4068 aliquae
1194 3976 1369 4067 ejus
1410 3974 1870 4067 dispositio-

352 4110 477 4163 nes
526 4092 936 4171 resistant,
1015 4088 1305 4181 aliquae
1376 4093 1648 4161 tamen
1710 4109 1868 4159 non

355 4208 752 4288 resistunt,
802 4209 935 4279 sed
997 4207 1313 4299 juvant,
1366 4206 1553 4299 quia
1619 4207 1870 4279 inten-

352 4325 648 4410 duntur,
702 4331 784 4400 et
837 4324 1395 4419 perficiuntur,
1451 4328 1532 4397 et
1596 4324 1710 4395 sic
1772 4324 1870 4396 ab

354 4442 495 4516 illis
525 4444 880 4536 aliquam
912 4446 1304 4536 appetunt
1344 4442 1864 4526 naturaliter,

356 4559 522 4636 licet
584 4562 850 4635 forma
895 4561 1261 4654 patiatur
1317 4560 1506 4631 vim.

438 4681 525 4754 Et
569 4680 879 4772 quando
920 4678 1222 4753 dicitur
1266 4676 1638 4758 ulteriuS,
1700 4701 1869 4745 com-

358 4794 545 4864 bustio
591 4821 726 4865 non
782 4809 876 4864 est
922 4797 1280 4874 naturalia,
1337 4806 1396 4861 et
1434 4797 1529 4861 sic
1567 4817 1685 4860 nec
1746 4817 1867 4881 pn·

358 4915 662 4996 ινείαοιίο,
712 4914 1065 5000 negatur
1104 4909 1709 5001 consequentia..
1756 4910 1869 4982 Ad

364 5024 1040 5120 improbationem,
1093 5029 1368 5096 suntad
1406 5030 1705 5095 cumdem
1746 5040 1869 5096 ter-

361 5148 607 5229 minum,
649 5147 954 5219 dicitur
994 5144 1200 5237 quod
1259 5143 1410 5216 hoc
1471 5147 1596 5218 est
1640 5145 1869 5217 valde

360 5257 679 5343 difficile,
764 5261 949 5353 quia
1017 5260 1511 5354 putrefactio
1601 5265 1868 5352 potest

363 5373 539 5458 fieri,
597 5379 806 5452 sicut
882 5377 1182 5451 dictum
1238 5381 1386 5458 est,
1446 5378 1577 5449 sed
1656 5398 1867 5450 com·

362 5488 600 5566 bustio
661 5495 1122 5568 nullatenus
1193 5493 1285 5568 fit
1342 5515 1487 5586 per
1553 5499 1868 5568 extrac-

372 5607 643 5684 tionem
700 5612 1005 5685 humidi
1055 5612 1505 5694 intrinseci,
1592 5617 1672 5686 ct
1724 5633 1867 5707 per

3387 436 3504 502 233

1969 595 2651 670 incinerationem
2739 595 3102 689 partium
3186 596 3515 672 interio-

1972 734 2179 795 rum,
2239 713 2402 786 imo
2441 713 3014 786 extremitates
3055 712 3516 788 combusto-

1973 851 2155 905 rum
2209 832 2798 914 incinerantur,
2856 835 2937 904 et
2988 830 3514 906 humiditates

1969 951 2066 1022 ad
2111 948 2510 1021 inferiora
2564 947 3101 1040 repelluntur,
3162 952 3245 1021 et
3298 948 3516 1021 indu·

1971 1070 2290 1148 rantur,
2352 1067 2485 1139 sed
2526 1065 2773 1139 aliter
2817 1070 2943 1140 est
2982 1066 3073 1138 de
3118 1065 3517 1160 putrefac-

1968 1182 2100 1256 tis.
2151 1186 2251 1256 Et
2303 1183 2615 1275 quando
2659 1181 3104 1258 incidenter
3143 1182 3519 1273 tangitur

1969 1299 2077 1373 ibi
2130 1299 2336 1391 quod
2394 1303 2747 1369 combustio
2805 1313 2963 1369 essct
3013 1303 3372 1384 naturalis,
3458 1315 3519 1370 ct

1969 1440 2104 1486 non
2163 1419 2476 1499 violenta,
2512 1420 2670 1506 quia
2717 1419 3007 1485 velocior
3045 1418 3119 1483 in
3146 1419 3284 1502 fine
3322 1439 3515 1505 quam

1972 1536 2048 1600 in
2119 1536 2491 1622 principio,
2549 1531 2851 1605 dicitur
2908 1531 3113 1623 quod
3155 1531 3308 1603 hoc
3357 1550 3517 1603 non

1972 1652 2096 1722 est
2177 1670 2499 1742 semper
2573 1669 2886 1729 verum,
2959 1647 3120 1721 nisi
3199 1648 3519 1723 ratione

1974 1765 2594 1840 accidentalium
2663 1764 3242 1846 conditionum,
3312 1765 3522 1839 vide-

1975 1881 2166 1954 licet
2209 1883 2277 1954 si
2320 1883 2772 1975 subJ'ectum
2818 1880 3107 1953 melius
3155 1880 3521 1974 dispona-

1975 2003 2113 2073 tur
2159 2001 2252 2072 ad
2325 1999 2998 2080 combustionem,
3065 1997 3275 2070 alias
3314 2018 3519 2079 non,

1977 2116 2091 2188 sic
2131 2120 2400 2209 potest
2442 2117 2765 2208 quidam
2809 2119 3084 2189 motus
3114 2114 3524 2196 violentus

1978 2235 2055 2307 in
2100 2233 2320 2306 facto
2366 2232 2480 2305 sic
2525 2231 2851 2304 intendi.
2892 2235 2992 2306 Et
3033 2231 3524 2306 Aristoteles

1975 2350 2346 2442 loquitur
2403 2348 2654 2422 etiam
2712 2349 2803 2421 dc
2862 2347 3323 2421 conditione
3386 2348 3526 2421 illa

1979 2471 2249 2540 motus
2291 2463 2697 2539 naturalis
2732 2463 2938 2557 quod
2973 2463 3080 2537 sit
3125 2463 3525 2539 intensior

1978 2583 2063 2656 in
2115 2583 2332 2656 facto
2396 2583 2487 2654 de
2540 2585 2765 2653 motu
2831 2580 3075 2654 locali
3134 2582 3520 2663 naturali,

1975 2703 2054 2771 et
2099 2717 2261 2770 non
2291 2698 2384 2769 de
2418 2696 2775 2789 quolibet
2808 2697 2903 2768 ad
2943 2715 3105 2769 non
3154 2696 3519 2786 gradum.

2067 2817 2168 2887 Et
2212 2814 2523 2905 quando
2572 2813 2897 2907 dicitur,
2961 2815 3318 2883 combustio
3346 2817 3425 2899 sit
3483 2838 3527 2882 a

1971 2932 2317 3019 principio
2411 2932 2775 2998 intrinseco
2856 2952 3054 3017 passo
3141 2932 3527 3015 conserente

1976 3050 2138 3127 vim,
2190 3045 2495 3119 dicitur
2547 3044 2758 3136 quod
2810 3045 2905 3115 ad
2948 3043 3098 3116 hoc
3143 3063 3306 3116 non
3368 3044 3525 3116 suf-

1976 3161 2147 3236 ficit
2198 3161 2373 3234 sola
2423 3159 2848 3234 inclinatio
2921 3159 3316 3245 materiae,
3394 3162 3528 3234 sed

1984 3278 2517 3371 requiruntur
2567 3276 2882 3357 formae,
2938 3281 3018 3350 et
3071 3276 3527 3352 inclinatio-

1980 3417 2120 3467 nes
2208 3395 2666 3474 naturales,
2752 3398 3147 3486 quantum
3232 3398 3358 3467 est
3426 3414 3526 3465 ex

1984 3514 2218 3601 parte
2303 3510 2644 3602 subjecti
2719 3507 3339 3590 combustibilis,
3446 3512 3528 3582 et

1985 3626 2191 3698 tales
2258 3647 2417 3699 non
2481 3631 2668 3700 sunt
2748 3625 2960 3697 sicut
3018 3624 3099 3696 in
3156 3622 3525 3696 combus-

1981 3741 2226 3822 tione,
2292 3742 2583 3816 saltem
2641 3760 2801 3812 non
2871 3739 3199 3813 omnino
3243 3738 3525 3812 simili-

1983 3863 2135 3939 ter,
2176 3858 2388 3932 sicut
2422 3858 2500 3928 in
2535 3856 3160 3951 putrefactione.

2070 3977 2184 4048 Ad
2226 3979 2567 4054 sextam,
2619 3980 2682 4044 si
2716 3977 3122 4066 putrefactio
3179 3987 3269 4043 est
3306 3976 3522 4062 possi-

1980 4098 2158 4178 bilis,
2230 4119 2378 4164 cam
2433 4099 2651 4164 omnis
2716 4097 3149 4184 transpositio
3183 4094 3524 4182 possibilis

1973 4216 2182 4302 possit
2210 4213 2450 4282 habere
2492 4212 2994 4299 impedimenta,
3038 4213 3140 4279 vel
3167 4215 3522 4298 juvamen-

1981 4343 2071 4410 ta,
2137 4332 2233 4396 sic
2296 4332 2472 4415 soret
2530 4329 2611 4395 de
2662 4330 3178 4416 putrefactione,
3222 4326 3338 4393 sed
3405 4330 3528 4394 hoc

1981 4449 2233 4531 salsum
2280 4457 2464 4525 esset,
2509 4448 2664 4517 etc.
2711 4442 3012 4516 (licitur
3064 4442 3268 4533 quod
3324 4440 3514 4524 imO,

1981 4560 2221 4633 habet
2298 4558 2870 4650 impedimenta
2963 4557 3242 4638 multa,
3316 4557 3528 4631 sicut

1981 4678 2283 4750 dictum
2326 4676 2480 4750 fuit
2509 4676 2760 4768 prius.
2799 4676 2944 4749 Sed
2988 4675 3300 4766 quando
3345 4694 3527 4767 pro-

1981 4795 2246 4876 batur,
2295 4793 2781 4866 admittatur
2829 4813 3261 4886 processus
3302 4795 3526 4866 totus

1984 4931 2235 5001 usque
2301 4912 2487 4982 dum
2565 4910 2905 4990 dicitur;
2978 4911 3336 4998 sriyiditas
3390 4932 3529 4978 non

1984 5029 2300 5115 impedit,
2362 5031 2518 5116 quia
2570 5028 2927 5115 sriqiditas
2966 5028 3335 5094 intrinseca
3373 5048 3525 5093 cau-

1980 5156 2084 5211 sat
2138 5146 2722 5231 putrefactionem,
2798 5146 2950 5214 etc.
3020 5142 3134 5213 Ad
3205 5142 3526 5213 modum

1986 5265 2296 5333 tactum
2405 5259 2923 5350 judicandum
3040 5280 3138 5331 ex
3246 5258 3528 5332 littera

1983 5377 2487 5450 Aristotelis.
2547 5378 2693 5450 Sed
2760 5397 2943 5449 cum
2988 5376 3287 5449 dicitur
3345 5395 3527 5447 con·

1982 5499 2117 5568 tra
2161 5494 2337 5574 hoc,
2385 5498 2543 5584 quia
2601 5498 2900 5564 videmus
2961 5498 3222 5581 fructus
3267 5494 3531 5562 arboris

1983 5618 2183 5682 totius
2222 5617 2598 5704 putrefieri,
2672 5615 2938 5707 quando
3004 5615 3216 5699 suerit
3255 5613 3532 5702 infriqi·

3630 4075 3719 4127 Ad
3752 4072 3803 4124 6.
