4252 6393
712 388 830 454 396

706 578 1038 652 Certum
1079 579 1202 650 est
1237 582 1539 661 autem,
1586 580 1792 670 quod
1832 583 2243 661 concreta,

704 697 792 768 ut
822 696 1067 775 album,
1114 713 1288 784 quae
1356 693 1810 786 important
1862 717 2107 768 unum
2149 717 2248 767 ex

706 810 1068 903 subjecto
1153 815 1235 884 et
1310 811 1745 892 accidente,
1810 832 1970 883 non
2058 817 2248 887 sunt

706 946 852 1022 per
893 947 977 999 se
1047 926 1130 999 in
1188 946 1524 1019 genere;
1586 931 1807 998 album
1866 929 2082 1003 enim
2139 930 2248 1003 in-

707 1046 1099 1138 quantum
1134 1046 1321 1129 tale,
1370 1046 1450 1118 in
1491 1047 1714 1119 nullo
1758 1066 2054 1139 genere
2092 1053 2243 1131 est,

704 1161 862 1234 nisi
900 1180 1044 1254 per
1086 1163 1665 1245 reductionem,
1703 1163 1890 1256 quia
1926 1165 2247 1239 ratione

706 1277 1050 1370 subjecti
1112 1278 1531 1352 reducitur
1611 1281 1713 1352 ad
1765 1301 2017 1372 genus
2061 1281 2248 1356 Sub·

702 1392 1144 1476 stantiae‚et
1181 1394 1495 1469 ratione
1528 1394 1953 1488 qualitatis
1986 1400 2080 1471 ad
2122 1419 2249 1490 ge-

706 1532 856 1583 nus
916 1510 1405 1594 Qualitatis;
1477 1531 1677 1602 ergo
1758 1513 1825 1585 si
1904 1535 2035 1586 res
2105 1536 2249 1608 per

707 1626 1106 1700 unitatem
1141 1647 1307 1698 suae
1366 1628 1744 1701 essentiae
1796 1629 2040 1704 estin
2091 1653 2247 1704 uno

703 1762 1023 1835 genere,
1063 1743 1456 1836 sequitur,
1507 1745 1711 1836 quod
1753 1746 2122 1820 accidens
2166 1754 2247 1824 et

703 1860 1155 1952 subjectum
1188 1859 1411 1932 nullo
1437 1860 1669 1934 modo
1712 1861 2025 1938 faciunt
2054 1885 2248 1937 vere

703 1997 951 2048 unum
977 1995 1123 2069 per
1148 1976 1626 2051 essentiam.

793 2094 1023 2174 Item,
1062 2091 1473 2186 appetitus
1506 2096 1630 2166 est
1657 2092 1872 2166 ratio
1894 2093 2242 2177 unionis,

702 2211 790 2280 ut
822 2212 1047 2300 patet
1079 2207 1160 2279 in
1223 2207 1591 2281 omnibus
1668 2214 2040 2302 respectu
2121 2212 2248 2285 sui

700 2323 910 2406 finis,
957 2325 1088 2398 cui
1131 2328 1526 2418 appetunt
1574 2324 1813 2406 uniri,
1874 2331 1955 2400 et
1993 2328 2244 2401 etiam

700 2441 782 2513 in
828 2441 1211 2534 potentiis
1283 2445 1652 2535 respectu
1708 2442 2240 2535 objectorum,

702 2557 989 2650 quibus
1034 2579 1180 2629 suo
1230 2557 1460 2630 modo
1491 2558 1776 2632 volunt
1809 2559 2067 2642 uniri;
2120 2582 2244 2633 er-

701 2693 802 2765 go
845 2673 975 2746 ubi
1038 2672 1308 2766 maj0r
1347 2677 1495 2755 est,
1557 2680 1636 2749 et
1688 2675 2057 2749 vivacior
2112 2698 2245 2771 ap-

702 2788 1029 2880 petitus,
1067 2788 1175 2861 ibi
1251 2787 1342 2860 de
1409 2790 1898 2866 necessitate
1965 2793 2246 2866 verior

699 2907 781 2978 et
816 2903 1189 2978 intimior
1247 2905 1409 2979 erit
1469 2907 1717 2978 unio:
1773 2908 1905 2980 sed
1977 2910 2245 3002 major

698 3028 823 3098 est
862 3025 1275 3118 appetitus
1329 3026 1695 3100 materiae
1755 3030 1850 3101 ad
1890 3030 2245 3104 formam

699 3140 1343 3224 substantialem,
1390 3161 1631 3234 quam
1664 3144 1759 3216 ad
1799 3144 2244 3220 accidenta-

695 3256 854 3330 lem
908 3283 922 3327 :
979 3260 1184 3350 quod
1226 3261 1472 3352 patet,
1555 3260 1742 3351 quia
1809 3262 2244 3355 appetibile

696 3376 819 3447 cst
890 3375 1253 3466 quaedam
1299 3375 1695 3467 perfectio
1756 3378 2239 3470 appetentis,

699 3495 786 3566 ut
856 3493 1080 3584 patet
1125 3491 1204 3563 in
1264 3492 1779 3585 finezmajor
1844 3493 2059 3567 enim
2118 3499 2245 3570 est

699 3606 1116 3700 perfectiO,
1155 3628 1395 3699 quam
1447 3609 1713 3682 forma
1757 3611 2244 3685 substantia-

698 3724 797 3796 lis
841 3725 1232 3806 materiae,
1282 3746 1523 3818 quam
1595 3725 1733 3799 illa
1801 3747 2041 3819 quam
2108 3729 2243 3803 dat

694 3841 1064 3915 accidens
1109 3843 1498 3937 subjectO,
1545 3845 1753 3918 sicut
1801 3846 2079 3918 verius
2119 3848 2243 3919 est

697 3976 838 4029 ens
932 3958 1391 4033 substantia
1506 3981 1746 4052 quam
1842 3959 2239 4035 accidens.

696 4075 912 4147 Tunc
980 4075 1254 4158 etiarn,
1317 4077 1504 4168 quia
1557 4077 1905 4149 materia
1966 4100 2242 4151 secun-

693 4190 880 4262 dum
958 4211 1292 4264 cursum
1346 4195 1661 4263 naturae
1730 4213 1891 4267 non
1972 4200 2243 4288 potest

694 4308 1309 4392 subsistere‚sed
1337 4309 1629 4384 desinit
1660 4333 1838 4385 esse
1876 4313 2033 4386 nisi
2083 4312 2241 4385 for-

698 4444 829 4496 ma
860 4427 1266 4499 actuetur.
1314 4428 1413 4500 Et
1446 4425 1597 4499 hoc
1630 4432 1777 4510 est,
1809 4430 2017 4521 quod
2047 4430 2241 4505 dicit

697 4543 1318 4615 Commentator
1376 4564 1625 4635 supra
1702 4544 2059 4636 primum
2126 4568 2243 4618 se-

698 4656 931 4729 cundi
980 4658 1071 4729 de
1120 4659 1436 4741 Anima,
1500 4673 1659 4728 text.
1705 4684 1869 4730 com.
1919 4665 1986 4733 8.
2040 4665 2243 4731 Mate-

698 4778 809 4843 ria
845 4774 1165 4866 (inquit)
1202 4778 1463 4844 nullum
1494 4779 1683 4845 habet
1713 4800 1847 4845 esse
1887 4781 1960 4845 in
1988 4792 2140 4846 acm
2171 4782 2244 4847 in

701 4894 1141 4975 naturalibus,
1186 4895 1543 4962 secundum
1591 4897 1764 4983 quod
1802 4907 1893 4962 est
1932 4899 2240 4977 materia,

697 5024 759 5081 ee
788 5031 923 5078 esse
950 5033 1086 5080 non
1114 5025 1206 5079 est
1245 5015 1318 5079 in
1354 5024 1503 5079 actu
1536 5014 1672 5079 nisi
1708 5015 1967 5096 sormae,
2023 5024 2084 5079 el
2129 5014 2248 5079 hoc

696 5128 893 5196 valde
921 5129 1398 5209 manifestatur
1428 5129 1501 5193 in
1537 5129 1783 5213 formis
1821 5149 2048 5194 rerum
2088 5130 2248 5194 sim-

691 5247 1001 5334 plicium,
1045 5246 1361 5332 qnoniam
1391 5267 1532 5311 cum
1568 5246 1793 5329 forma
1821 5246 2034 5329 fuerit
2063 5246 2246 5312 abla-

697 5373 788 5443 ta,
833 5362 1011 5430 nihil
1051 5372 1367 5430 remanet.
1419 5362 1517 5433 Et
1559 5360 1753 5431 illud
1785 5364 1910 5433 est
1949 5360 2243 5433 intelli-

698 5477 1041 5566 gendum
1087 5478 1517 5548 secundum
1591 5476 1954 5549 ordinem
2013 5481 2242 5549 natu-

699 5612 837 5666 rae.
911 5594 1093 5666 Non
1162 5592 1277 5665 sic
1333 5583 1609 5670 autem
1668 5594 2060 5677 accidens,
2126 5593 2236 5666 in-

1857 391 1960 454 1)ss
2011 392 2277 459 RERUM
2322 390 2709 456 PRlNClPlO

2363 584 2758 671 quantum
2825 581 3016 662 tale,
3073 585 3445 673 respectu
3533 580 3885 673 subjecti.

2361 700 2463 770 Et
2494 696 2668 769 dico
2692 697 2941 772 etiam
2969 703 3361 788 inquantum
3385 700 3539 781 lale,
3578 698 3728 772 hoc
3750 705 3885 781 est,

2360 814 2842 905 inquantum
2875 813 3273 895 accidens,
3314 815 3502 906 quia
3534 816 3889 907 quamvis

2360 931 2778 1004 destructo
2842 931 3182 1024 proprio
3227 931 3500 1023 aliquo
3542 931 3890 1004 acciden-

2361 1052 2464 1130 te,
2509 1051 2595 1122 ut
2638 1049 3049 1124 caliditate
3085 1049 3164 1121 in
3226 1049 3433 1140 igne,
3485 1048 3697 1141 ignis
3746 1070 3892 1123 non

2361 1170 2636 1259 posset
2674 1186 3125 1247 remanere,
3165 1164 3893 1240 utdicitCommen·

2362 1284 2586 1356 tator
2619 1302 2865 1374 super
2883 1285 2949 1355 5.
2988 1283 3258 1371 Physic.
3295 1295 3454 1352 text.
3492 1285 3599 1356 10.
3643 1286 3890 1356 osten-

2359 1398 2549 1471 dens
2584 1398 2791 1490 quod
2833 1398 3270 1489 qualitates
3309 1398 3890 1473 elementorum

2361 1533 2521 1586 non
2564 1514 2724 1587 sint
2796 1514 3086 1587 formae
3139 1514 3721 1588 substantiales
3776 1536 3892 1587 eo-

2363 1650 2570 1712 rum,
2616 1628 2768 1704 hoc
2812 1631 2927 1712 fit,
2995 1630 3183 1722 quia
3242 1651 3387 1724 per
3443 1631 3895 1724 corruptio-

2360 1765 2541 1817 nem
2592 1746 2784 1820 talis
2863 1747 3330 1829 accidentis,
3404 1747 3494 1821 fit
3555 1749 3899 1822 materia

2360 1862 2844 1956 indisposita
2876 1864 2971 1936 ad
3003 1863 3714 1937 conservationem
3747 1865 3896 1938 for·

2362 2000 2512 2051 mae
2565 1980 3159 2063 substantialis,
3213 1986 3295 2055 et
3352 1983 3466 2055 ita
3507 1987 3896 2076 corrupto

2361 2102 2701 2196 proprio
2796 2100 3246 2182 accidente,
3337 2101 3897 2194 corrumpitur

2361 2216 2816 2309 subjectum
2850 2235 2993 2308 per
3024 2213 3419 2288 accidens.

2451 2335 2680 2414 Item,
2729 2333 3085 2425 primum
3113 2332 3192 2404 in
3218 2331 3575 2425 quolibet
3606 2352 3897 2424 genere

2355 2452 2632 2524 verius
2668 2451 2790 2524 est
2837 2451 3028 2533 tale,
3074 2455 3163 2525 ut
3207 2455 3432 2545 patet
3463 2451 3556 2524 de
3602 2452 3785 2544 igne
3830 2456 3892 2526 2,
3978 2458 4105 2510 Now.

2357 2570 2728 2657 MelaphyS.
2810 2579 2970 2636 teoet.
3033 2570 3097 2638 4.
3175 2566 3309 2639 Sed
3386 2567 3653 2661 prima
3718 2569 3899 2642 unio

2355 2685 2698 2757 duorum
2755 2682 3355 2778 principiorum
3399 2684 3746 2760 realiter
3782 2689 3900 2759 est

2355 2801 2545 2873 unio
2613 2801 2981 2875 materiae
3068 2805 3149 2874 et
3195 2800 3509 2883 formae,
3558 2803 3902 2876 secunda

2357 2918 2796 2992 accidentis
2868 2924 2949 2993 et
2994 2917 3382 3010 subjecti;
3473 2937 3706 3009 ergo,
3751 2924 3897 2994 etc.

2445 3037 2590 3108 Est
2656 3038 2931 3107 autem
2972 3032 3578 3116 advertendum,
3624 3035 3724 3106 ad
3780 3055 3903 3107 ex·

2357 3150 2913 3244 planationem
3015 3150 3376 3222 omnium
3469 3149 3900 3233 dictorum,

2358 3268 2564 3359 quod
2608 3266 2979 3358 quamvis
3039 3266 3593 3359 compositum
3643 3286 3908 3340 essen-

2356 3383 2674 3457 tialiter
2759 3384 2865 3457 sit
2934 3404 3209 3466 unum,
3291 3404 3391 3455 ex
3485 3383 3905 3457 essentiali

2357 3500 2653 3574 unione
2705 3498 2991 3573 formae
3068 3500 3164 3572 ad
3226 3502 3690 3584 materiam,
3767 3501 3906 3574 illa

2356 3620 2626 3690 tamen
2675 3616 2946 3690 unitas
2989 3616 3429 3709 compositi
3499 3617 3904 3711 principa-

2358 3732 2515 3804 lius
2550 3732 2818 3823 surgit
2842 3754 2940 3805 ex
2969 3733 3283 3806 unitate
3316 3732 3610 3805 formae
3665 3754 3906 3826 quam

2356 3870 2452 3920 ex
2498 3849 2811 3923 unitate
2856 3849 3249 3930 materiae,
3322 3852 3404 3923 et
3474 3850 3738 3941 magis
3785 3853 3909 3923 est

2354 3964 2429 4036 ei
2497 3964 3011 4038 attribuenda
3066 3969 3455 4057 tanquam
3507 3965 3905 4046 actuanti,

2354 4081 2481 4152 vel
2550 4080 3151 4161 determinanti,
3218 4101 3459 4173 quam
3539 4082 3910 4155 materiae

2358 4196 2863 4288 suscipienti.
2949 4196 3029 4270 Si
3098 4198 3312 4270 enim
3374 4200 3729 4272 materia
3823 4203 3909 4272 ut

2357 4333 2551 4407 pars
2639 4311 3103 4404 compositi,
3177 4333 3318 4383 ens
3387 4317 3575 4386 actu
3649 4335 3908 4407 prope

2354 4429 2581 4510 nihil,
2628 4427 2930 4520 aliquid
2965 4427 3404 4501 haberetin
3449 4449 3594 4500 sua
3628 4434 3907 4502 actua-

2356 4548 2588 4619 litate
2651 4545 2963 4625 formae,
3010 4564 3424 4635 nunquam
3466 4566 3566 4616 ex
3615 4547 3739 4618 eis
3781 4547 3908 4618 fie-

2358 4669 2484 4738 ret
2522 4685 2794 4745 unum‚
2830 4662 2989 4735 nisi
3019 4682 3163 4755 per
3198 4663 3903 4753 aggregationem,

2358 4783 2567 4854 sicut
2630 4780 2816 4872 quia
2895 4779 3022 4851 hic
3092 4778 3302 4871 lapis
3347 4777 3586 4853 habet
3629 4780 3908 4873 aliquo

2360 4899 2592 4971 inodo
2629 4897 3061 4970 materiam
3101 4894 3445 4970 alterius
3468 4899 3684 4977 actu,
3718 4896 3910 4988 quia

2360 5019 2701 5105 uterque
2740 5016 2864 5085 est
2907 5011 3139 5104 lapis,
3192 5032 3603 5103 nunquam
3635 5032 3736 5083 ex
3792 5013 3910 5085 eis

2357 5133 2448 5205 fit
2482 5149 2753 5211 unum,
2804 5127 2961 5200 nisi
3005 5147 3149 5220 por
3200 5129 3904 5219 aggregationem.

2360 5249 2589 5319 Nunc
2624 5248 2895 5316 autem
2959 5242 3308 5314 materia
3351 5244 3442 5316 ut
3498 5247 3624 5316 est
3680 5248 3903 5324 actu,

2355 5368 2433 5436 et
2481 5383 2671 5456 pars
2705 5358 3143 5452 compositi
3181 5359 3261 5432 in
3295 5360 3434 5432 illa
3476 5359 3904 5435 actualita-

2351 5483 2430 5553 te
2484 5498 2720 5571 quam
2775 5476 3039 5558 habet,
3086 5480 3174 5549 ut
3203 5480 3324 5549 cst
3357 5475 3689 5550 effectus
3726 5477 3900 5556 Dei,

2351 5616 2534 5670 cum
2579 5593 2720 5667 illa
2763 5593 2870 5666 sit
2906 5591 3276 5675 indivisa,
3327 5591 3650 5666 omnino
3697 5591 3904 5665 inde-

4032 2369 4076 2421 8.
