4252 6393
686 376 805 440 606

679 539 856 609 dem
933 531 1474 608 accidentibus
1542 532 1974 604 secundum
2059 553 2228 623 spe-

684 653 914 735 ciem,
950 650 1505 725 differentibus
1550 654 1822 724 tamen
1854 667 2224 719 numero.

778 772 958 843 Ideo
1013 770 1152 841 illa
1193 790 1355 842 non
1410 768 1791 841 dicuntur
1841 762 2227 855 consequi

686 889 1033 960 formam
1088 886 1317 967 hanc,
1368 884 1495 956 vel
1548 885 1797 963 illam,
1855 880 2232 955 determi-

686 1009 900 1087 nate,
949 1005 1079 1076 sed
1115 1002 1547 1076 materiam
1594 1028 1607 1071 :
1649 1000 1836 1093 quia
1885 1018 2066 1072 cum
2112 999 2230 1069 in-

687 1124 874 1194 sunt
942 1118 1187 1191 alicui
1229 1116 1688 1209 composito
1731 1137 1828 1187 ex
1883 1111 2231 1187 materia

684 1244 764 1312 et
807 1237 1098 1319 forma,
1147 1234 1581 1308 secundum
1642 1232 1998 1323 aliquam
2057 1227 2233 1301 sub-

685 1356 1101 1434 stantiam,
1158 1353 1591 1425 secundum
1652 1350 2010 1438 aliquam
2064 1367 2232 1439 spe-

684 1473 888 1546 ciem
983 1468 1647 1546 determinatam,
1753 1466 2230 1556 inquantum

686 1591 850 1663 tale
890 1587 1440 1680 compositum
1483 1583 1736 1656 adhuc
1779 1585 1902 1653 est
1966 1581 2041 1651 in
2099 1601 2233 1671 po-

687 1707 943 1780 tentia
988 1703 1305 1777 ratione
1349 1700 1740 1781 materiae,
1813 1702 1900 1771 ut
1942 1719 2038 1768 ex
2091 1696 2232 1768 illo

685 1825 828 1896 fiat
895 1821 1110 1894 aliud
1175 1819 1724 1911 compositum
1796 1813 2233 1886 secundum

687 1940 1045 2031 aliquam
1136 1937 1491 2008 formam
1561 1930 2044 2025 specificam,
2154 1931 2233 1999 et

691 2057 803 2129 illi
885 2055 1128 2129 alteri
1210 2052 1669 2144 composito
1775 2052 1970 2120 nata
2047 2047 2231 2116 sunt

688 2176 950 2247 inesse
989 2171 1266 2246 eadem
1316 2166 1766 2241 accidentia
1797 2163 2234 2237 secundum

686 2291 1036 2385 speciem
1074 2314 1087 2357 :
1128 2288 1299 2361 ideo
1335 2285 1521 2377 quia
1555 2284 1635 2356 in
1671 2279 2234 2355 materialibus

686 2408 949 2482 omnis
984 2404 1545 2499 potentialitas
1578 2422 1675 2473 ex
1712 2398 2056 2472 materia
2081 2399 2230 2477 est,

687 2525 982 2606 oritur,
1057 2523 1265 2594 sicut
1302 2541 1400 2593 ex
1435 2516 2038 2611 potentialitate
2075 2534 2233 2584 ma-

683 2641 920 2714 teriae
958 2643 1083 2713 est
1143 2638 1349 2731 quod
1405 2636 1580 2730 ipsa
1647 2633 2005 2705 existens
2076 2649 2235 2701 una

687 2760 1124 2833 secundum
1214 2777 1411 2836 rem,
1505 2771 1666 2824 non
1745 2747 2236 2822 determinat

688 2874 839 2947 sibi
883 2873 1090 2946 hanc
1149 2870 1528 2950 formam,
1598 2865 1725 2938 vel
1784 2864 2009 2937 illam
2055 2862 2234 2933 sub-

688 2990 1186 3064 stantialem.

778 3111 1005 3191 Item,
1067 3104 1318 3179 etiam
1384 3102 1590 3194 quod
1655 3099 2014 3173 existens
2093 3093 2238 3165 sub

684 3248 842 3300 una
928 3223 1197 3297 forma
1273 3218 1789 3294 substantiali
1871 3214 2041 3294 tali,
2125 3213 2241 3303 ip-

682 3346 1148 3418 sumtotum
1172 3338 1718 3431 compositum
1758 3356 1852 3406 ex
1889 3330 2241 3405 materia

678 3469 760 3537 et
793 3462 1060 3535 forma
1085 3458 1229 3533 tali
1263 3452 1807 3534 substantiali,
1840 3455 1964 3525 est
1994 3450 2068 3520 in
2105 3470 2239 3542 po-

679 3579 938 3654 tentia
975 3582 1060 3651 ut
1091 3598 1188 3648 ex
1229 3575 1370 3647 illo
1404 3575 1547 3649 fiat
1597 3572 1809 3645 aliud
1842 3567 2242 3658 composi·

682 3700 879 3775 tum,
928 3714 1102 3785 quac
1147 3690 1710 3785 potentialitas
1743 3686 2106 3779 procedit
2140 3706 2237 3756 ex

685 3811 1035 3885 materia
1071 3837 1083 3881 ι
1125 3809 1243 3883 ita
1265 3811 1529 3882 totum
1570 3804 2115 3896 compositum
2160 3825 2241 3873 u-

683 3949 874 4001 num
895 3950 990 4000 ex
1013 3925 1360 4000 materia
1375 3930 1454 3997 et
1473 3924 1740 3995 forma
1763 3920 1909 3993 tali
1934 3940 2094 3992 non
2117 3920 2241 3991 de-

687 4046 1080 4119 terminat
1124 4044 1273 4117 sibi
1306 4043 1469 4117 tale
1488 4041 1853 4114 accidens
1891 4037 2237 4129 sic‚quin

690 4162 893 4235 idem
955 4162 1322 4234 accidens
1394 4158 1826 4230 secundum
1889 4152 2239 4247 speciem

690 4279 951 4371 possit
994 4299 1171 4348 esse
1207 4275 1285 4347 in
1328 4272 1781 4366 composito
1827 4293 1923 4342 ex
1964 4270 2242 4343 eadem

686 4393 1034 4469 materia
1104 4412 1471 4472 numero,
1515 4395 1594 4464 et
1627 4389 1899 4461 eadem
1943 4388 2236 4459 forma.

781 4511 956 4583 Hoc
999 4514 1270 4583 autem
1305 4509 1512 4600 quod
1543 4528 1639 4579 ex
1695 4526 1849 4577 uno
1911 4525 2238 4596 compo-

687 4628 847 4702 sito
887 4626 1148 4718 possit
1179 4624 1357 4697 fieri
1401 4625 1617 4696 aliud
1659 4622 2231 4715 compositum,

689 4743 1063 4839 provenit
1140 4764 1238 4815 ex
1320 4741 1918 4835 potentialitate
1991 4746 2235 4814 mate-

690 4862 832 4934 riee
871 4885 885 4929 ε
933 4880 1082 4953 pro
1116 4859 1346 4931 tanto
1380 4858 1761 4931 (licuntur
1795 4856 1994 4928 talia
2036 4856 2237 4929 acci-

684 4975 954 5051 dentia
989 4974 1252 5047 inesse
1279 4972 1596 5047 ratione
1624 4971 2013 5052 materia»,
2049 4971 2237 5063 quia

688 5093 901 5167 sicut
936 5089 1287 5165 materia
1319 5089 1640 5162 ratione
1685 5110 1848 5161 suae
1898 5089 2235 5161 indeter-

689 5208 1158 5285 minationis
1254 5207 1687 5280 secundum
1789 5229 1872 5279 se
1970 5209 2235 5299 potest

686 5325 1041 5400 transitu
1058 5345 1131 5396 m
1161 5323 1431 5396 facere
1463 5322 1552 5393 de
1579 5342 1735 5393 una
1760 5321 2026 5394 forma
2063 5321 2236 5391 sub-

689 5441 1055 5517 stantiali
1099 5441 1192 5512 ad
1225 5438 1513 5520 aliam3
1564 5437 1675 5511 ita
1717 5437 1962 5509 etiam
2023 5436 2237 5508 exis-

685 5564 864 5634 tens
938 5558 1084 5631 sub
1159 5576 1318 5628 una
1387 5554 1654 5626 forma
1718 5552 2236 5626 substantiali

1703 371 1805 434 DE
1850 371 2115 438 RERUM
2160 370 2551 437 PRINCIPIO

2344 552 2524 603 cum
2622 531 2892 624 aliquo
2986 531 3132 605 tali
3238 533 3663 616 accidenti,
3758 556 3878 629 po-

2342 651 2506 722 test
2600 648 3045 724 transitum
3143 651 3411 725 facere
3470 654 3563 725 ad
3640 654 3878 726 aliam

2346 763 2696 837 formam
2776 766 3422 849 substantialem,
3517 776 3881 844 manente

2344 881 2619 952 eodem
2717 883 3124 956 accidente
3212 887 3645 958 secundum
3724 909 3882 980 spe-

2345 996 2574 1080 ciem,
2622 1000 2831 1073 sicut
2876 1000 3051 1093 ipsa
3114 1007 3384 1074 manet
3442 1003 3719 1077 eadem
3780 1027 3885 1076 se-

2346 1118 2687 1188 cundum
2716 1137 2913 1190 rem.

2439 1232 2660 1307 Sicut
2720 1234 2968 1308 etiam
3039 1237 3587 1329 compositum
3642 1259 3885 1312 unum

2347 1353 2423 1421 et
2480 1349 2682 1421 idem
2756 1352 3190 1423 secundum
3263 1354 3696 1426 materiam
3764 1376 3884 1448 po-

2348 1469 2507 1538 test
2567 1467 2878 1539 variari
2951 1468 3385 1541 secundum
3446 1471 3887 1544 accidentia

2347 1581 2667 1654 diversa
2714 1582 3003 1675 specie,
3053 1583 3387 1666 scilicet,
3456 1586 3887 1659 secundum

2350 1698 2619 1770 album
2689 1704 2768 1773 et
2837 1701 3203 1792 nigru1n;
3281 1702 3451 1773 ideo
3511 1702 3888 1775 dicuntur

2348 1816 2731 1907 consequi
2814 1820 3281 1901 materiam,
3369 1824 3445 1892 et
3515 1840 3677 1892 non
3741 1819 3888 1891 for-

2353 1952 2591 2012 mam,
2668 1933 2853 2024 quia
2888 1934 3155 2027 ipsum
3198 1941 3467 2010 totum
3499 1935 3891 2029 composi·

2347 2052 2547 2129 tum,
2588 2053 2671 2121 ut
2722 2056 2843 2124 est
2890 2053 3034 2124 sub
3076 2075 3233 2126 uno
3284 2055 3428 2127 tali
3473 2054 3888 2133 accidenti.

2352 2186 2681 2239 manens
2720 2188 2967 2242 unum
3000 2175 3080 2244 et
3124 2170 3355 2252 idem,
3408 2191 3569 2243 non
3634 2171 3895 2243 solum

2351 2284 2783 2356 secundum
2856 2286 3229 2377 speciem,
3279 2287 3412 2358 sed
3477 2287 3732 2359 etiam
3788 2309 3894 2358 se·

2350 2401 2691 2472 cundum
2749 2403 3181 2475 materiam
3221 2407 3347 2477 est
3399 2403 3478 2474 in
3531 2403 3891 2495 potentia

2350 2516 2443 2588 ad
2477 2523 2760 2591 contra
2778 2518 2991 2591 rium
3035 2521 3426 2593 accidens.

2441 2636 2601 2706 Nec
2635 2640 2754 2708 est
2788 2635 3229 2718 dicendum,
3268 2639 3475 2729 quod
3510 2638 3676 2710 tale
3701 2636 3897 2710 acci·

2349 2750 2537 2821 dens
2589 2752 3117 2844 consequitur
3176 2753 3609 2827 materiam
3664 2755 3895 2826 modo

2354 2867 2773 2958 praedictoe
2833 2870 2966 2942 sed
3015 2871 3153 2950 sic,
3223 2872 3429 2962 quod
3487 2868 3899 2962 consequi·

2353 2987 2489 3054 tur
2531 2986 3072 3078 compositum
3139 2986 3460 3060 ratione
3505 2988 3897 3079 potentia-

2354 3100 2638 3183 litatis,
2678 3124 2851 3194 quse
2904 3108 3023 3176 est
3063 3103 3141 3174 in
3199 3127 3294 3177 eo
3330 3104 3739 3196 privative
3784 3125 3899 3176 ra-

2354 3218 2573 3292 tione
2653 3222 3042 3295 materiae.
3115 3222 3359 3303 Unde,
3442 3222 3632 3315 quia
3711 3223 3900 3296 talis

2354 3335 2622 3409 forma
2684 3360 2841 3411 non
2914 3340 3028 3412 sic
3104 3340 3593 3414 determinat
3655 3345 3902 3414 matc-

2359 3454 2592 3536 riam,
2660 3457 2861 3548 quod
2925 3457 3273 3530 materia
3332 3457 3693 3530 existens
3761 3459 3904 3529 sub

2351 3571 2498 3642 tali
2527 3571 2818 3654 forma,
2859 3594 3016 3644 non
3056 3574 3313 3665 possit
3335 3597 3515 3647 esse
3551 3577 3701 3648 sub
3727 3596 3903 3648 con-

2354 3688 2620 3759 trario
2656 3689 3088 3770 accidente,
3148 3690 3317 3761 ideo
3346 3692 3510 3763 tale
3537 3693 3903 3766 accidens

2351 3804 2648 3878 dicitur
2714 3807 3149 3879 convenire
3200 3808 3345 3880 tali
3415 3810 3900 3902 composito,

2354 3943 2510 3995 non
2586 3924 2904 3996 ratione
2975 3925 3287 4007 formae,
3366 3928 3500 3999 sed
3584 3928 3905 4000 ratione

2357 4039 2746 4111 materiae.

2444 4155 2841 4229 Similiter
2879 4158 3127 4229 ctiam
3169 4164 3290 4232 est
3340 4158 3765 4232 dicendum
3820 4160 3909 4231 dc

2354 4273 2894 4346 accidentibus
3023 4276 3494 4366 symbolicis
3581 4302 3595 4344 :
3722 4276 3909 4369 quia

2352 4390 2599 4461 etiam
2638 4390 2715 4461 in
2750 4390 3013 4462 forma
3050 4379 3572 4466 substantiali
3600 4414 3764 4465 non
3799 4392 3909 4463 sic

2351 4505 2892 4579 determinant
2941 4507 3371 4581 materiam
3429 4511 3526 4581 ad
3576 4511 3745 4582 tale
3788 4531 3911 4582 ac-

2353 4624 2644 4705 cidens,
2713 4627 2917 4717 quod
2989 4626 3338 4698 materia
3409 4648 3570 4700 non
3642 4629 3904 4722 possit

2351 4762 2529 4813 esse
2564 4743 2709 4813 sub
2731 4744 3006 4815 eodem
3033 4744 3439 4817 accidente
3465 4748 3903 4819 secundum

2353 4855 2702 4948 speciem
2740 4883 2753 4925 t
2797 4856 2968 4928 ideo
3003 4860 3166 4930 tale
3200 4859 3571 4932 accidens
3605 4861 3911 4933 dicitur

2352 4975 2781 5045 convenire
2825 4973 2972 5046 tali
3016 4976 3503 5066 composito,
3571 4997 3734 5050 non
3792 4998 3909 5049 ra-

2350 5089 2570 5162 tione
2610 5089 2919 5171 former,
2968 5093 3099 5163 sed
3153 5092 3471 5166 ratione
3506 5095 3904 5167 materiae.

2354 5207 2573 5280 Sicut
2646 5209 2861 5281 enim
2917 5209 3388 5283 conceditur
3431 5213 3637 5303 quod
3700 5212 3907 5284 acci·

2349 5324 2643 5406 dentia,
2702 5346 2875 5417 quae
2939 5327 3228 5401 liabent
3277 5328 3683 5402 rationem
3747 5329 3906 5401 for·

2354 5461 2526 5523 mae,
2572 5462 2730 5513 non
2786 5442 3057 5516 insunt
3091 5447 3478 5535 tanquam
3517 5444 3598 5517 in
3640 5464 3790 5538 per
3825 5464 3906 5515 se

2352 5556 2742 5649 subjecto,
2798 5558 2954 5631 nisi
2996 5560 3452 5652 composito
3495 5582 3596 5632 ex
3649 5566 3901 5638 mate-
