4252 6393
683 368 761 436 58
1854 375 1997 437 Lm.
2047 376 2091 437 l.
2140 370 2691 437 METEORORUM

327 541 887 658 gsloffiesg-‚quod
957 528 1098 612 sic,
1171 529 1413 606 aliter
1489 538 1759 607 tamen
1836 530 2215 606 calefacit
2301 534 3864 630 -concursum'radiorumoppositorum.

329 625 889 753 quaissoss'iol-jgnis
924 656 1251 737 lumine,
1289 675 1530 747 quam
1562 651 1864 726 calore.
1921 649 2214 722 Proba·
2297 694 2304 699 -
2418 651 2530 722 Ad
2564 661 2968 743 quartam,
3005 659 3306 744 seqnitur
3361 659 3538 745 quod
3611 662 3864 740 omnia,
3977 674 4129 724 Ααι.

328 745 407 784 '⁹⁶'
676 783 837 860 tur,
877 773 1066 868 quia
1106 772 1336 847 calor
1379 770 1590 861 ignis
1623 766 2001 841 calefacit
2044 788 2215 839 suc·
2326 770 2479 841 etc.
2517 772 3006 847 Conceditur
3052 774 3256 865 quod
3298 778 3528 846 astra
3597 775 3870 848 omnia

673 894 987 972 cessive
1022 897 1299 987 partes
1333 885 1921 982 quantitativas
1964 882 2212 977 passi,
2329 885 2821 963 calefaciunt
2882 890 3208 970 lumine,
3288 892 3560 984 aliqua
3592 896 3868 966 tamen

676 1011 991 1087 scilicet
1058 1007 1290 1103 prius
1388 1006 2062 1096 unamspartom,
2135 1004 2215 1073 et
2329 1004 2855 1097 frigefaciunt
2887 1008 3070 1081 aliis
3113 1009 3580 1086 influentiiS.

646 1132 866 1224 post
888 1127 1162 1207 aliam,
1204 1124 1634 1197 sedlumen
1667 1126 1936 1196 totum
1971 1119 2215 1192 simul
2421 1123 2531 1196 Ad
2575 1129 2915 1205 sextam,
2954 1139 3108 1195 tunc
3162 1142 3433 1209 montes,
3468 1135 3623 1205 etc.
3680 1132 3869 1203 Res·
3980 1152 4067 1202 Aa
4093 1151 4137 1201 6.

675 1246 1077 1321 calefacit.
1118 1243 1505 1324 Secundo,
1560 1241 1747 1335 quia
1793 1241 1999 1334 ignis
2062 1261 2217 1313 me·
2334 1239 2731 1333 pondetur
2769 1243 3132 1331 negando
3171 1246 3863 1336 consequentiam,

578 1376 581 1377 *
674 1365 944 1439 diante
967 1362 1274 1436 lumine
1295 1359 1912 1434 calefacitvaldc
1939 1359 2217 1433 remis-
2333 1361 2671 1449 propter
2702 1376 3034 1431 causam
3066 1360 3365 1433 dictam
3406 1361 3481 1433 in
3525 1363 3870 1436 corolla·

649 1502 789 1565 se,
826 1481 959 1554 sed
992 1480 1391 1554 mediante
1431 1478 1707 1550 calore
1740 1478 2076 1552 intense.
2332 1472 2484 1546 rio.

330 1615 566 1666 nubium
599 1616 655 1693 6,
773 1600 1018 1671 Sexto
1049 1595 1493 1676 dubitatur,
1533 1600 1809 1669 utrum
1861 1614 2216 1687 squamae
2425 1588 2535 1660 Ad
2599 1590 3056 1682 septimam,
3122 1605 3276 1660 tunc
3334 1596 3638 1675 tenebra»,
3713 1602 3864 1671 etc.
3985 1616 4142 1667 mm.

369 1680 651 1818 οὲὧῖἶῖἷιὴ
687 1714 1057 1807 piscium,
1110 1717 1190 1787 et
1244 1712 1455 1786 oculi
1486 1717 1864 1786 catorum
1901 1712 2220 1804 possint
2335 1709 2707 1795 Negatur
2753 1708 3359 1799 consequentia,
3427 1711 3615 1802 quia
3657 1716 3867 1786 tene-

331 1803 1191 1904 ⁰⁰²⁶sa⁶²“'⁸‘calefacere·?
1236 1831 1347 1903 Ad
1406 1830 1611 1922 quod
1671 1829 1973 1903 dicitur
2013 1830 2221 1922 quod
2332 1822 2480 1894 bra
2511 1843 2672 1895 non
2748 1828 2871 1898 est
2933 1824 3206 1918 aliqua
3248 1826 3598 1918 qualitas
3666 1831 3870 1924 posi-

683 1948 825 2029 sic,
880 1948 1031 2021 hoc
1083 1951 1358 2021 tamen
1406 1951 1530 2020 est
1573 1946 1800 2017 valde
1849 1946 2215 2029 remisse,
2335 1938 2529 2012 tiva.

676 2071 761 2142 et
791 2065 1007 2140 forte
1049 2064 1241 2139 talis
1275 2063 1513 2137 habet
1546 2064 1906 2155 aliquam
1970 2063 2220 2137 virtu·
2425 2057 2536 2130 Ad
2571 2061 2970 2137 octavam,
3009 2062 3112 2127 vel
3147 2083 3273 2148 per
3315 2084 3405 2141 se,
3472 2066 3574 2132 vel
3609 2087 3865 2153 perac-
3989 2098 4075 2149 M
4097 2098 4141 2147 3,

679 2183 844 2252 tem
904 2176 1494 2269 frigefaciendi,
1562 2180 1905 2270 propter
1978 2195 2220 2266 quam
2333 2173 2586 2255 cidens,
2621 2173 2798 2244 dico
2830 2174 3036 2264 quod
3075 2196 3213 2266 per
3248 2182 3458 2256 se,et
3485 2176 3636 2250 hoc
3672 2201 3869 2252 sem-

676 2316 840 2368 non
872 2298 1145 2388 potest
1171 2312 1571 2386 apparere
1602 2292 2033 2365 calefactio
2077 2311 2223 2383 per
2339 2310 2482 2382 per
2512 2289 2602 2361 fit
2633 2291 3311 2366 concurrentibus
3342 2293 3525 2366 aliis
3574 2297 3868 2379 causis,

683 2412 973 2492 lumen,
1027 2409 1326 2483 sufficit
1371 2413 1642 2495 tamen
1685 2409 1889 2501 quod
1940 2429 2084 2501 per
2136 2408 2221 2480 il·
2330 2404 2650 2479 scilicet
2685 2406 3122 2481 sufficienti
3150 2407 3601 2482 intensione
3647 2412 3874 2485 lumi-

678 2527 810 2600 lud
873 2528 1145 2599 lumen
1210 2526 1678 2618 aliqualiter
1746 2525 2224 2599 remittatur
2336 2521 2486 2603 nis,
2528 2523 3043 2616 oppositione
3096 2525 3538 2609 radiorum,
3599 2533 3679 2602 et
3727 2530 3875 2602 dis-

677 2644 894 2718 actio
971 2643 1476 2733 frigiditatis.
1568 2641 1833 2715 Aliter
1922 2641 2225 2714 dicitur
2340 2639 2748 2730 positione
2798 2642 3189 2714 matcriae.

676 2761 884 2853 quod
956 2780 1119 2831 non
1182 2764 1510 2852 oportet
1552 2759 1758 2851 quod
1803 2758 2074 2830 lumen
2116 2757 2223 2847 ig·-
2429 2755 2539 2828 Ad
2598 2776 2920 2838 nonam,
2991 2758 3306 2832 dicetur
3392 2762 3597 2854 quod
3680 2764 3880 2838 talia
3995 2780 4082 2828 Αιι
4107 2778 4153 2827 υ.

656 2878 828 2959 nis,
884 2897 1029 2950 nec
1109 2876 1362 2950 ctiam
1407 2876 1867 2969 hujusmodi
1914 2892 2218 2957 rerum,
2337 2892 2689 2965 corpora
2712 2874 2888 2944 alba
2916 2895 3075 2947 non
3102 2882 3288 2951 sunt
3321 2878 3607 2963 lucida,
3644 2887 3723 2957 et
3754 2882 3881 2954 da-

681 2994 954 3067 lumen
1005 2993 1462 3074 calefaciat,
1525 2993 1711 3085 quia
1775 2993 1853 3064 in
1924 2993 2224 3066 talibus
2342 2997 2424 3065 to
2469 2993 2672 3084 quod
2724 2992 2992 3084 aliqua
3037 3001 3306 3071 essent
3348 2997 3633 3078 lucida,
3674 3001 3883 3076 sieut

679 3111 2221 3204 lumenestquaedamqualitassecunda,
2346 3108 2847 3196 margaritae,
2899 3130 3059 3182 non
3105 3117 3377 3186 tamen
3422 3122 3749 3209 oportet
3795 3118 3882 3190 il-

679 3227 1163 3323 proveniens
1229 3249 1328 3300 ex
1383 3227 1701 3302 actione
1772 3229 2227 3322 primarum
2341 3224 2421 3296 la
2473 3225 2954 3309 calefacere,
3018 3229 3207 3320 quia
3269 3231 3540 3304 lumen
3597 3254 3881 3307 eorum

661 3346 1195 3438 qualitatum,
1234 3366 1376 3418 nec
1425 3349 1548 3418 est
1579 3345 1936 3439 ejusdem
1983 3349 2227 3422 ratio·
2341 3346 2467 3415 est
2510 3343 2853 3415 alterius
2909 3348 3226 3418 naturae
3280 3366 3326 3417 a
3383 3347 3683 3421 lumine
3738 3372 3882 3421 cce·

677 3464 805 3536 nis
874 3482 1061 3536 cum
1135 3462 1440 3535 lumine
1507 3463 1885 3556 corporis
1954 3465 2227 3538 coeles·
2346 3459 2555 3532 lesti.

686 3581 817 3655 tis.
2432 3576 2630 3648 Aliae
2708 3581 3071 3652 rationes
3159 3588 3345 3658 sunt
3434 3583 3721 3656 so'lutae
3809 3585 3883 3657 in

451 3715 527 3766 13.
772 3698 884 3770 Ad
940 3697 1332 3772 rationes.
1381 3697 1492 3770 Ad
1541 3698 1917 3791 primam,
1966 3701 2232 3768 nullum
2344 3695 2774 3786 quaetionis
2817 3720 3191 3792 corpore.
3233 3703 3328 3775 Et
3381 3701 3530 3774 hoc
3577 3703 3669 3774 de
3730 3703 3886 3776 ista

328 3779 416 3828 Ad
445 3793 644 3854 argum
799 3817 827 3832 .,
1686 3816 1709 3848 Υ
2361 3835 2370 3838 j
2615 3813 2628 3826 .

330 3842 375 3891 1.
426 3844 638 3904 prum.
680 3817 893 3884 subzto
945 3817 1371 3904 productum,
1434 3820 1585 3887 etc.
1644 3841 1669 3885 i
1718 3818 2013 3904 egatur
2069 3833 2229 3884 ma·
2345 3819 2817 3903 quaestione.

384 3904 529 3966 ‘’m'‘
676 3931 839 4022 jor,
904 3929 1091 4022 quia
1144 3929 1349 4020 quod
1420 3930 1895 4020 producitur
1963 3929 2228 4002 subito

688 4050 957 4139 potest
997 4045 1463 4118 continuari
1492 4045 1969 4127 successive,
2000 4050 2080 4119 et
2113 4044 2229 4118 sic

688 4165 957 4255 potest
1025 4161 1471 4253 producere
1540 4160 1757 4242 illud,
1837 4162 2038 4254 quod
2100 4181 2230 4232 na-

685 4283 858 4352 tum
892 4283 1017 4352 est
1059 4277 1514 4351 successive
1551 4277 1907 4370 produci.

2765 4123 3228 4205 012138'1'10
3286 4127 3468 4198 XII.

2351 4328 2374 4384 l
2385 4327 2571 4383 'trum
2596 4324 2848 4400 sphaera
2879 4324 3051 4385 Solis
3062 4343 3185 4402 per
3202 4341 3393 4386 sumn
3416 4334 3656 4388 mewa
3683 4331 3890 4405 maffl's

340 4468 345 4474 .
385 4411 499 4507 ,M
530 4428 579 4478 2.
778 4394 890 4467 Ad
944 4393 1401 4476 S'Offlmdafflv
1464 4397 1727 4463 'lullum
1787 4396 2026 4476 ‘umen’
2074 4399 2227 4467 etc·
2311 4437 2317 4441 ’
2426 4431 2775 4506 calefaciat
2804 4432 2924 4491 isla
2946 4433 3285 4509 inferiora,
3303 4451 3501 4510 quam
3526 4434 3675 4496 aliae
3696 4436 3898 4513 spitze:

692 4515 1064 4604 Negatur
1129 4513 1631 4594 antecedens,
1697 4514 1886 4603 quia
1961 4514 2230 4586 lumen
2353 4552 2356 4558 -
2440 4555 2529 4599 m,
2557 4536 2885 4603 coelescesf·
3819 4515 3825 4520 ”

696 4630 935 4702 unius
991 4630 1145 4703 diei
1186 4631 1426 4702 durat
1488 4650 1634 4723 per
1685 4651 1928 4702 unum
1995 4630 2231 4713 diem,

695 4752 777 4822 et
820 4748 1090 4819 lumen
1123 4746 1347 4818 horae
1386 4768 1530 4839 per
1572 4767 1815 4818 unam
1859 4747 2171 4818 horam.
2443 4731 2840 4821 Arguitur
2874 4733 3076 4824 (111οᾶ
3119 4752 3303 4814 non,
3351 4734 3538 4825 ‘luia
3579 4736 3704 4807 Vssl
3741 4733 3887 4807 ¹¹00
4073 4798 4121 4846 ς,

419 4871 507 4922 Aa
533 4871 581 4923 3,
788 4865 901 4937 Ad
929 4864 1288 4944 tel-tiam,
1324 4868 1445 4931 hoc
1489 4869 1802 4945 maxime,
1849 4868 2000 4936 (ιω,
2039 4869 2238 4938 Con-
2353 4855 2593 4930 essct,
2632 4850 2816 4941 quia
2852 4850 3169 4943 sphaera
3201 4851 3411 4923 Solis
3434 4856 3558 4925 est
3589 4851 3886 4942 major,
3943 4882 4083 4940 ψῃ.
4111 4878 4219 4940 μη·-

3999 4957 4052 4990 nl
4062 4956 4094 4989 l(
4103 4961 4148 4988 m
4158 4975 4170 4986 .

696 4982 915 5063 cedo,
980 4985 1060 5055 et
1120 5002 1302 5053 cum
1357 4981 1679 5061 dicitur,
1740 4979 1928 5054 tunc
1991 4981 2239 5066 inten-
2321 4969 2479 5038 1ΥΟΙ
2513 4967 2696 5059 quia
2748 4967 3006 5041 (lefort
3051 4969 3313 5062 Illa-jus
3358 4972 3702 5048 astvum,
3761 4968 3893 5039 Sed

699 5098 867 5168 sius
937 5097 1425 5170 calefaceret
1485 5118 1761 5190 prope,
1820 5097 2058 5188 quam
2121 5119 2239 5169 re·
2357 5089 2649 5157 neutro
2717 5085 2990 5165 1110‹lo;
3079 5085 3357 5174 igitur,
3422 5090 3574 5157 etc.
3628 5084 3897 5176 Major

699 5220 943 5294 moto,
1006 5219 1356 5304 negatur
1395 5214 1996 5305 consequentia,
2053 5215 2244 5305 quia
2361 5206 2606 5295 1)at0t,
2655 5222 2838 5272 Imm
2896 5201 3052 5274 istst
3106 5201 3427 5275 ville-tul·
3477 5221 3724 5275 Causa
3770 5219 3899 5292 llo-

697 5331 1136 5406 calefactio
1184 5353 1326 5425 per
1380 5333 1647 5404 lumen
1694 5351 1854 5401 non
1907 5331 2244 5404 attondi-
2360 5318 2704 5392 tissima.
2749 5321 2844 5391 Et
2891 5321 3160 5391 minor
3210 5326 3576 5414 apparet,
3634 5321 3900 5414 primo

697 5451 837 5520 tur
888 5468 1135 5539 penes
1205 5447 1775 5540 propinquum,
1836 5451 1915 5519 et
1986 5466 2247 5516 remo·
2361 5435 2739 5525 nonqllifl
2796 5435 3116 5528 spllaerss
3186 5442 3309 5512 est
3368 5437 3659 5529 major,
3708 5458 3902 5533 ,nam

694 5568 873 5654 ⁴tum
907 5585 957 5636 a
989 5584 1341 5657 corpore
1375 5564 1809 5645 luminOSO,
1840 5563 1972 5633 scd
2008 5583 2249 5655 penes
2365 5550 2703 5650 Spl-lzrrae
2737 5554 3206 5647 superiores
3229 5560 3413 5630 sunt
3446 5556 3702 5632 multo
3745 5573 3902 5630 ma-
