4252 6393
1641 379 2006 467 QUAESTIO
2055 379 2078 453 1

303 555 845 649 ingredientes,
884 554 1018 647 qui
1051 554 1132 628 in
1165 553 1442 626 eadem
1476 569 1815 644 propor-

302 675 495 748 tione
562 673 836 744 lacum
905 671 1529 749 conservarent,
1605 666 1818 740 sicut

305 793 553 883 partes
589 788 809 861 illius
843 788 1445 860 consumuntur
1479 804 1525 856 a¹
1548 787 1814 864 terra;

307 906 511 978 modo
580 905 797 978 sicut
866 927 951 977 se
1012 901 1310 977 habent
1381 902 1501 974 illi
1574 898 1819 973 rivuli

306 1020 539 1113 partis
580 1022 677 1092 ad
718 1041 1040 1113 aquam,
1091 1019 1208 1093 ita
1246 1018 1627 1091 videntur
1661 1035 1821 1088 om-

306 1157 425 1209 nes
481 1158 563 1209 se
606 1136 907 1210 habere
965 1137 1258 1217 fontes,
1323 1138 1405 1209 et
1445 1132 1669 1206 fluvii
1728 1131 1824 1204 ad

309 1274 530 1326 mare.

384 1373 729 1444 Secunda
796 1391 1046 1445 causa
1106 1370 1202 1444 ad
1268 1369 1421 1441 hoc
1488 1368 1822 1449 faciens,

312 1491 418 1561 est
443 1492 755 1572 ventus,
800 1492 881 1562 et
918 1492 1189 1562 motus
1224 1485 1481 1581 ipsius
1516 1484 1770 1558 maris
1808 1507 1824 1564 ;

314 1625 476 1677 nam
519 1610 811 1679 ventus
872 1609 996 1679 est
1038 1605 1348 1678 calidus
1388 1606 1470 1676 61
1531 1601 1825 1683 siccus,

317 1721 462 1795 ideo
495 1723 769 1816 plures
805 1725 1080 1815 partes
1117 1720 1370 1794 maris
1396 1740 1541 1812 per
1567 1720 1830 1813 ipsum

315 1840 833 1921 desiccantur,
890 1844 970 1913 et
1020 1842 1643 1912 consumuntur.
1719 1835 1832 1910 Si-

321 1957 599 2030 militer
630 1957 726 2029 ad
759 1956 911 2030 hoc
947 1955 1144 2029 facit
1178 1959 1450 2029 motus
1485 1973 1834 2047 percon-

321 2074 813 2148 fricationem
879 2071 1159 2154 maris,
1217 2075 1299 2145 ct
1358 2072 1605 2153 aeris,
1661 2071 1834 2143 ideo

320 2188 568 2280 plures
599 2191 879 2282 partes
915 2187 1168 2280 ipsius
1210 2190 1833 2260 consumuntur.

395 2307 487 2379 Et
554 2305 622 2376 si
690 2305 1014 2378 dicatur
1082 2303 1291 2396 quod
1360 2302 1838 2395 quandoque

326 2425 567 2512 potest
606 2442 810 2502 esse,
872 2420 1080 2512 quod
1130 2439 1276 2492 aer
1332 2397 1840 2512 propinquus

329 2539 512 2611 mari
553 2542 1087 2612 convertatur
1127 2537 1209 2610 in
1240 2555 1563 2628 aquam,
1610 2539 1690 2609 et
1724 2535 1841 2609 sic

327 2672 464 2724 non
520 2654 781 2726 solum
842 2650 1167 2724 habebit
1226 2670 1453 2722 mare
1510 2669 1842 2741 genera-

331 2768 607 2843 tionem
663 2791 762 2842 ex
814 2768 1202 2850 fontibus,
1265 2772 1345 2841 et
1394 2767 1690 2849 fluviiS,
1764 2772 1845 2841 61

332 2885 977 2979 impressionibus
1038 2884 1343 2976 aqueis.
1392 2884 1844 2976 Responde-

332 3009 451 3076 tur
515 3004 713 3096 quod
794 3002 1170 3094 quamvis
1244 3002 1665 3075 multoties
1734 3001 1849 3075 ita

336 3121 476 3203 fiat,
514 3125 779 3195 tamen
823 3141 1050 3192 mare
1085 3119 1226 3192 illo
1265 3120 1496 3191 modo
1539 3138 1697 3190 non
1734 3139 1848 3191 re-

337 3238 512 3330 cipit
566 3237 1009 3311 notabilem
1072 3236 1714 3327 generationem,
1770 3239 1852 3310 et

339 3353 1059 3444 augmentationem
1114 3351 1191 3423 in
1233 3350 1852 3443 comparatione

341 3470 421 3540 ad
450 3470 566 3542 sui
610 3467 1271 3562 magnitudinem.

416 3586 675 3661 Tertia
724 3604 979 3659 causa
1027 3588 1153 3658 est
1197 3583 1654 3678 potissima,
1712 3603 1856 3676 per

347 3724 560 3795 quam
645 3705 1163 3797 supponatur
1254 3699 1560 3793 prime,
1650 3702 1856 3792 quod

347 3840 531 3913 aqua
582 3819 956 3914 exposita
1018 3817 1186 3893 Soli
1243 3818 1765 3892 consumitur
1808 3838 1856 3891 a

349 3937 534 4008 Sole.
571 3936 789 4025 Istud
829 3939 1055 4028 patet
1104 3934 1198 4006 ad
1228 3934 1851 4027 experientiam.

351 4056 701 4137 Secunde,
751 4052 1242 4145 supponitur
1285 4052 1493 4144 quod
1545 4052 1856 4143 quando

350 4188 537 4260 aqua
564 4168 1000 4265 exponitur
1031 4167 1197 4242 Soli
1235 4168 1497 4258 magis
1538 4167 1853 4250 diffusa,

352 4292 422 4359 et
446 4292 761 4361 extensa
794 4287 874 4360 in
910 4289 1216 4381 partes,
1260 4289 1494 4360 tanto
1536 4285 1859 4359 facilius

356 4408 426 4475 et
479 4406 703 4479 citius
772 4403 1342 4495 corrumpitur
1399 4423 1446 4475 a
1517 4404 1726 4485 Sole,
1780 4408 1863 4478 et

362 4540 827 4615 quocumque
862 4520 1025 4594 alio
1061 4518 1548 4591 desiccante.
1600 4523 1859 4603 Patet,

364 4637 532 4727 quia
580 4640 641 4712 si
692 4637 1050 4732 scyphus
1113 4635 1397 4728 plenus
1463 4656 1674 4727 aqua
1737 4660 1867 4711 ex-

369 4754 707 4843 panditur
746 4755 934 4827 hinc
980 4752 1155 4824 inde
1189 4773 1435 4845 super
1475 4753 1863 4839 tabulam,

369 4876 440 4943 et
474 4877 908 4965 exponatur
958 4870 1151 4951 Soli,
1210 4869 1524 4942 modico
1569 4875 1868 4966 tempo-

378 5006 453 5057 re
480 4989 994 5071 consumitu1‘‚
1041 5006 1218 5079 quae
1265 4986 1334 5058 si
1387 4992 1714 5063 retenta
1754 5012 1871 5062 es-

380 5107 486 5175 set
525 5103 592 5175 in
630 5104 959 5199 scypho,
1005 5123 1167 5174 non
1210 5102 1327 5175 ita
1378 5102 1544 5177 cito
1586 5125 1873 5178 consu-

383 5227 725 5296 merctur.

460 5339 564 5409 Ex
613 5340 786 5414 istis
848 5339 1099 5431 patet,
1148 5336 1357 5426 quod
1417 5357 1600 5411 cum
1650 5360 1877 5413 marc

3369 391 3482 457 129

1931 550 2490 643 superficiem,
2570 572 2666 624 eo
2758 554 2964 644 quod
3052 573 3280 628 mare
3349 559 3476 630 est

1933 687 2343 758 magnum,
2379 671 2458 740 et
2491 669 2776 752 latum,
2816 671 3163 743 multum
3195 672 3284 743 dc
3320 691 3481 744 ma-

1934 784 2007 858 ri
2059 785 2578 859 consumitur
2629 806 2675 857 a
2718 787 2927 869 Sole,
2998 787 3161 859 imo
3221 809 3482 880 aequa-

1934 902 2150 984 liter,
2216 902 2430 976 sicut
2492 902 2759 995 ipsum
2822 903 3280 994 ingreditur
3341 926 3485 999 per

1937 1019 2239 1102 fontes,
2312 1025 2394 1093 et
2461 1019 2789 1103 fluviOS,
2862 1026 2942 1094 et
3013 1022 3486 1114 quandoque

1939 1135 2225 1226 magis,
2261 1140 2340 1209 61
2375 1137 2844 1229 quandoque
2879 1138 3178 1220 minus;
3209 1141 3290 1212 et
3315 1137 3487 1210 ideo

1939 1274 2085 1345 per
2107 1253 2352 1326 talem
2389 1252 2819 1327 introitum
2851 1252 3223 1336 fontium,
3252 1258 3333 1328 et
3357 1255 3490 1326 flu·

1936 1372 2263 1445 viorum
2298 1371 2376 1443 in
2413 1390 2639 1442 mare
2685 1391 2845 1443 non
2895 1375 3222 1465 oportet
3258 1393 3486 1444 marc

1941 1488 2498 1579 augmentari,
2583 1489 2762 1580 plus
2841 1509 3077 1580 quam
3161 1491 3487 1582 oportet

1943 1608 2257 1677 terram
2316 1604 2654 1676 diminui
2733 1625 2874 1696 per
2939 1604 3249 1677 exitum
3322 1604 3486 1676 son-

1943 1718 2185 1800 tium,
2230 1721 2312 1791 et
2355 1718 2790 1792 fluviorum
2839 1721 2929 1792 (16
2991 1719 3169 1812 ipsa
3227 1723 3485 1801 terra,

1945 1839 2025 1909 et
2066 1832 2243 1918 hoc,
2300 1834 2489 1926 quia
2538 1834 2804 1908 fontes
2856 1839 2935 1908 61
2966 1834 3189 1907 fluvii
3231 1835 3491 1907 conti-

1947 1971 2101 2024 nue
2161 1956 2663 2040 generantur
2723 1951 2937 2023 infra
3004 1955 3343 2024 terram.
3395 1953 3495 2024 Et

1950 2066 2100 2141 hoc
2160 2069 2252 2140 de
2289 2068 2580 2161 primo,

2435 2363 2869 2458 AuricuLus
2944 2399 3016 2456 11.

1955 2581 2058 2647 An
2108 2600 2295 2647 mare
2348 2580 2435 2646 sit
2493 2580 2672 2647 locus
2725 2582 3066 2648 naturalis
3113 2578 3497 2669 emtarum?

2045 2775 2161 2847 De
2232 2773 2581 2846 secundo
2652 2774 2759 2847 sit
2818 2775 3237 2847 conclusio
3312 2776 3494 2859 ista,

1962 2892 2167 2983 quod
2236 2891 2488 2973 locuS,
2552 2912 2789 2982 quem
2844 2896 3189 2984 occupat
3245 2912 3851 3002 marewuemom.

1960 3012 2085 3082 est
2139 3008 2363 3080 locus
2433 3009 2841 3082 naturalis
2903 3029 3342 3101 aquarum,
3406 3009 3502 3081 ad
3527 3007 3626 3111 Pgss
3671 3015 3846 3110 'l'g‘ggj’

1963 3145 2203 3219 quam
2258 3146 2534 3199 omnes
2603 3145 2829 3219 aquae
2881 3130 3314 3199 moventur
3370 3146 3502 3198 na·
3531 3123 3829 3251 fflggssf

1964 3244 2388 3325 turaliter,
2464 3243 2598 3314 sed
2674 3246 2950 3316 tamen
3029 3244 3124 3315 ad
3193 3243 3498 3327 locum,

1967 3381 2204 3453 quem
2257 3363 2603 3452 occupat
2646 3379 2874 3431 mare
2906 3359 3021 3432 ita
3051 3360 3174 3441 fit;
3225 3359 3502 3451 igitur,

1966 3483 2122 3553 etc.
2173 3478 2445 3570 Major
2497 3479 2747 3568 patet,
2805 3476 2993 3567 quia
3048 3477 3276 3550 locus
3337 3498 3510 3548 sur-

1969 3615 2148 3666 sum
2170 3592 2469 3666 dicitur
2500 3592 2726 3663 locus
2749 3592 3156 3664 naturalis
3182 3592 3507 3675 levium,

1967 3732 2061 3784 60
2096 3711 2305 3803 quod
2339 3710 2433 3781 ad
2477 3709 2741 3801 ipsum
2776 3708 2987 3780 levia
3017 3709 3514 3783 naturaliter

1972 3829 2430 3905 moventur,
2489 3828 2568 3897 et
2625 3824 2741 3896 ita
2800 3823 2892 3895 de
2961 3823 3172 3896 aliis.
3243 3824 3514 3895 Minor

1970 3944 2196 4033 patet
2274 3940 2367 4011 ad
2435 3938 3068 4031 experientiam,
3150 3938 3514 4010 videmus

1968 4056 2185 4129 enim
2229 4056 2435 4149 quod
2495 4075 2773 4127 omnes
2835 4075 3064 4147 aquae
3122 4055 3382 4129 fluunt
3435 4055 3515 4128 in

1972 4194 2224 4246 mare.

2071 4288 2514 4362 Dubitatur
2594 4288 2852 4379 igitur
2933 4288 3232 4382 prime,

1976 4404 2387 4495 gravioris
2429 4409 2508 4478 et
2541 4404 2877 4477 levioris
2921 4426 3081 4477 non
3133 4410 3258 4480 est
3306 4408 3511 4481 idem

1976 4521 2203 4593 locus
2266 4521 2697 4601 naturalis,
2785 4523 2916 4593 sed
2990 4543 3201 4614 aqua
3260 4524 3517 4597 dulcis

1978 4641 2102 4710 est
2138 4637 2397 4708 levior
2451 4640 2532 4710 et
2557 4638 2963 4718 subtilior,
3001 4641 3082 4710 et
3114 4656 3324 4730 aqua
3359 4660 3521 4711 ma-

1983 4753 2098 4826 ris
2161 4753 2537 4841 grossior
2605 4757 2686 4827 et
2726 4753 3354 4845 g1²avi01‘;ergo
3418 4756 3526 4849 ip·
3625 4782 3628 4785 ’

1983 4891 2268 4943 sorum
2329 4889 2489 4941 non
2555 4873 2679 4941 est
2742 4869 2946 4942 idem
3016 4872 3240 4943 locus
3303 4878 3529 4946 natu-

1988 4988 2214 5060 ralis.
2265 4987 2534 5078 Major
2594 4990 2841 5078 patet,
2901 4989 3088 5079 quia
3148 4989 3530 5063 subtilius

1986 5110 2067 5179 et
2136 5104 2391 5176 levius
2460 5107 2742 5177 natum
2802 5109 2927 5178 est
2961 5105 3207 5178 altius
3244 5106 3530 5188 locari,

1991 5243 2234 5315 quam
2304 5220 2662 5311 gravius.
2750 5221 3022 5293 Minor
3102 5227 3323 5314 patet
3393 5244 3536 5315 per

1992 5338 2521 5411 Aristotelem
2573 5340 2640 5408 2.
2704 5344 2924 5427 hujus,
2991 5339 3178 5430 quia
3237 5339 3349 5410 nil
3409 5343 3535 5414 est

389 5450 481 5525 sit
526 5473 708 5546 aqua
756 5451 1416 5544 consumptibilis
1459 5475 1505 5526 a
1548 5456 1753 5538 Sole,
1799 5463 1879 5533 61
1995 5458 2220 5529 locus
2269 5453 2530 5547 partis
2579 5454 3034 5527 subtilioris
3085 5455 3531 5529 nutrimen-

388 5577 799 5661 exponatur
833 5568 986 5642 sibi
1027 5569 1463 5642 secundum
1502 5592 1878 5665 magnam

502 5703 735 5761 T0m.1v.

1993 5574 2083 5656 ti,
2121 5578 2202 5647 61
2239 5571 2498 5667 partis
2533 5570 2983 5659 grossioris
3018 5572 3527 5658 nutrimenti,

3362 5707 3395 5763 9

3599 2876 3769 2927 Locus

3327 4291 3515 4383 quia
3551 4306 3833 4357 Dubiuml
