4252 6393
77 4576 412 4694 Zssdzfiff’tur
452 4616 757 4714 sentire
794 4610 1354 4706 pluralitatem
1386 4606 1819 4679 effectuum

78 4715 89 4742 ⁷
113 4709 264 4760 causis,
296 4741 307 4753 .

1619 422 1972 504 QUAES'rlo
2021 425 2067 488 11

298 590 554 669 cedere
603 618 651 668 a
691 598 886 685 Deo,
943 593 1075 666 sed
1132 592 1454 689 videtur
1510 606 1813 678 negare

296 714 749 786 novitatem.
796 709 996 793 Quid
1054 713 1326 782 autem
1379 704 1810 778 secundum

296 829 709 902 veritatem
808 825 1198 905 senserit,
1314 841 1476 923 non
1573 818 1814 892 facile

296 949 619 1025 constat,
720 944 909 1037 quia
970 941 1196 1035 ponit
1254 938 1462 1031 quod
1515 934 1816 1009 Intelli-

297 1062 549 1153 gentia
604 1061 713 1135 sit
771 1056 1352 1151 ingenerabilis
1411 1059 1493 1128 et
1561 1053 1816 1125 incor-

299 1179 713 1272 ruptibilis,
760 1199 853 1252 ac
888 1198 1032 1270 per
1071 1175 1223 1247 hoc
1268 1171 1563 1266 posuit,
1611 1168 1818 1260 quod

77 1299 438 1370 ndoArm-non
486 1300 754 1390 potest
813 1293 1040 1368 educi
1088 1293 1180 1364 de
1242 1287 1590 1363 materia
1677 1304 1815 1358 sou

77 1362 643 1537 Ξιέεέἷὲροῐρῃιίει
693 1406 1088 1488 materiae,
1140 1404 1330 1496 quia
1369 1421 1546 1473 esse
1590 1418 1818 1489 gene·

78 1503 556 1629 {tauteffrabila
620 1524 860 1597 habet
898 1521 1334 1596 mate-riam
1385 1538 1531 1610 per
1576 1534 1818 1609 quam

105 1650 114 1723 ἶ
225 1619 264 1663 ⁰²
304 1646 552 1737 potest
582 1663 761 1713 esse
802 1644 883 1713 et
913 1659 1075 1711 non
1114 1640 1316 1717 e'sse,
1353 1638 1433 1706 et
1483 1652 1819 1724 corrup-

297 1757 551 1832 tibile:
592 1754 821 1848 ponit
869 1752 1121 1826 etiam
1169 1748 1375 1841 quod
1408 1746 1520 1819 sit
1550 1743 1819 1816 forma

298 1874 677 1971 corporis.

372 1991 667 2075 Quaerit
703 1992 977 2062 autem
1008 1988 1116 2060 12.
1154 1980 1508 2075 Metaph.
1545 1998 1720 2071 cap.
1747 1980 1811 2050 3.

293 2111 469 2184 text.
505 2111 610 2180 16.
647 2109 728 2180 et
761 2108 868 2179 17.
904 2103 1200 2176 Utrum
1240 2094 1509 2172 forma
1541 2094 1817 2187 aliqua

293 2225 675 2318 prae-cedat
727 2219 1217 2295 materiam?
1260 2220 1341 2289 et
1373 2213 1566 2286 dicit
1609 2210 1815 2304 quod

287 2363 454 2414 non.
501 2338 1172 2415 Secundoutrum
1221 2331 1496 2423 aliqua
1545 2329 1815 2401 forma

288 2460 687 2531 remaneat
744 2454 1165 2528 destructa
1211 2467 1359 2520 sua
1414 2444 1813 2521 materia?

286 2581 355 2650 et
397 2574 589 2649 dicit
647 2574 765 2646 Sic
803 2595 818 2639 :
854 2573 931 2640 In
970 2569 1361 2660 quibusdam
1400 2566 1577 2632 enim
1636 2562 1818 2630 nihil

282 2695 590 2782 prohibet,
650 2692 855 2760 veluti
911 2691 974 2755 εἰ
1027 2687 1260 2753 anima
1325 2683 1459 2749 tale
1513 2682 1624 2761 sit,
1676 2700 1815 2747 non

283 2814 511 2890 omnis,
570 2809 683 2876 sed
749 2807 1143 2886 intellectus,
1219 2819 1482 2868 omnem
1534 2816 1819 2883 namque

285 2927 579 3010 fortassis
616 2920 1024 3010 impossibile
1079 2928 1193 2984 cst.
1258 2911 1341 2986 Si
1379 2910 1641 3003 igitur
1694 2910 1815 2980 In-

286 3038 731 3131 telligentia
796 3039 926 3108 est
974 3030 1246 3106 forma
1286 3025 1694 3119 corporis,
1736 3028 1817 3099 et

286 3144 735 3231 necessario
805 3173 851 3225 a
915 3147 1358 3228 creatione,
1404 3162 1587 3217 cum
1653 3161 1816 3214 non

285 3274 378 3349 sit
406 3270 919 3366 generabilis,
942 3288 1087 3340 nec
1105 3269 1231 3339 est
1255 3265 1587 3343 aeterna,
1627 3280 1815 3332 cum

283 3410 429 3463 non
491 3388 899 3483 praecedat
984 3401 1216 3455 suam
1313 3375 1809 3455 materiam;

282 3527 461 3598 ergo
525 3506 851 3578 videtur
926 3498 1133 3593 quod
1200 3497 1374 3590 ipse
1433 3491 1807 3574 senserit,

283 3627 471 3714 quod
517 3625 768 3698 etiam
819 3637 1081 3691 novus
1133 3609 1470 3686 effectus
1550 3610 1813 3703 possit

280 3766 442 3817 esse
500 3764 549 3814 a
607 3744 805 3815 Deo.
887 3734 1032 3809 Sed
1094 3728 1474 3824 quidquid
1531 3728 1642 3801 sit
1720 3710 1813 3800 dc

281 3861 451 3952 h'oc,
501 3862 597 3941 ad
660 3864 928 3939 minus
1001 3857 1193 3931 illud
1254 3854 1594 3927 verbum
1653 3873 1814 3925 non

283 4000 509 4087 negat
540 3971 998 4065 *effectuum
1036 3980 1598 4078 pluralitatem
1670 3979 1814 4051 im-

286 4120 614 4193 mediate
648 4137 694 4186 a
725 4116 890 4187 Deo
929 4107 1388 4203 procedere,
1434 4104 1567 4175 sed
1598 4103 1815 4177 forte

285 4245 745 4321 novitatem,
793 4236 1000 4330 quod
1038 4233 1288 4307 etiam
1330 4230 1628 4303 falsum
1660 4232 1808 4313 est,

282 4374 366 4444 nt
393 4364 816 4463 apparebit
850 4358 1217 4453 sequenti
1252 4356 1721 4449 quaestione.

364 4475 938 4594 Auctorctiam
961 4484 1150 4558 libri
1168 4484 1259 4555 de
1290 4486 1451 4558 Cau
1467 4481 1580 4554 sis
1602 4481 1817 4554 vidc-

286 4742 741 4815 unmediate
783 4758 829 4808 a
878 4739 1045 4816 Deo
1111 4752 1272 4805 non
1334 4731 1814 4826 procedere:

294 4870 477 4944 unde
533 4867 726 4941 dicit
772 4862 981 4956 quod
1019 4863 1233 4934 Deus
1294 4856 1608 4942 creavit
1656 4857 1822 4930 ani-

246 5029 251 5034 ·
296 5014 495 5066 mam
520 4990 921 5066 mediante
949 4983 1527 5075 Intelligentia,
1566 4985 1652 5058 ut
1690 5002 1824 5073 pa-

296 5121 399 5191 tet
439 5118 515 5190 in
579 5115 1037 5189 commento
1106 5109 1378 5182 tertiae
1448 5106 1826 5200 proposi-

220 5241 259 5314 ’ζ
292 5241 528 5314 tionis
566 5268 582 5310 ε
628 5241 695 5312 8ἰ
734 5238 1021 5330 *igitur
1051 5235 1351 5317 anima,
1399 5255 1573 5326 quae
1628 5231 1827 5307 infe-

298 5359 461 5439 rior
525 5371 647 5439 est
718 5362 1315 5455 Intelligentia;
1373 5379 1571 5450 ergo
1644 5359 1827 5451 pari

304 5491 641 5573 ratione,
774 5487 1128 5560 inferior

1256 5482 1831 5574 Intelligentia
1942 5492 2262 5594 gentive,
2310 5488 2687 5583 quidquid
2726 5488 3005 5579 agunt,
3061 5485 3310 5575 agunt
3346 5502 3443 5574 pe

3331 412 3451 478 27)

1930 586 2046 658 sic
2099 604 2352 676 usque
2422 584 2518 656 ad
2605 578 2978 673 primam,
3055 595 3230 668 quae
3262 560 3267 565 ’
3298 573 3476 646 sola

1928 702 2393 775 immediate
2430 699 2753 773 videtur
2792 716 2971 768 esse
3010 715 3060 767 a
3096 694 3294 767 Deo.

2020 820 2166 893 Sed
2230 819 2646 892 dicendum
2705 816 2856 897 est,
2919 810 3126 907 quod
3181 808 3474 902 duplex
3526 814 3679 931 Meg,
3747 881 3759 894 ‚

1928 939 2053 1010 est
2134 933 2543 1007 mediatio.
2613 929 2794 1001 Una
2864 928 2947 1001 in
3035 924 3469 1019 operando,
3545 888 3788 1010 aupssss?

1932 1052 2319 1146 quoniam
2367 1045 2835 1121 idemsaber
2878 1044 3274 1136 operatur
3309 1039 3475 1113 cul-

1929 1171 2214 1246 tellum
2256 1189 2403 1262 per
2435 1163 2931 1239 martellum.
2974 1161 3285 1233 Verum
3311 1157 3473 1229 isto

1932 1287 2167 1362 modo
2224 1287 2440 1358 Deus
2482 1302 2643 1354 non
2718 1278 3032 1352 creavit
3117 1274 3477 1347 animam

1934 1403 2335 1476 mediante
2371 1395 2954 1489 Intelligentia‚
2997 1393 3131 1466 sed
3195 1411 3342 1485 per
3393 1409 3477 1462 se

1931 1518 2422 1594 immediate.
2459 1515 2642 1588 Alia
2681 1516 2806 1587 est
2858 1508 3265 1588 mediatio,
3304 1525 3479 1598 quae

1932 1640 2056 1710 est
2090 1634 2323 1727 quasi
2380 1632 2702 1725 quidam
2747 1628 2944 1701 ordo
2997 1626 3214 1699 inter
3245 1621 3479 1696 effec-

1932 1759 2091 1836 tus,
2131 1772 2288 1845 qua
2356 1750 2680 1824 ratione
2721 1749 2938 1820 Deus
2988 1740 3302 1817 creavit
3344 1759 3476 1812 ae-

1933 1892 2107 1944 rem
2158 1870 2559 1943 mediante
2603 1866 2811 1958 igne,
2866 1881 3120 1956 quare
3157 1855 3476 1952 propin·

1928 1988 2201 2081 quiori
2236 1986 2469 2059 modo
2504 1981 2946 2077 participat
2979 1975 3476 2068 completum

1927 2127 2130 2187 csse,
2167 2106 2247 2177 et
2278 2122 2424 2175 aer
2466 2096 2925 2173 remotiori.
2949 2095 3067 2168 De
3100 2112 3257 2187 qua
3289 2110 3469 2184 pro·

1928 2219 2386 2314 pinquitate
2497 2217 2576 2289 et
2695 2208 3091 2285 distantia
3202 2203 3472 2299 loqui-

1926 2342 2070 2412 tur
2104 2333 2600 2410 Aristoteles
2638 2333 2706 2404 2.
2758 2330 2850 2403 de
2904 2324 3470 2405 Generatione,

1928 2455 2129 2528 text.
2162 2450 2274 2526 56.
2326 2450 2639 2522 dicens:
2668 2449 2957 2535 Propter
2997 2443 3187 2531 lonqe
3214 2463 3257 2508 a
3284 2440 3479 2530 prin-

1926 2569 2108 2657 cipio
2175 2567 2455 2645 distare,
2533 2563 2794 2650 reliquo
2867 2557 3063 2625 modo
3127 2552 3481 2645 complevit

1927 2679 2062 2753 esse
2116 2686 2316 2763 Deus,
2368 2680 2754 2749 continuam
2800 2676 3064 2764 faciem-5
3099 2669 3481 2761 qeneralio-

1925 2824 2100 2870 nem.
2148 2800 2250 2873 Et
2284 2795 2445 2870 isto
2481 2792 2716 2867 modo
2753 2794 3036 2866 creata
3083 2791 3273 2861 sunt
3304 2804 3481 2859 cor-

1928 2915 2254 3010 poralia
2293 2909 2830 2985 mediantibus
2879 2902 3474 3000 spiritualibus,

1925 3036 2005 3107 et
2072 3030 2348 3105 anima
2409 3027 2811 3101 mediante
2892 3019 3474 3114 Intelligentia.

1931 3152 2121 3227 Haec
2156 3153 2429 3225 tamen
2463 3145 2848 3220 mediatio
2889 3162 3050 3216 non
3081 3138 3303 3216 tollit
3340 3138 3478 3213 im-

1931 3266 2507 3342 mediationem
2549 3260 3008 3336 efficientis.

2015 3387 2297 3460 Potest
2318 3381 2567 3456 etiam
2598 3379 2751 3454 dici
2785 3377 3059 3450 anima
3088 3373 3304 3447 facta
3327 3390 3480 3444 me·
3561 3388 3768 3439 Anima

3522 3451 3678 3511 facta
3706 3464 3820 3497 me-

1924 3502 2196 3575 diante
2224 3496 2802 3590 Intelligentia,
2829 3513 2991 3566 non
3016 3489 3275 3584 quoad
3297 3487 3479 3562 sub·
3505 3513 3690 3585 magne
3719 3511 3820 3584 132-

1926 3618 2345 3701 stantiam,
2373 3616 2508 3689 sed
2521 3611 2780 3707 quoad
2797 3608 3341 3704 operationes,
3371 3604 3481 3682 in·
3505 3573 3818 3709 ἶζῗὲἇῖᾙ.

1926 3738 2319 3827 quantum
2350 3732 2449 3805 ab
2480 3729 2787 3822 Angelo
2821 3728 3093 3821 potest
3117 3723 3481 3816 recipere
3514 3705 3770 3748 mmm·

1916 3852 2232 3945 aliquas
2293 3844 2938 3924 illuminationes
3005 3844 3085 3916 et
3172 3837 3482 3934 perfec-

1927 3970 2220 4044 tiones.
2281 3965 2503 4038 Unde
2545 3961 2849 4036 dicitur
2919 3958 3001 4034 in
3060 3956 3203 4031 illo
3267 3972 3480 4030 com-

1927 4087 2224 4166 mento,
2271 4082 2479 4174 quod
2517 4081 2735 4154 Deus
2777 4075 3050 4171 posuit
3120 4072 3478 4148 animam

1926 4203 2565 4279 instrumentum
2665 4191 3237 4285 Intelligentiae
3298 4216 3313 4259 t
3398 4192 3480 4263 et

1927 4323 2087 4397 isto
2122 4319 2356 4392 modo
2412 4314 2760 4389 inserior
2799 4311 3154 4404 Angelus
3214 4308 3478 4382 factus

1925 4442 2051 4513 est
2074 4435 2474 4509 mediante
2505 4429 2944 4525 superiori.

2019 4561 2433 4634 Avicenna
2464 4555 2805 4630 veritati
2867 4550 3309 4628 Catholicae
3359 4548 3479 4623 vi-
3627 4587 3682 4638 7,

1930 4678 2168 4752 detur
2248 4675 2603 4748 maxime
2690 4668 3170 4745 contrarius
3241 4687 3473 4740 esse:
3505 4648 3820 4767 Assssfflgoe·

1932 4812 2120 4863 nam
2149 4794 2216 4864 9.
2257 4785 2839 4880 Metaphysicae
2873 4805 3064 4865 suae,
3101 4805 3167 4856 c.
3203 4784 3269 4854 4.
3304 4781 3479 4853 vult

1936 4908 2143 5001 quod
2184 4927 2231 4980 a
2289 4906 2560 4999 primo
2622 4900 3031 4996 principio
3091 4918 3251 4971 non
3305 4917 3485 4990 pos-

1937 5027 2121 5097 sunt
2216 5042 2395 5094 esse
2485 5020 2746 5113 plura,
2830 5036 2974 5104 nec
3042 5015 3481 5090 secundum

1938 5158 2394 5220 numerum,
2429 5156 2576 5209 nec
2636 5132 3069 5206 secundum
3153 5129 3487 5204 divisio-

1938 5276 2146 5329 nem.
2195 5257 2338 5328 Est
2388 5254 2640 5327 etiam
2712 5250 3016 5346 positio
3059 5249 3489 5323 Avicennae
3542 5279 3675 5332 vide
3705 5280 3832 5330 500-

3544 5346 3656 5391 tum
3684 5341 3737 5390 in
3770 5342 3798 5388 4

1938 5373 2185 5445 talis:
2229 5371 2419 5444 Vult
2495 5370 2701 5463 quod
2761 5372 2976 5443 Deus
3043 5369 3121 5440 et
3181 5362 3829 5468 Intelli-d‚1‚q,1·‚

3451 5501 3493 5552 ¹¹
3539 5469 3815 5595 ρὲιέἔι.

302 5615 591 5696 creata*
629 5593 768 5692 est·
805 5614 1202 5691 mediante
1264 5610 1702 5707 superiori,
1753 5612 1834 5682 et
1946 5627 2181 5684 suum
2215 5605 2932 5700 intelligere.Cum
2971 5598 3231 5696 igitur
3266 5596 3491 5672 intel·
3573 5594 3766 5667 vai‘a·
