4252 6393
102 1309 298 1359 oaorem*
319 1295 504 1369 niter
541 1317 902 1389 corpora
947 1302 1470 1372 mortuorum
1504 1302 1831 1369 natura·

83 1404 84 1409 ,
97 1382 173 1430 patu
203 1378 297 1413 >120st

145 1694 233 1727 sm,
320 1644 614 1719 cedente
662 1646 967 1729 calore,
1027 1648 1328 1721 recedit
1369 1652 1448 1720 et
1513 1647 1830 1727 levitas,

1646 422 2006 514 QuAEsrio
2059 441 2071 501 ι
3350 435 3468 500 223

315 595 621 678 similes,
688 595 812 667 vel
872 598 1449 672 convenientes
1503 603 1822 672 naturae
1937 619 2437 671 concurrere
2515 597 2608 671 ad
2680 597 3268 692 operationem,
3349 598 3480 668 vel

315 712 679 794 humanae,
752 713 926 785 ideo
987 715 1394 795 redolent;
1462 715 1633 787 ideo
1695 737 1824 786 ex·
1943 715 2499 809 proprietates
2574 716 3027 808 praedictas,
3096 723 3176 788 et
3233 714 3486 788 virtu-

316 828 651 921 perimur
683 831 1395 922 quodeonfortant
1429 832 1648 903 vires
1695 851 1826 903 na·
1941 835 2087 911 tes,
2123 831 2252 901 vel
2288 830 2749 904 influentias
2791 831 3183 904 coelestes

316 944 620 1025 turalcs,
657 951 737 1020 et
772 947 1199 1019 animales.
2035 947 2706 1038 Decimoquarto,
2737 948 3032 1022 accidit
3055 949 3260 1039 quod
3287 968 3493 1039 quae-

387 1061 832 1145 Undecimo,
880 1065 1172 1138 accidit
1232 1065 1578 1138 mutatio
1645 1083 1830 1157 pon-
1941 1063 2124 1133 dam
2225 1062 2584 1135 lucentia
2677 1068 2866 1136 ante
2966 1061 3493 1155 putrefactio·

316 1178 522 1260 deris,
559 1180 685 1251 vel
719 1182 1184 1271 gravitatis.
1225 1182 1442 1253 Unde
1474 1201 1830 1253 eommu—
1951 1197 2159 1259 nem,
2228 1178 2441 1250 siout
2503 1178 2718 1250 oculi
2773 1182 3180 1258 catorum,
3247 1182 3326 1250 et
3385 1177 3492 1248 lu-

1948 1316 2265 1390 porum,
2310 1301 2389 1369 et
2422 1316 2739 1376 canum,
2786 1301 2866 1369 et
2900 1300 3495 1368 nocturnarum

122 1440 260 1501 emm
322 1412 482 1485 liter
521 1419 708 1487 sunt
761 1415 1181 1505 graviora,
1231 1436 1470 1508 quam
1527 1414 1834 1486 fuerint
1947 1411 2535 1484 besticularum
2576 1431 2954 1502 corpora,
3004 1410 3130 1481 vel
3163 1414 3492 1483 ventres

99 1505 299 1663 33:32·ss
321 1550 474 1600 cum
513 1530 925 1605 vixerunt.
973 1535 1237 1606 Causa
1279 1537 1429 1611 est,
1486 1531 1674 1623 quia
1717 1552 1834 1602 re-
1949 1548 2106 1600 non
2155 1528 2422 1600 lucent
2464 1527 2816 1620 amplius
2871 1530 3052 1618 post
3109 1532 3487 1608 mortem,

99 1633 125 1663 Π
198 1629 302 1661 two·

1947 1649 2026 1717 et
2066 1644 2778 1737 putrefactionem,
2821 1643 3011 1735 quia
3044 1643 3336 1714 similis
3368 1647 3493 1715 est

1949 1782 2200 1833 causa
2261 1762 2474 1833 sieut
2530 1760 2701 1851 jam
2757 1761 2836 1831 in
2900 1763 3007 1831 13.
3068 1760 3494 1852 proposito

1951 1878 2394 1951 dicebatur.

2043 1995 2692 2085 DecimoquintO,
2739 1994 3031 2067 accidit
3066 1993 3145 2064 in
3179 1994 3496 2085 quibus·

1952 2113 2135 2183 dam
2200 2110 2685 2203 putrefactis
2735 2109 3198 2191 viscositaS,
3254 2115 3333 2183 et
3386 2109 3496 2181 ni·

321 1760 426 1833 vel
474 1762 687 1844 illud,
746 1785 904 1855 quo
948 1785 1306 1857 corpora
1361 1785 1445 1835 se
1496 1765 1835 1837 sustine·

321 1879 485 1955 bant
536 1881 985 1956 resistendo
1047 1882 1469 1973 gravitati.
1545 1882 1837 1956 Simili-

325 2000 432 2068 ter
499 1997 942 2071 humiditas
1030 1998 1385 2079 subtilis,
1475 2004 1556 2073 et
1636 1999 1838 2072 levis

322 2111 644 2195 exhalat,
720 2116 896 2187 ideo
983 2120 1351 2189 remanet
1437 2121 1839 2190 terrestre

324 2248 706 2317 grossum,
761 2237 842 2305 et
887 2237 1438 2325 compactum,
1477 2224 1683 2325 quod
1716 2239 1841 2308 est

326 2364 579 2435 grave.

400 2465 906 2546 Duodecimo,
942 2466 1233 2539 accidit
1258 2468 1464 2557 quod
1498 2468 1842 2557 quando-

326 2600 457 2669 que
491 2580 950 2673 putrefacta
982 2603 1339 2675 corpora
1364 2581 1841 2654 animalium

325 2702 491 2770 sunt
532 2718 958 2780 venenosa,
996 2704 1076 2773 et
1111 2700 1470 2792 plurium
1525 2700 1602 2771 in
1633 2721 1846 2773 eom-

326 2814 730 2902 paratione
801 2815 896 2886 ad
966 2815 1402 2898 hominem,
1483 2816 1845 2908 exceptis

325 2932 626 3011 esculis,
672 2953 852 3023 quae
911 2933 1377 3024 putrefacta
1425 2934 1686 3023 magis
1726 2933 1847 3005 de-

325 3046 632 3126 lectant,
686 3051 768 3120 et
809 3047 1326 3120 conveniunt.
1384 3052 1648 3122 Causa
1693 3049 1849 3140 pri-

329 3162 421 3234 mi
460 3166 609 3244 est,
657 3167 744 3236 ut
803 3162 1020 3237 enim
1080 3162 1385 3237 dictum
1426 3169 1551 3237 est
1614 3164 1693 3235 in
1736 3186 1848 3236 se-

326 3279 566 3350 cunda
608 3279 1140 3371 proprietate,
1182 3279 1453 3351 omnia
1495 3280 1696 3352 talia
1742 3281 1851 3352 in—

328 3392 749 3484 frigidantu
765 3416 827 3477 r,
864 3399 946 3468 et
979 3400 1168 3468 sunt
1192 3396 1690 3469 naturaliter
1714 3397 1849 3468 fri-

329 3510 517 3598 gida,
561 3517 638 3584 et
682 3512 1268 3603 infrigidantia,
1306 3516 1385 3584 et
1427 3514 1853 3586 contraria

329 3628 527 3711 vitae,
601 3651 774 3722 quae
844 3629 1226 3703 consistit
1290 3630 1367 3701 in
1437 3631 1714 3703 calore
1774 3637 1853 3706 et

330 3742 821 3829 humiditate,
869 3752 957 3820 ut
994 3747 1169 3839 ipsa
1215 3747 1676 3839 putrefacta
1717 3748 1852 3821 fri-

331 3860 497 3950 gida
551 3867 627 3936 et
679 3862 924 3936 sicca.
991 3865 1090 3935 Et
1151 3862 1302 3935 hoe
1348 3868 1619 3956 potest
1676 3887 1853 3938 esse

327 3997 588 4060 causa,
634 3999 890 4071 quare
958 3979 1234 4069 genita
1302 3980 1692 4053 animalia
1757 4003 1855 4053 ex

331 4094 803 4182 putrefactis
847 4099 1033 4168 sunt
1077 4115 1505 4177 venenosa,
1563 4097 1855 4170 saltem

331 4210 520 4281 utin
557 4211 948 4303 pluribus,
994 4215 1073 4283 et
1111 4211 1430 4293 laedunt,
1490 4213 1679 4303 quia
1721 4214 1854 4285 fri-

334 4322 501 4411 gida
548 4330 628 4399 et
679 4325 898 4396 sicca
938 4325 1450 4397 comedentes
1501 4326 1857 4399 inficiun-

338 4444 482 4511 tur.

412 4558 1023 4638 Decimotertio,
1060 4558 1353 4632 accidit
1387 4560 1858 4651 quibusdam

339 4675 808 4763 putrefactis
849 4675 1250 4757 luciditas,
1315 4675 1428 4749 sic
1487 4678 1691 4768 quod
1752 4678 1862 4750 lu-

338 4795 508 4865 cent
545 4792 634 4865 de
678 4795 943 4874 nocte,
991 4790 1200 4863 sicut
1235 4797 1458 4884 patet
1498 4793 1589 4864 de
1633 4814 1861 4885 quer-

343 4925 454 4988 cu,
522 4914 601 4983 et
671 4910 1148 5002 quibusdam
1203 4908 1557 5000 piscibus
1623 4912 1863 4983 mari·

343 5022 457 5094 nis
506 5052 521 5093 ε
577 5031 656 5100 et
704 5045 955 5099 causa
1022 5029 1147 5099 est
1220 5027 1520 5099 iterum
1589 5027 1864 5118 aliqua

347 5143 758 5234 proportio
818 5143 1307 5235 qualitatum
1378 5144 1860 5235 primarum,

343 5263 415 5331 et
446 5280 598 5332 una
627 5281 812 5334 cum
851 5260 1386 5353 dispositione
1440 5261 1776 5353 speciali
1819 5283 1865 5333 a

344 5375 508 5447 tota
555 5376 816 5469 specie
859 5375 1488 5468 putrefactibilis
1551 5378 1645 5448 ad
1686 5396 1866 5450 cau-

347 5493 661 5564 sandam
695 5492 983 5572 lucem,
1030 5496 1111 5565 et
1161 5492 1368 5564 tales
1418 5492 1773 5565 virtutes
1821 5513 1868 5564 a

349 5609 510 5680 tota
578 5610 840 5701 specie
908 5613 1251 5701 apparet
1332 5609 1410 5680 in
1499 5610 1867 5701 pluribus

1955 2248 2106 2319 gra
2176 2226 2774 2317 conglutinatio
2838 2226 3221 2318 partium,
3289 2225 3500 2301 sicut

1959 2366 2171 2436 saepe
2212 2344 2617 2435 contingit
2647 2345 2739 2415 de
2771 2344 2958 2415 vino
2993 2343 3255 2423 debili,
3295 2344 3501 2434 quod

1960 2465 2302 2552 propter
2359 2458 2980 2552 corruptionem
3043 2458 3373 2540 caloris,
3419 2464 3500 2532 et

1954 2575 2631 2668 evaporationem
2684 2573 2987 2645 humidi
3024 2574 3347 2647 subtilis
3398 2576 3501 2646 ef-

1957 2692 2234 2766 ficitur
2304 2693 2418 2766 ita
2484 2691 2921 2772 viscosum,
2995 2697 3075 2765 et
3146 2693 3507 2764 miserri-

1963 2830 2181 2881 mum
2233 2813 2358 2882 est
2404 2808 2742 2889 homini,
2802 2813 3144 2901 propter
3197 2809 3505 2900 infrigi-

1957 2925 2394 3005 dationem,
2429 2930 2509 2999 et
2542 2925 3106 2999 viscositatem
3139 2930 3263 2999 est
3298 2926 3508 2998 male

1960 3041 2441 3133 digestibile.
2518 3042 2661 3113 Sed
2706 3046 2979 3115 tamen
3054 3042 3246 3115 illud
3304 3044 3507 3115 vide-

1965 3161 2101 3230 tur
2143 3159 2340 3230 bene
2401 3158 2496 3229 ad
2554 3157 2831 3250 aliqua
2874 3157 3038 3231 alia
3110 3157 3498 3242 facienda,

1967 3281 2161 3370 puta
2203 3278 2297 3348 ad
2331 3276 2784 3348 faciendum
2826 3298 3121 3368 aquam
3167 3278 3380 3359 vitae,
3429 3283 3508 3351 et

1964 3395 2242 3464 vinum
2307 3392 2765 3474 terminale,
2837 3394 3044 3484 quod
3111 3399 3236 3468 est
3306 3395 3508 3468 satis

1963 3529 2275 3590 carum,
2342 3513 2421 3580 et
2488 3509 2657 3581 ideo
2726 3510 2859 3600 qui
2904 3508 3239 3583 haberet
3302 3530 3509 3601 mys-

1967 3626 2181 3698 teria
2236 3630 2513 3718 posset
2575 3625 2789 3697 malo
2852 3627 2970 3700 uti
3014 3627 3233 3709 bene,
3280 3633 3360 3701 et
3399 3628 3510 3698 vi-

1966 3741 2191 3816 nitor
2228 3762 2387 3813 non
2427 3743 2655 3817 debet
2687 3742 3117 3815 effundere.

2059 3862 2177 3930 Ex
2222 3858 2345 3930 his
2404 3863 2623 3951 patet
2676 3861 2885 3952 quod
2929 3860 3193 3932 omnis
3249 3865 3513 3953 putre-

1968 3973 2243 4056 factio,
2298 3975 2425 4047 vel
2469 3975 2638 4048 fere
2684 3977 2947 4049 omnis
2994 3977 3184 4050 talis
3226 3985 3514 4053 causat

1971 4094 2297 4173 malum,
2339 4092 2528 4166 licet
2590 4097 3061 4186 quandoque
3111 4116 3254 4188 per
3311 4097 3513 4170 acei-

1968 4210 2186 4293 denS,
2224 4216 2305 4285 et
2343 4232 2483 4304 per
2515 4213 3017 4304 adjutorium
3050 4220 3336 4288 causat
3383 4215 3513 4286 bo-

1972 4348 2187 4398 num.
2256 4331 2354 4401 Et
2407 4330 2574 4402 haec
2639 4336 2826 4404 sunt
2884 4333 3362 4415 accidentia,
3437 4337 3518 4406 et

1974 4447 2552 4537 proprietateS,
2616 4449 3178 4538 contingentia
3250 4456 3516 4542 putre-

1975 4560 2342 4642 factioni,
2389 4583 2575 4634 cum
2645 4563 2916 4635 causis
2985 4564 3181 4635 suis.
3239 4567 3338 4638 Et
3402 4586 3515 4636 se-

1975 4679 2323 4751 cundum
2368 4678 2517 4751 hoc
2591 4679 2669 4751 in
2741 4681 3189 4770 quaestione
3254 4688 3517 4755 osten-

1974 4796 2313 4866 dendum
2375 4797 2581 4886 quod
2648 4797 3054 4889 accipitur
3100 4819 3245 4890 pro
3307 4819 3519 4872 nunc

1975 4912 2340 4984 breviter
2409 4915 3073 4995 transcurrendo,
3156 4921 3236 4989 et
3308 4916 3522 4990 forte

1976 5028 2182 5110 alias
2216 5028 2488 5118 aliqua
2532 5030 2693 5101 alia
2735 5031 3151 5104 addentur.

2070 5146 2216 5218 Sed
2252 5147 2439 5237 quia
2472 5148 2646 5238 ,jam
2680 5150 2947 5222 visum
2982 5155 3105 5223 est
3146 5151 3238 5222 de
3283 5149 3520 5223 malis

1980 5284 2154 5353 quae
2226 5263 2713 5355 contingunt
2779 5287 2922 5358 per
2992 5268 3520 5358 putrefactio-

1979 5397 2187 5458 nem,
2236 5378 2726 5452 Aristoteles
2797 5382 2874 5453 in
2928 5381 3210 5455 littera
3273 5382 3520 5474 loqui-

1982 5498 2118 5566 tur
2183 5495 2274 5566 de
2363 5496 2834 5588 quibusdam
2930 5498 3521 5591 impedimentis

1979 5611 2181 5703 ejus,
2251 5611 2419 5684 ideo
2469 5613 2717 5685 etiam
2762 5617 2853 5686 de
2907 5615 3520 5707 impedientibus

3652 2022 3732 2074 33.

3670 5176 3748 5227 3⁴.
