4252 6393
1728 404 2120 480 Quffls'rio
2171 406 2242 467 ιιι
3510 423 3582 486 17

880 915 1303 973 All'l'lCULUS
1336 917 1421 970 111.

390 1157 487 1220 An
522 1155 828 1220 voluntas
868 1164 1101 1220 nostra
1136 1154 1344 1220 subsit
1393 1155 1779 1242 corporibus
1808 1177 1933 1222 coe-

502 1270 793 1350 leslibus,
869 1269 1257 1357 recipiendo
1329 1269 1795 1357 impressiones
1852 1270 1934 1337 ab

496 1385 641 1451 eis?

114 1594 360 1706 συλλ,
473 1610 883 1689 Quantum
933 1606 1030 1678 ad
1079 1607 1440 1688 tertium,
1496 1607 1603 1680 sit
1667 1608 1933 1700 prima

106 1720 363 1830 ffiffm
388 1724 833 1805 conclusio,
864 1724 1072 1816 quod
1096 1745 1399 1818 corpus
1424 1724 1750 1797 coeleste
1769 1743 1931 1796 non

107 1845 363 1955 “lgm
388 1841 557 1933 agit
594 1843 678 1913 in
700 1842 1208 1915 voluntatem
1235 1848 1610 1914 nostram
1629 1841 1931 1933 aliquid

108 1976 309 2018 mmm-
390 1961 736 2033 mediate
812 1959 1303 2032 necessitate
1368 1960 1464 2029 ad
1531 1958 1930 2048 agendum

383 2075 548 2157 sie;
624 2076 1009 2168 quoniam
1054 2074 1435 2147 voluntas
1505 2093 1651 2165 per
1700 2094 1931 2146 suam

385 2191 853 2265 libertatem
940 2194 1213 2283 potest
1294 2189 1373 2261 in
1462 2190 1929 2282 oppositum

385 2309 607 2381 illius
653 2311 884 2381 actus
928 2306 1360 2398 privative,
1390 2308 1517 2378 vel
1552 2306 1925 2398 positive.

388 2427 825 2508 Probatur,
891 2428 1083 2518 quia
1140 2424 1386 2498 aliter
1446 2428 1932 2516 sequeretur

384 2543 591 2634 quod
617 2543 1001 2615 voluntas
1034 2563 1196 2614 non
1227 2546 1445 2615 esset
1479 2540 1760 2622 libera,
1783 2558 1929 2612 nec

381 2660 689 2753 aliquid
758 2664 973 2734 esset
1042 2660 1117 2732 ei
1193 2659 1754 2752 imputandum
1835 2657 1928 2729 ad

378 2778 833 2851 bonitatem
910 2777 1040 2849 vel
1107 2775 1534 2857 malitiam,
1610 2774 1705 2846 ad
1766 2773 1930 2845 lau·

375 2895 550 2966 dem
622 2895 753 2965 vel
819 2892 1349 2987 vituperium.
1408 2894 1929 2983 Consequens

377 3009 706 3092 salsum,
781 3009 914 3082 sed
973 3008 1377 3101 probatur
1442 3027 1931 3098 consequen-

378 3128 515 3210 tia,
565 3128 763 3220 quia
806 3129 1239 3220 postquam
1291 3125 1791 3200 incitaretur
1835 3124 1931 3196 ad

374 3244 732 3337 aliquem
791 3248 1091 3324 aetum,
1145 3242 1225 3314 in
1256 3242 1432 3334 ejus
1466 3240 1932 3334 oppositum

372 3382 533 3433 non
604 3364 911 3454 posset,
994 3359 1305 3436 scilicet
1338 3378 1483 3430 nec
1541 3356 1931 3430 eliciendo

376 3482 659 3552 actum
690 3476 1237 3557 contrarium,
1272 3495 1417 3548 nec
1454 3473 1926 3547 omittendo.

463 3598 787 3669 Contra
847 3591 1456 3665 conclusionem
1518 3589 1926 3680 arguitur,

378 3711 573 3803 quia
656 3707 1084 3800 Astrologi
1132 3708 1499 3801 judicant
1563 3727 1706 3799 per
1755 3724 1931 3778 eor-

379 3848 586 3920 pora
638 3826 1003 3900 coelestia
1041 3825 1134 3897 de
1177 3824 1331 3906 his,
1379 3844 1555 3916 quae
1596 3824 1799 3897 fiunt
1851 3823 1933 3894 in

374 3945 807 4017 voluntate
834 3941 1216 4024 hominis,
1253 3941 1461 4033 quod
1492 3959 1653 4012 non
1684 3944 1927 4030 esse-t,

375 4061 533 4133 nisi
586 4079 950 4154 corpora
993 4057 1357 4133 coelestia
1409 4055 1710 4148 aliquid
1751 4075 1932 4146 age-

380 4182 562 4252 rent
620 4177 704 4249 in
748 4176 1286 4256 voluntatem,
1344 4194 1489 4267 per
1539 4173 1745 4264 quod
1797 4192 1930 4243 vo-

374 4298 652 4370 luntas
697 4292 1213 4374 incitaretur,
1261 4290 1449 4383 quia
1492 4290 1680 4363 dato
1725 4289 1932 4382 quod

374 4433 561 4495 non,
637 4415 815 4486 tum
875 4408 1270 4502 judicium
1347 4427 1636 4480 eorum
1713 4409 1931 4478 esset

376 4529 706 4602 falsum.

102 4661 354 4721 Coactus).

138 4731 280 4792 Am,
472 4675 833 4765 Propter
908 4671 1105 4744 illud
1165 4668 1502 4762 ponitur
1580 4664 1930 4737 secunda

110 4792 319 4858 waiam
385 4783 837 4868 conclusiO,
893 4782 1102 4876 quod
1152 4800 1511 4873 corpora
1566 4777 1930 4852 coelestia

102 4851 358 4964 33¹an
384 4905 641 4992 agunt
684 4900 1072 4992 quasdam
1114 4896 1713 4976 inclinationes,
1759 4892 1929 4966 sive

384 5016 997 5110 impressiones,
1054 5012 1589 5087 mediantibus
1643 5009 1928 5102 quibus

379 5132 763 5206 voluntas
798 5131 1061 5222 magis
1095 5128 1541 5202 inclinatur
1562 5127 1656 5199 ad
1701 5126 1930 5197 illum

377 5255 683 5330 actum,
743 5267 986 5341 quam
1051 5247 1146 5319 ad
1196 5243 1687 5338 oppositum.
1740 5244 1930 5315 Pro-

378 5366 625 5441 batur
674 5367 769 5440 ad
825 5362 1441 5458 experientiam,
1488 5381 1675 5433 nam
1729 5359 1929 5431 nulli

379 5483 881 5557 naturaliter
983 5483 1162 5575 plus
1245 5479 1745 5553 inclinantur
1836 5476 1932 5548 ad

382 5620 631 5672 unum
693 5604 993 5682 aetum,
1062 5617 1301 5690 quam
1365 5597 1531 5679 alii,
1580 5598 1668 5669 ut
1723 5593 1929 5667 tales

599 5739 751 5789 Tom.
788 5736 884 5788 IV.

126 3607 325 3669 objectio.

2050 566 2620 641 inclinationes
2694 571 2885 645 bene
2944 573 3388 666 'praesciunt
3456 581 3597 652 As-

2049 685 2384 777 trologi.

2058 846 2067 857 -
2140 805 2500 878 Secundo
2537 812 2756 898 patet
2801 809 2872 882 id
2923 832 3066 903 per
3106 811 3589 905 Theologos,

2049 919 2187 1009 qui
2239 927 2548 1013 ponunt
2609 926 2817 1014 quod
2875 930 3308 1019 postquam
3363 930 3592 1003 intel·

2047 1033 2307 1108 lectus
2340 1039 2869 1130 apprehendit
2918 1062 3062 1134 per
3105 1045 3429 1118 modum
3464 1046 3592 1119 bo·

2047 1148 2154 1228 ni,
2252 1154 2332 1223 et
2408 1153 2991 1239 convenientis,
3091 1160 3593 1233 naturaliter

2047 1268 2582 1358 consequitur
2634 1272 2993 1361 quaedam
3037 1273 3445 1358 voluntas,
3508 1281 3590 1350 et

2048 1381 2129 1453 in
2164 1382 2322 1456 ista
2351 1404 2511 1456 non
2552 1387 2933 1461 consistit
2967 1394 3418 1481 peccatum,
3459 1393 3593 1465 sed

2045 1519 2228 1571 eum
2267 1500 2541 1574 hahita
2573 1502 2821 1576 suerit
2849 1504 3351 1588 deliberatio,
3399 1512 3590 1581 tunc

2046 1615 2128 1687 in
2159 1616 2583 1692 voluntate
2609 1620 2825 1692 mala
2848 1621 3231 1696 consistit
3252 1624 3584 1695 malum.

2134 1732 2332 1806 Dico
2400 1737 2676 1808 tamen
2733 1738 2941 1828 quod
2999 1739 3203 1812 tales
3254 1738 3938 1852 inclina-mssgggflaeg

2044 1849 2309 1923 tiones
2377 1871 2538 1924 non
2613 1852 2956 1928 incitant
3018 1856 3903 1939 voluntatem;1umaeem·

2045 1967 2407 2059 quinimo
2456 1970 2841 2044 voluntas
2893 1971 3143 2045 libere
3186 1978 3456 2067 potest
3506 1975 3588 2048 in

2047 2084 2514 2176 oppositum
2559 2085 2805 2171 illius,
2852 2089 2947 2161 ad
2991 2090 3199 2181 quod
3250 2090 3584 2164 inclina-

2044 2203 2209 2283 tur,
2267 2201 2400 2272 sed
2447 2206 2723 2275 tamen
2790 2226 2975 2277 eum
3039 2206 3341 2299 majori
3391 2208 3587 2281 diffi-

2044 2317 2380 2391 cultate.

2134 2434 2351 2507 Tunc
2444 2439 2540 2510 ad
2611 2439 3000 2511 rationes.
3052 2439 3167 2512 Ad
3234 2439 3585 2532 primam
3730 2469 3807 2521 ιο.

2041 2551 2220 2625 dico
2247 2554 2454 2645 quod
2502 2554 2993 2629 Aristoteles
3028 2577 3172 2649 per
3201 2561 3586 2627 continuum
3667 2532 3934 2658 admfff‘

2047 2668 2450 2743 intellexit
2505 2675 2910 2761 contimtum,
2955 2675 3045 2744 ut
3075 2672 3376 2746 dictum
3429 2671 3584 2746 suit
3606 2658 3934 2721 primm&

2048 2784 2123 2857 in
2171 2786 2436 2878 prima
2478 2790 2715 2879 parte
2749 2787 3254 2878 quaestionis.

2135 2903 2248 2975 Ad
2318 2905 2774 2985 secundam,
2840 2909 3190 2996 negatur
3267 2909 3583 2978 antece-

2043 3022 2260 3101 dens,
2300 3019 2486 3111 quia
2521 3020 2788 3113 prima
2830 3041 3080 3093 causa
3104 3043 3189 3093 se
3215 3022 3390 3094 sola
3423 3041 3585 3094 non

2046 3141 2318 3231 potest
2359 3136 2711 3230 aliquem
2746 3137 3125 3212 effectum
3179 3137 3585 3213 immedia-

2040 3259 2123 3327 te
2159 3255 2603 3346 producere
2644 3255 2735 3327 de
2769 3275 3002 3327 novo.

2134 3371 2249 3443 Ad
2277 3371 2636 3452 tertiam,
2683 3390 3160 3444 concessum
3196 3374 3344 3452 est,
3384 3372 3591 3462 quod
3703 3379 3791 3429 Ad
3819 3379 3866 3430 3-

2044 3487 2432 3559 voluntas
2484 3491 2776 3562 nostra
2827 3508 2987 3559 non
3044 3487 3321 3561 subest
3381 3489 3589 3579 regi-

2047 3605 2246 3678 mini
2277 3604 2657 3697 corporis
2692 3603 3091 3685 coelestis;
3137 3623 3422 3675 verum
3466 3606 3590 3677 est

2046 3731 2322 3798 tamen
2355 3722 2562 3813 quod
2594 3740 2897 3812 eorpus
2930 3720 3258 3792 coeleste
3299 3720 3473 3810 agit
3506 3720 3586 3792 in

2044 3842 2554 3913 voluntatem
2606 3841 2979 3910 nostram
3051 3836 3439 3927 quasdam
3478 3836 3588 3919 in-

2045 3955 2556 4034 clinationes,
2589 3951 3127 4025 mediantibus
3148 3951 3435 4042 quibus
3457 3972 3590 4024 vo-

2042 4076 2317 4150 luntas
2361 4073 2842 4155 facilitatur,
2878 4072 3004 4145 vel
3058 4069 3595 4144 difficultatur

3683 2916 3770 2966 Aa
3797 2915 3844 2964 2.

2036 4192 2125 4266 in
2179 4192 2610 4285 operandO.

2151 4309 2265 4381 Ad
2327 4312 2732 4401 quartam,
2795 4306 2972 4378 dico
3035 4305 3245 4398 quod
3301 4303 3589 4377 coelum
3680 4341 3780 4392 M,
3817 4342 3865 4390 ⁴.

2043 4425 2472 4518 cognoscit
2523 4423 3004 4516 inquantum
3064 4424 3442 4493 movetur
3491 4418 3590 4492 ab

2048 4539 2602 4632 Intelligentia
2633 4540 3204 4630 cognoscente.

2134 4659 2248 4732 Ad
2276 4658 2669 4751 quintam,
2703 4659 3043 4736 sextam,
3071 4658 3152 4727 et
3183 4657 3584 4734 octavam,
3643 4681 3752 4731 Λα.
3786 4680 3833 4730 5.
3863 4682 3912 4730 r».

2041 4777 2133 4849 de
2173 4795 2489 4857 errore,
2554 4771 3073 4852 necessitate,
3123 4770 3426 4852 ordine,
3480 4769 3588 4841 di·
3706 4751 3752 4791 ‘³‘
3793 4745 3843 4793 ⁸·

2043 4894 2263 4967 citur
2287 4891 2494 4984 quod
2526 4910 2685 4961 non
2709 4889 3037 4980 oportet
3062 4890 3148 4960 ut
3171 4886 3277 4959 sit
3308 4889 3586 4958 tantus

2045 5010 2269 5089 ordo,
2305 5007 2432 5079 vel
2458 5004 2908 5078 necessitas
2936 5003 3016 5074 in
3044 5002 3226 5076 istis
3254 5002 3589 5094 impres-

2045 5124 2436 5205 sionibus,
2516 5125 2865 5215 quantus
2948 5121 3029 5191 in
3100 5118 3588 5212 corporibus

2043 5240 2529 5319 coelestibus3
2587 5240 2928 5331 propter
2969 5236 3146 5317 hoc,
3195 5234 3402 5327 quod
3432 5254 3593 5306 non

2042 5364 2168 5431 est
2211 5359 2290 5430 in
2324 5357 2507 5431 istis
2549 5351 3106 5433 inferioribus
3146 5349 3594 5442 aliquavir-

2042 5482 2173 5552 tus
2207 5475 2489 5556 libera,
2529 5493 2703 5563 quae
2742 5489 2907 5542 non
2956 5469 3276 5559 regitur
3326 5487 3373 5539 a
3418 5486 3594 5538 cor-

2046 5612 2242 5684 pore
2285 5587 2592 5663 coelesti
2621 5614 2634 5656 :
2663 5590 2742 5658 et
2786 5585 2946 5657 ista
2982 5585 3250 5675 potest
3291 5580 3593 5653 multos

3378 5711 3408 5761 2
