4252 6393
1736 422 2098 518 ouAEsrlo
2146 427 2196 502 v

342 610 456 682 etc.
495 601 770 700 Major
804 610 1029 700 patet
1062 625 1210 697 per
1250 602 1846 696 PerspectiVOS.

346 728 416 797 Et
452 724 725 796 minor
757 727 1126 817 apparet,
1165 721 1350 814 quia
1384 721 1463 792 in
1499 717 1850 812 speculis

344 841 570 934 planis
617 862 750 913 res
811 844 1160 934 apparet
1229 842 1484 917 tanta,
1549 839 1850 927 quanta

344 965 432 1032 est
481 979 627 1051 per
671 980 796 1039 se;
843 978 1031 1029 nam
1075 957 1288 1029 linea
1348 958 1575 1027 recta
1637 954 1852 1026 inter

345 1079 681 1147 extrema
712 1074 1096 1165 imaginis
1121 1078 1245 1147 est
1295 1070 1632 1163 aequalis
1700 1090 1845 1162 per

345 1212 403 1261 se
458 1190 694 1263 lineae
757 1196 1003 1265 rectae
1049 1192 1264 1265 inter
1313 1193 1686 1262 extrema
1730 1185 1849 1259 rei

343 1307 521 1389 visae,
597 1308 812 1382 sicut
889 1313 1116 1401 patet
1199 1307 1278 1379 in
1365 1302 1852 1398 praecedenti

346 1425 788 1515 quaestione.
1492 1493 1502 1500 .

149 1545 327 1594 &wadum
410 1542 786 1622 Secundo,
835 1541 1023 1632 quia
1068 1540 1146 1611 in
1176 1538 1491 1611 visione
1539 1557 1681 1631 per
1731 1556 1847 1607 re-

345 1657 738 1731 flexionem
783 1661 1055 1750 potest
1109 1656 1335 1727 visus
1404 1652 1849 1727 certificari

344 1794 453 1866 per
509 1773 896 1848 intuitum
988 1777 1350 1853 rectum;
1439 1771 1694 1861 igitur
1771 1769 1850 1838 in

344 1890 624 1962 visione
677 1890 982 1983 speculi
1046 1890 1317 1962 minor
1376 1886 1670 1960 accidit
1730 1906 1850 1956 er-

345 2024 475 2077 ror.
510 2007 758 2078 Tenet
791 2003 1396 2096 consequentia.
1460 2005 1558 2075 Et
1635 2004 1851 2073 ante-

343 2123 586 2195 cedens
629 2126 999 2215 apparet,
1042 2121 1229 2214 quia
1272 2118 1688 2212 quantitas
1736 2116 1854 2189 rei

342 2257 468 2309 non
532 2238 1019 2331 percipitur,
1093 2257 1255 2309 non
1333 2234 1849 2329 percipiendo

343 2359 618 2428 certam
707 2354 1328 2448 proportionem
1418 2352 1671 2444 ipsius
1759 2350 1852 2421 ad

346 2472 850 2562 quantitatem
890 2475 1198 2551 notam,
1271 2474 1351 2543 et
1410 2468 1845 2553 famosam;

345 2591 499 2660 tunc
574 2588 832 2678 igitur
908 2586 1015 2659 sit
1084 2585 1357 2676 aliqua
1401 2583 1846 2676 quantitas,

345 2722 485 2793 quae
560 2703 806 2777 istam
883 2702 1288 2774 famosam
1360 2700 1673 2773 excedit
1743 2699 1851 2770 in-

348 2820 849 2901 sensibiliter;
900 2819 1057 2893 isto
1110 2838 1302 2890 casu
1367 2815 1667 2909 posito,
1727 2836 1852 2887 ve-

347 2955 418 3006 ra
489 2936 901 3029 quantitas
990 2934 1234 3026 hujus
1327 2933 1445 3005 rei
1516 2953 1676 3005 non
1720 2952 1851 3024 po-

346 3054 474 3126 test
539 3052 849 3145 percipi
937 3051 1236 3125 intuitu
1326 3053 1579 3131 rect0‚
1664 3047 1852 3140 quia

349 3184 631 3259 semper
663 3165 1173 3260 judicabitur
1214 3164 1554 3258 aequalis
1609 3182 1850 3257 quan-

346 3282 533 3357 titati
565 3285 930 3367 famosae,
986 3290 1066 3359 et
1111 3289 1381 3357 tamen
1431 3282 1510 3354 in
1556 3281 1674 3354 rei
1725 3303 1849 3352 ve-

351 3399 560 3474 ritate
598 3406 724 3476 est
798 3401 1090 3493 major.
1161 3399 1307 3473 Sed
1367 3398 1436 3471 si
1505 3402 1851 3488 utraque

350 3518 722 3606 quantitas
764 3517 1185 3590 videretur
1229 3537 1371 3609 per
1432 3514 1851 3608 speculum

348 3651 781 3716 concavum,
855 3655 1037 3706 cum
1086 3634 1165 3705 in
1228 3632 1368 3705 illo
1423 3653 1552 3703 res
1613 3651 1850 3723 appa-

350 3753 498 3823 reat
573 3752 864 3845 maj0r,
948 3770 1191 3843 quam
1261 3750 1392 3830 sit,
1483 3747 1854 3839 sequitur

351 3866 524 3953 quod
552 3889 932 3941 excessus
969 3867 1122 3940 iste
1159 3870 1428 3959 potest
1453 3884 1854 3958 apparere

352 3981 742 4064 sensibilis,
798 3983 1028 4055 etsie
1070 3982 1247 4074 ejus
1305 4002 1503 4053 vera
1539 3979 1853 4072 quanti·

351 4099 457 4168 tas
483 4099 1120 4192 deprehenditur,
1186 4103 1265 4171 et
1327 4097 1673 4170 habetur
1745 4095 1853 4169 in-

358 4214 654 4288 tentum.

429 4330 703 4414 Tertio,
751 4332 975 4404 visus
1010 4352 1170 4403 non
1216 4335 1485 4424 potest
1526 4350 1848 4402 errare:

364 4441 580 4532 igitur
618 4449 700 4521 in
741 4448 1055 4520 visione
1111 4469 1253 4541 per
1294 4447 1648 4539 specula,
1699 4451 1851 4518 etc.

360 4559 566 4637 Tenet
602 4564 1205 4656 consequentia,
1261 4566 1343 4635 et
1377 4562 1856 4636 antecedens

365 4686 682 4768 apparet,
721 4682 912 4774 quia
961 4688 1205 4753 er'ror
1246 4679 1510 4751 solum
1563 4677 1857 4750 accidit

364 4787 430 4860 in
467 4792 774 4885 judicio,
832 4797 1067 4867 modo
1103 4816 1390 4867 sensus
1423 4793 1856 4868 nonhabet

357 4908 723 5000 judicium,
767 4913 955 5006 quia
997 4913 1076 4985 in
1116 4912 1270 4985 hoc
1301 4912 1626 4985 videtur
1687 4932 1856 4982 sen-

366 5046 480 5098 sus
538 5030 852 5104 differre
928 5029 1029 5102 ab
1107 5028 1554 5110 intellectu,
1627 5027 1756 5100 vel
1815 5051 1855 5102 e

151 4343 179 4392 T
175 4352 322 4403 eruum.

364 5150 631 5220 contra.

164 5283 314 5349 Opposfe.
438 5264 883 5356 Oppositum
962 5262 1346 5355 arguitur
1411 5283 1557 5355 per
1623 5283 1854 5354 expe-

369 5374 724 5456 rientiam.

209 5497 241 5546 ²·
439 5493 570 5569 Pro
641 5497 1095 5592 quaestione
1158 5497 1594 5579 sciendum,
1652 5499 1856 5591 qnod

364 5625 562 5684 error
618 5619 693 5692 in
755 5615 1071 5688 visione
1127 5635 1268 5708 per
1331 5615 1854 5688 reflexionem

3442 427 3555 505 189

1971 607 2238 693 potest
2284 622 2439 673 uno
2484 602 2714 673 modo
2758 602 3126 675 accidere
3169 606 3510 694 propter

1965 718 2130 800 illa,
2194 719 2322 791 vel
2365 719 2691 810 aliquod
2737 718 3094 799 illorum,
3141 739 3240 789 ex
3319 739 3507 810 quo·

1965 855 2149 906 rum
2224 834 2858 927 intemperantia
2923 834 3216 907 accidit
3266 854 3511 906 error

1965 951 2045 1023 in
2080 952 2300 1024 omni
2359 952 2700 1025 visione.
2746 951 2927 1024 Alio
2974 951 3205 1023 modo
3241 955 3512 1044 potest

1965 1068 2443 1159 specialiter
2474 1068 2840 1142 accidere
2872 1088 3120 1140 error
3169 1072 3511 1160 propter

1966 1182 2492 1256 reflexionem
2527 1184 2816 1276 magis,
2855 1203 3096 1276 quam
3122 1183 3508 1258 intuitum

1963 1304 2304 1373 rectum.

2049 1426 2164 1495 De
2231 1423 2499 1515 primo
2546 1424 2777 1496 modo
2830 1423 2937 1498 sit
2987 1424 3254 1516 prima
3321 1443 3505 1496 con·
3575 1443 3854 1517 ‘Error-in

3530 1508 3734 1556 visione
3761 1522 3858 1555 un·

1962 1538 2252 1620 clusi0,
2291 1539 2500 1631 quod
2533 1538 2612 1609 in
2657 1539 2877 1611 omni
2927 1538 3242 1611 visione
3284 1537 3503 1611 facta
3532 1569 3596 1618 ae
3623 1569 3853 1619 accidat.

1965 1674 2109 1747 per
2136 1655 2653 1727 reflexionem
2685 1654 2978 1728 accidit
3003 1674 3244 1726 error
3268 1674 3505 1748 prop·

1965 1773 2094 1842 ter
2137 1770 2859 1863 intemperantiam
2896 1775 3081 1844 octo
3113 1770 3504 1843 circums-

1964 1888 2451 1969 tantiarum,
2494 1909 2669 1979 quae
2714 1892 2901 1962 sunt
2935 1888 3350 1971 distantia,
3408 1888 3507 1959 si·

1964 2004 2119 2083 tus,
2221 2002 2381 2084 lux,
2466 2003 3054 2096 diaphaneitas,
3108 2004 3503 2087 soliditas,

1967 2118 2441 2209 magnitudo
2488 2119 2813 2210 objecti,
2861 2124 3210 2213 tempus,
3255 2124 3337 2194 et
3387 2141 3507 2192 sa-

1963 2234 2180 2309 nitas
2224 2237 2471 2307 visus.
2521 2236 2954 2318 Probatur,
2988 2237 3174 2329 quia
3226 2236 3507 2311 intem-

1969 2352 2346 2442 perantia
2399 2352 2748 2426 istarum
2795 2351 3127 2446 impedit
3189 2358 3507 2426 rectum

1957 2468 2354 2559 judicium
2414 2470 2664 2551 visuS,
2732 2471 3045 2563 qnando
3099 2470 3315 2544 videt
3366 2489 3511 2563 per

1968 2584 2355 2658 intuitum
2440 2590 2797 2667 rectum;
2894 2585 3153 2676 igitur
3249 2586 3508 2659 multo

1964 2702 2291 2784 fortius,
2356 2703 2671 2795 quando
2726 2704 2940 2778 videt
2997 2703 3318 2776 reflexe.
3374 2706 3539 2800 Ter

1965 2825 2101 2894 net
2135 2822 2742 2914 consequentia,
2781 2822 2968 2914 quia
3006 2821 3269 2894 minus
3303 2822 3507 2894 vide·

1965 2942 2102 3012 tur
2144 2940 2353 3030 quod
2405 2939 2834 3032 impediret
2895 2939 3283 3013 intuitum
3343 2960 3507 3013 rec-

1966 3059 2165 3137 tum,
2260 3076 2501 3147 quam
2595 3056 3009 3129 reflexum.
3117 3057 3504 3140 SecundO,

1967 3175 2238 3264 potest
2300 3172 2638 3265 probari
2702 3194 2846 3266 per
2914 3172 3509 3266 experientiam

1968 3283 2449 3369 inducendo;
2526 3309 2714 3361 nam
2776 3295 3116 3381 propter
3167 3289 3508 3362 nimiam

1962 3402 2438 3477 distantiam
2528 3405 2742 3478 Solis
2813 3426 2859 3477 a
2922 3406 3280 3499 speculo,
3347 3426 3512 3478 non

1964 3520 2687 3613 comprehenditur
2791 3541 2988 3593 vera
3092 3523 3509 3614 quantitas

1966 3637 2204 3709 Solis.
2254 3623 2657 3712 Similiter
2713 3645 3058 3733 propter
3107 3640 3507 3715 defectum

1962 3753 2598 3846 diaphaneitatis
2723 3755 2994 3838 medii,
3129 3777 3508 3830 erramus

1968 3871 2442 3962 quandoque
2529 3870 2620 3942 de
2697 3871 2974 3944 colore
3045 3871 3503 3965 judicando,

1968 3986 2442 4078 quandoque
2492 3988 2583 4060 de
2627 3988 3203 4079 magnitudine,
3268 4009 3509 4082 quan-

1966 4104 2223 4193 ‹loque
2255 4103 2345 4174 de
2387 4104 2678 4194 figura.
2710 4107 2827 4175 Ex
2861 4126 3014 4196 quo
3052 4110 3274 4198 patet
3306 4107 3513 4198 quod

1970 4218 2064 4290 ad
2107 4218 2258 4290 hoc
2303 4221 2509 4310 quod
2567 4219 2709 4294 fiat
2752 4225 3068 4294 rectum
3112 4222 3509 4315 judicium

1967 4334 2059 4405 ‹le
2133 4354 2241 4416 re,
2312 4356 2555 4426 quam
2613 4335 2837 4408 visus
2909 4337 3123 4410 videt
3185 4338 3506 4420 reflexe,

1974 4449 2430 4541 requiritur
2525 4452 3072 4543 temperantia
3178 4453 3509 4526 illarum

1974 4571 2157 4639 octo
2194 4568 2956 4660 temperantiarum,
2996 4569 3314 4644 scilicet
3350 4593 3511 4644 res-

1974 4684 2208 4772 pectu
2243 4679 2589 4753 visibilis
2625 4683 2719 4754 ad
2754 4684 3197 4774 speculum,
3229 4691 3308 4761 et
3344 4707 3511 4779 spe·

1969 4795 2130 4866 culi
2176 4796 2271 4867 ad
2310 4795 2577 4868 visum
2612 4801 3015 4871 nostrum.

2059 4912 2241 4985 Alio
2289 4914 2520 4985 modo
2554 4914 2850 4988 accidit
2885 4936 3129 4989 error
3171 4924 3515 5012 propter

1971 5028 2494 5102 reflexionem
2523 5032 2792 5123 posito
2827 5033 3080 5106 adhuc
3115 5037 3321 5127 quod
3353 5036 3513 5109 illae

1969 5145 2623 5221 circumstantiae
2670 5148 2832 5222 sint
2875 5155 3394 5244 temperatae;
3432 5158 3514 5228 et

1969 5262 2118 5337 hoc
2187 5269 2455 5356 potest
2518 5265 2884 5338 accidere
2966 5269 3046 5339 in
3107 5275 3504 5360 quatuor:

1969 5379 2236 5472 primo
2273 5380 2352 5452 in
2392 5380 2696 5463 colore,
2738 5385 3084 5456 secundo
3131 5383 3209 5456 in
3271 5407 3512 5478 quan·

1971 5501 2235 5584 titate‚
2276 5502 2527 5577 tertio
2574 5503 2653 5575 in
2717 5504 3005 5596 figura,
3078 5511 3157 5579 et
3211 5515 3508 5598 quarto

1969 5618 2048 5690 in
2093 5619 2280 5697 situ.
