4252 6393
827 465 843 484 ἱ

719 465 849 534 §Ob

721 641 894 684 num.
925 631 980 682 7.
1005 631 1064 683 et
1092 629 1146 681 8.
1180 629 1240 682 et
1274 627 1337 681 in
1373 626 1420 679 ¹1.
1454 622 1595 678 dist.
1631 622 1720 677 4¹1.
1766 624 1983 691 quaest.
2050 620 2256 685 unica,

721 740 892 782 num.
927 727 1008 780 10.
1043 724 1268 780 asserit
1299 722 1666 787 accidentia,
1726 736 1866 792 qme
1915 719 2073 775 flunt
2121 719 2259 773 sine

721 830 909 889 motu,
945 827 1009 879 ut
1059 823 1296 887 lumen,
1357 825 1418 876 et
1468 821 1826 884 relationes,
1889 833 2064 889 posse
2124 832 2259 870 esse

720 923 900 993 plura
933 921 1123 976 simul
1158 922 1222 975 in
1254 916 1469 975 eodem
1493 917 1789 986 subJectO.
1821 914 2049 970 Deinde
2082 912 2259 969 docet

720 1023 785 1075 in
817 1021 870 1074 3.
909 1020 1037 1075 loco
1065 1019 1270 1081 citam,
1308 1031 1478 1072 num.
1519 1019 1575 1070 7.
1629 1012 1791 1085 quod
1853 1012 1954 1067 hic
2015 1011 2260 1076 asserit,

723 1133 840 1173 non
873 1132 1056 1189 posse
1086 1116 1326 1172 scilicet
1349 1111 1630 1170 eamdem
1654 1112 2070 1183 quantitatem
2104 1109 2264 1164 alte-

725 1217 852 1273 rari
883 1215 960 1272 ad
990 1216 1207 1286 plures
1264 1213 1601 1285 qualitates
1660 1208 1941 1280 eiusdem
2003 1208 2265 1265 rationis

722 1313 911 1370 simul
970 1310 1318 1382 habendas;
1353 1314 1412 1366 et
1442 1309 1749 1366 rationem
1783 1305 1993 1362 reddit
2029 1304 2263 1361 ibidem

723 1426 917 1482 quare
948 1409 1012 1466 id
1044 1425 1163 1467 non
1197 1409 1391 1481 possit
1421 1407 1556 1462 fleri
1594 1419 1707 1477 per
1740 1406 2037 1461 virtutem
2071 1417 2269 1472 agen-

722 1511 801 1568 tis
833 1511 1157 1566 naturaliS.
1193 1508 1436 1563 Virtute
1467 1509 1672 1562 tamen
1695 1502 1913 1560 divina
1936 1503 2077 1559 fleri
2113 1500 2266 1559 dicit

724 1625 846 1667 non
876 1621 1255 1678 repugnare,
1288 1604 1452 1677 quod
1482 1598 1669 1661 etiam
1704 1603 1804 1659 hic
1839 1617 2010 1660 num.
2042 1604 2097 1657 6.
2135 1617 2269 1657 ma-

723 1707 1015 1763 nifestius
1047 1705 1340 1761 affirmat.
1376 1704 1568 1759 Circa
1617 1701 2055 1758 difficultatem
2105 1698 2268 1756 hanc

723 1805 918 1860 variae
978 1807 1125 1859 sunt
1183 1804 1511 1858 Doctorum
1571 1800 1917 1872 opinioneS,
1979 1796 2267 1869 quaedam

725 1907 1044 1967 extremae,
1077 1900 1221 1956 alia}
1255 1899 1498 1965 mediae,
1533 1911 1688 1969 quas
1720 1896 1795 1953 ad
1827 1898 2131 1970 quinque,
2164 1895 2269 1951 vel

723 2016 830 2058 sex
861 2000 1107 2056 reducit
1164 1997 1393 2053 Suarez
1426 2002 1575 2054 tom.
1631 1998 1681 2052 1.
1717 1997 1983 2068 Metaph.
2018 1994 2178 2066 disp.
2212 1995 2267 2050 5.

724 2104 875 2156 sect.
909 2100 963 2154 8.

505 2306 553 2354 ⁴.
815 2264 1123 2337 sivero
1169 2281 1630 2354 quaeramus
1682 2261 1773 2331 de
1823 2259 2135 2333 unitate
2187 2261 2269 2332 et

379 2366 667 2477 D‘ssssffiffi·
721 2378 1313 2451 numerositate
1347 2374 1882 2449 accidentium
1912 2373 2269 2466 ejusdem

725 2493 1048 2588 speciei,
1087 2515 1296 2565 nunc
1329 2493 1535 2573 dico,
1574 2489 1780 2582 quod
1812 2508 2098 2561 eorum
2135 2508 2268 2558 nu-

408 2491 648 2564 ejusdem

381 2565 693 2616 spectetnon

435 2621 655 2688 r0³⁸3¹²²t
727 2611 1188 2690 morositas,
1225 2615 1306 2683 et
1340 2607 1772 2681 multitudo
1805 2626 1964 2677 non
2002 2608 2268 2697 potest

382 2692 492 2725 esse
518 2674 683 2724 Simul

408 2739 674 2849 inbepdem
725 2725 985 2816 accipi
1042 2723 1475 2797 secundum
1527 2720 2129 2801 diversitatem,
2190 2721 2270 2790 et

409 2808 662 2863 ‘mem'
733 2839 1329 2916 multitudinem
1405 2842 1735 2913 actuum
1812 2835 2270 2908 existentia}

733 2958 810 3029 in
878 2957 1152 3029 eodem
1231 2956 1594 3048 subjecto
1659 2983 1671 3024 :
1748 2957 1830 3025 ut
1908 2955 2270 3026 dicamus

725 3072 921 3142 duas
984 3071 1383 3142 albedines
1437 3069 1518 3141 in
1558 3069 1832 3139 eodem
1878 3067 2268 3158 subjecte,

726 3188 956 3281 quasi
986 3189 1186 3261 duos
1220 3185 1616 3261 terminos
1658 3165 2014 3257 duarum*
2042 3204 2272 3275 gene·

725 3307 1166 3387 rationum,
1250 3304 1398 3376 hoc
1467 3301 1683 3389 enim
1729 3307 1853 3375 est
1907 3301 2273 3393 impossi-

722 3421 907 3504 bile,
948 3422 1236 3493 saltem
1271 3420 1546 3512 agenti
1581 3418 1940 3491 naturali
1999 3445 2012 3487 2
2067 3421 2269 3497 tum,

726 3540 913 3631 quia
947 3539 1157 3613 sicut
1202 3538 1372 3609 duze
1414 3538 1673 3619 linear,
1723 3536 1791 3608 si
1845 3534 2088 3608 simul
2141 3556 2273 3627 ap-

727 3655 1137 3749 plicentur
1190 3653 1621 3725 secundum
1660 3651 1883 3723 illam
1919 3654 2266 3742 partem,

726 3792 882 3863 qua
932 3769 1226 3843 habent
1273 3770 1622 3841 similem
1655 3765 2265 3848 dimensionem,

727 3886 1031 3960 faciunt
1069 3905 1307 3957 unam
1352 3883 1679 3963 lineam;
1728 3882 1843 3954 sic
1876 3882 2030 3953 duo
2066 3879 2270 3952 aeci-

722 4004 991 4078 dentia
1021 4004 1375 4097 ejusdem
1409 4000 1730 4093 speciei,
1769 4000 1834 4071 si
1870 3999 2270 4092 applicen-

726 4125 865 4192 tur
902 4120 1145 4195 simul
1180 4140 1361 4190 cum
1397 4116 1644 4189 simili
1682 4117 1938 4198 modo,
1978 4119 2064 4187 ut
2098 4134 2270 4208 per·

724 4236 997 4310 {iciant
1040 4236 1511 4328 subjectum,
1559 4254 1717 4305 non
1766 4234 2070 4307 faciunt
2113 4232 2270 4303 nisi

725 4373 966 4425 unam
1031 4351 1638 4445 perfectionem.
1697 4353 1921 4431 Tum,
1972 4350 2159 4442 quia
2205 4349 2272 4419 si

725 4490 1022 4561 corpus
1057 4468 1355 4541 habens
1398 4467 1842 4540 albedinem
1896 4472 2108 4548 actu,
2156 4488 2272 4537 es-

731 4590 853 4658 set
904 4586 1338 4658 secundum
1383 4584 1587 4656 idem
1641 4584 1716 4657 in
1771 4584 2129 4676 potentia
2178 4583 2272 4653 ad

730 4697 1197 4780 albedinem,
1253 4703 1441 4773 tunc
1501 4697 1741 4771 simul
1782 4702 1998 4770 esset
2055 4701 2267 4777 actu,

731 4817 807 4886 et
873 4815 1234 4907 potentia
1299 4818 1672 4907 respectu
1730 4814 2128 4906 ejusdem,
2192 4816 2271 4885 et

731 4931 845 5005 sic
899 4937 1112 5013 actu,
1185 4936 1265 5005 et
1323 4951 1482 5004 non
1534 4935 1748 5002 actu.
1805 4932 2030 5007 Tum,
2089 4929 2273 5021 quia

726 5070 975 5142 agens
1034 5050 1411 5124 naturale
1473 5067 1630 5119 non
1679 5047 1878 5137 agit,
1925 5044 2083 5117 nisi
2130 5065 2274 5137 per

726 5165 1504 5241 transmutationem
1563 5170 1644 5238 et
1705 5168 2059 5236 motum:
2128 5181 2271 5233 nec

727 5287 1064 5373 generat
1124 5293 1395 5361 unum,
1463 5280 1619 5351 nisi
1675 5277 2271 5370 corrumpendo

723 5398 938 5470 aliud
991 5425 1003 5467 :
1061 5417 1203 5469 nec
1267 5395 1729 5488 corrumpit
1778 5414 2049 5474 unum,
2114 5392 2272 5463 nisi

724 5516 1179 5605 generando
1210 5513 1448 5585 aliud.
1489 5516 1837 5604 Propter
1870 5510 2076 5603 quod
2111 5530 2274 5581 om-

725 5646 865 5701 nes
923 5627 1495 5723 corruptiones
1564 5629 1642 5698 et
1702 5624 2271 5720 generationes

1897 460 1996 521 DE
2042 457 2307 521 RERUM
2352 454 2742 521 PlllNCll‘lO

2370 618 2791 691 naturales
2835 624 3021 692 sunt
3052 641 3149 690 ex
3192 617 3663 700 contrariis,
3717 627 3792 694 et
3831 622 3896 693 in

2372 736 2821 817 contraria,
2887 742 2973 810 ut
3006 737 3306 810 dicitur
3340 740 3400 808 1.
3442 740 3714 824 Plcysic.
3753 751 3894 804 eeaet.

2372 856 2480 922 33.
2564 854 2853 925 Album
2924 853 3137 924 enim
3210 855 3645 926 secundum
3715 854 3901 945 quod

2376 968 2869 1061 hujusmodi,
2954 975 3401 1059 generatur
3476 992 3573 1042 ex
3648 972 3897 1062 nigro,

2374 1089 2497 1158 vel
2551 1109 2650 1159 ex
2693 1108 2853 1159 non
2904 1086 3085 1159 albo
3131 1113 3146 1156 ι
3198 1087 3397 1158 unde
3439 1107 3741 1179 eorpus
3784 1087 3902 1159 ha-

2375 1203 2568 1277 bens
2609 1203 3079 1283 albedinem,
3143 1224 3304 1276 non
3349 1208 3472 1278 est
3528 1206 3608 1278 in
3652 1208 3904 1297 poten·

2378 1319 2494 1392 tia
2529 1319 2774 1392 simul
2806 1320 2901 1390 ad
2934 1320 3185 1392 aliam
3227 1319 3699 1392 albedinem.

2468 1438 2630 1510 Nec
2689 1440 2813 1510 est
2875 1437 3296 1520 instantia,
3365 1438 3571 1529 quod
3613 1437 3907 1530 species
3949 1454 4127 1517 objectio.

2377 1554 2721 1626 duarum
2781 1554 3237 1627 albedinum
3304 1555 3547 1627 simul
3600 1559 3783 1627 sunt
3841 1555 3910 1627 in
3972 1536 4129 1586 ΜΨ·

2384 1674 2676 1765 puncto
2745 1671 2962 1744 aeris
3022 1697 3037 1753 ;
3094 1671 3307 1764 quia,
3378 1677 3462 1744 ut
3534 1672 3913 1764 probatur

2382 1789 2460 1860 in
2496 1789 3041 1881 Perspectiva,
3089 1788 3495 1881 quodlibet
3538 1792 3910 1882 punctum

2378 1905 2812 1998 cujuslibet
2894 1906 3199 1979 coloris
3278 1906 3772 2000 multiplicat
3837 1927 3911 1976 sc

2381 2021 2478 2093 ad
2508 2022 2915 2112 quodlibet
2972 2026 3360 2116 punctum
3412 2023 3648 2095 medii
3686 2049 3701 2092 :
3742 2021 3910 2114 quia

2379 2139 2589 2211 tales
2630 2141 3126 2214 intentiones
3167 2141 3322 2214 etsi
3357 2142 3909 2218 numerantur,

2381 2253 2533 2328 hoc
2576 2259 2696 2328 est
2735 2277 2880 2349 per
2913 2258 3304 2347 origineS,
3344 2278 3391 2329 a
3424 2257 3711 2350 quibus
3751 2276 3918 2330 con-

2381 2369 2605 2443 tinue
2636 2372 3100 2464 dependent,
3139 2393 3299 2445 non
3336 2373 3665 2466 proprie
3688 2393 3736 2444 a
3760 2370 3918 2444 sub-

2375 2487 2621 2576 jecto.
2692 2489 2857 2561 Nee
2922 2488 3243 2561 intendo
3304 2488 3571 2562 dicere
3630 2487 3780 2559 hoc
3835 2487 3915 2557 de

2383 2606 2594 2685 Deo;
2644 2604 3026 2696 quoniam
3076 2607 3319 2687 Deus,
3369 2604 3504 2697 qui
3555 2625 3716 2676 non
3758 2603 3917 2693 agit

2385 2740 2531 2812 per
2571 2722 3378 2801 transmutationem,
3436 2742 3579 2793 nec
3627 2719 3918 2793 inducit

2389 2857 2633 2907 unuin
2712 2839 3306 2930 corrumpendo
3387 2838 3637 2919 aliud,
3718 2837 3922 2909 forte
3990 2831 3993 2834 ’

2384 2951 2580 3024 duas
2628 2953 3030 3025 albedines
3080 2975 3424 3027 numero
3470 2953 3924 3026 differentes

2388 3074 2667 3162 posset
2709 3070 2950 3141 simul
2998 3070 3266 3143 faeere
3309 3071 3390 3143 in
3444 3070 3721 3143 eodem
3762 3067 3924 3140 sub·

2378 3185 2600 3278 jecto
2636 3212 2651 3254 :
2692 3187 2822 3259 sed
2854 3187 2945 3258 de
2977 3191 3268 3279 agente
3300 3186 3689 3270 naturali,
3729 3185 3927 3280 quod

2388 3303 2467 3375 in
2522 3304 2926 3397 principio
2977 3311 3102 3380 est
3160 3306 3555 3379 dissimile
3614 3310 3692 3378 et
3751 3324 3926 3377 eon-

2385 3422 2740 3493 trarium
2834 3443 3114 3514 passo,
3192 3424 3272 3496 in
3356 3424 3511 3495 fine
3586 3420 3928 3495 actionis

2388 3534 2677 3619 simile,
2723 3538 2872 3610 hoc
2922 3539 3124 3612 dice.

2478 3654 2708 3736 Item,
2753 3656 3142 3738 videmus,
3195 3657 3398 3749 quod
3444 3657 3597 3729 duo
3640 3658 3928 3750 puncta
4048 3653 4094 3703 ⁵·

2384 3787 2547 3840 non
2614 3776 2951 3863 possunt
2993 3794 3173 3844 esse
3231 3773 3473 3844 simul
3528 3773 3607 3845 in
3656 3772 3923 3845 eodem

2386 3884 2775 3977 subjecto,
2816 3887 3005 3979 quin
3039 3889 3202 3963 sint
3237 3911 3482 3961 unum
3521 3893 3921 3981 punctum,

2384 4022 2526 4073 nec
2568 4000 2739 4074 duae
2777 4004 3005 4077 lineae
3051 4033 3065 4077 ε
3117 4028 3316 4097 ergo
3360 4007 3744 4080 similiter
3787 4025 3925 4076 nec

2382 4117 2553 4189 duae
2603 4119 3031 4192 albedines.
3093 4123 3263 4194 Imo
3316 4122 3528 4195 sicut
3574 4143 3714 4194 nec
3757 4123 3925 4194 duae.

2387 4234 2823 4324 qualitates
2885 4239 3330 4311 contrariae
3379 4244 3713 4329 possunt
3751 4256 3924 4310 esse

2386 4349 2629 4422 simul
2666 4352 2744 4423 in
2776 4355 3054 4426 eodem
3103 4355 3490 4448 subjecto,
3538 4356 3692 4428 nisi
3746 4355 3926 4426 mis-

2385 4469 2749 4547 ceantur,
2798 4468 2911 4539 sic
2967 4489 3107 4541 nee
3151 4470 3322 4541 duae
3364 4470 3720 4561 ejusdem
3752 4490 3925 4562 spe·

2384 4578 2536 4651 eiei
2604 4605 2617 4648 :
2684 4582 2847 4654 imo
2900 4588 3229 4675 oportet
3292 4586 3499 4677 quod
3543 4585 3928 4657 miscean-

2384 4698 2548 4777 tur,
2599 4701 2674 4769 et
2719 4697 3023 4772 saciant
3076 4721 3316 4772 unam
3373 4702 3636 4794 magis
3681 4702 3923 4773 inten-

2387 4833 2586 4885 sam.

2479 4934 2507 5003 Ι
2520 4934 2708 5013 toln,
2745 4933 2896 5006 hoc
2936 4940 3155 5027 patet
3192 4958 3333 5028 per
3362 4960 3762 5007 communem
3790 4940 3927 5025 opi·
3951 4959 4077 5010 nanc
4100 4948 4186 5013 opi-

2386 5051 2673 5127 nionem,
2732 5070 2886 5140 qua
2936 5051 3259 5125 habitus
3324 5053 3566 5126 infusi
3637 5018 4186 5148 pennu-”ffffl

2387 5162 2523 5231 tur
2554 5163 2865 5253 augeri,
2906 5169 2990 5237 ut
3025 5166 3413 5251 charitaS‚
3470 5169 3672 5261 -quia
3714 5165 3925 5262 poni·
3968 5159 4069 5256 ἒξ,
4180 5152 4185 5167 ⁴

2387 5279 2547 5357 tur,
2586 5279 2791 5368 quod
2823 5287 3228 5372 augeatur
3264 5305 3407 5376 per
3446 5284 3923 5358 additionem
3973 5266 4121 5400 {¹255

2383 5394 2733 5488 alicujus
2774 5398 3130 5491 ejusdem
3177 5401 3472 5494 speciei
3525 5429 3539 5472 :
3601 5423 3794 5494 ergo
3848 5400 3919 5472 si

2388 5509 2574 5582 talis
2616 5512 2938 5596 additio,
3004 5516 3127 5588 vel
3171 5518 3755 5607 augmentatio,
3795 5518 3917 5587 est

2388 5627 2822 5719 possibilis,
2900 5631 3423 5706 manifestum
3490 5639 3648 5717 est,
3721 5630 3917 5728 quod

4187 4398 4189 4501 l
