4252 6393
172 1450 233 1502 19.

1760 461 2121 538 QUAES'rlo
2167 464 2298 526 vul

370 645 502 697 seu
545 623 1035 717 specificum.
1083 625 1183 696 Et
1232 641 1413 696 cum
1462 622 1783 696 additur
1825 623 1905 694 in

370 741 688 833 maj0ri,
755 741 961 833 quod
1027 740 1375 813 materia
1419 744 1543 814 est
1607 761 1749 812 ens
1820 740 1901 813 in

368 857 752 954 potentia,
834 878 1121 930 verum
1190 862 1315 931 est
1380 859 1471 930 de
1555 858 1905 931 materia

367 975 692 1047 omnino
731 974 1021 1067 prima,
1057 995 1218 1046 non
1248 975 1340 1047 de
1374 975 1514 1046 illa
1548 995 1721 1066 quae
1779 980 1904 1049 est

366 1091 815 1183 subjectum
909 1090 1493 1180 generationis,
1607 1091 1905 1165 sufficit

340 1208 565 1299 .quod
608 1212 890 1282 careat
945 1207 1086 1281 illo
1141 1212 1352 1290 actu,
1393 1207 1526 1300 qui
1579 1212 1703 1281 est
1748 1212 1904 1281 ter-

340 1325 628 1397 minus
665 1325 884 1398 illius
919 1326 1501 1417 generationis.

450 1443 676 1524 Quod
718 1443 1065 1516 secundo
1106 1443 1432 1524 dicitur,
1479 1443 1687 1534 quod
1730 1442 1903 1515 sub-

354 1560 664 1651 jectum
737 1560 1292 1650 generationis
1335 1566 1461 1635 est
1506 1581 1666 1634 non
1731 1581 1897 1641 ens,

361 1696 642 1748 verum
677 1681 829 1758 est,
870 1681 958 1751 ut
1000 1697 1147 1770 per
1186 1701 1321 1746 non
1361 1702 1474 1746 ens
1525 1677 1904 1770 privatur

361 1794 495 1868 illa
532 1795 866 1876 entitas,
911 1816 1088 1886 quae
1128 1797 1252 1866 est
1323 1796 1723 1868 terminus
1776 1816 1901 1887 ge-

356 1916 810 1989 nerationis
847 1941 861 1996 ;
903 1916 1102 1987 unde
1146 1916 1600 2007 subjectum
1669 1937 1900 2006 gene-

358 2031 703 2103 rationis
765 2031 1328 2104 substantialis
1393 2037 1618 2105 caret
1682 2033 1901 2106 omni

338 2148 623 2221 -forma
659 2149 1047 2229 naturali,
1102 2170 1278 2242 quae
1312 2171 1458 2243 per
1513 2153 1897 2223 naturam

355 2266 751 2347 educitur,
806 2286 965 2338 non
997 2266 1211 2339 aliis.

919 2465 1321 2523 SCHOLIUM.

419 2617 528 2673 Ait
566 2615 669 2673 hic
725 2616 937 2673 Scotus
978 2616 1302 2673 materiam
1346 2630 1460 2688 per
1508 2632 1572 2674 se
1604 2633 1725 2675 non
1766 2634 1901 2676 esse

350 2714 838 2785 cognoscibilem
870 2730 904 2771 a
938 2715 1136 2781 nobis,
1169 2713 1278 2770 sed
1309 2716 1373 2770 in
1405 2714 1626 2771 ordine
1663 2716 1739 2771 ad
1774 2717 1902 2773 sor-

358 2827 520 2869 mam
553 2828 741 2885 quam
763 2814 990 2870 amittit
1036 2819 1095 2871 et
1114 2814 1387 2885 acquirit
1432 2815 1671 2870 ratione
1710 2816 1903 2871 nimi-

350 2926 491 2968 rum
524 2911 968 2968 alterationum
991 2916 1052 2968 et
1081 2914 1517 2978 mutationum,
1560 2927 1700 2983 quae
1733 2914 1902 2969 circa

352 3014 552 3083 ipsam
585 3010 772 3080 flunt3
808 3009 970 3083 quod
1002 3011 1239 3067 clarius
1269 3010 1442 3068 docet
1466 3013 1529 3066 in
1550 3014 1603 3067 2.
1638 3010 1779 3069 dist.
1818 3013 1902 3070 12.

349 3127 408 3184 q.
445 3113 495 3167 1.
516 3114 570 3176 §-
606 3109 741 3163 Dico
771 3111 970 3176 iqitur,
1004 3112 1151 3179 quod
1179 3114 1421 3164 materia
1440 3128 1453 3163 :
1474 3110 1578 3166 ubi
1601 3109 1754 3168 dicit
1775 3125 1907 3167 ma-

350 3211 575 3268 teriam
607 3223 760 3265 vere
795 3224 872 3266 ex
904 3224 967 3264 se
1009 3223 1145 3265 esse
1185 3210 1697 3278 cognoscibilem,
1741 3211 1905 3277 Quia,

352 3309 580 3381 inquit,
614 3308 776 3362 habet
819 3310 879 3360 in
921 3308 1024 3363 Deo
1063 3309 1269 3374 ideam,
1302 3315 1350 3362 et
1398 3315 1474 3363 est
1511 3312 1715 3364 entitas
1745 3310 1907 3363 abso-

350 3409 502 3479 luta3
540 3422 652 3463 non
704 3412 891 3460 tamen
945 3421 979 3457 a
1021 3408 1176 3460 nobis
1223 3411 1593 3475 coynoscitur,
1654 3409 1769 3462 nisi
1807 3422 1907 3476 per

349 3506 887 3559 transmutationem
915 3505 1270 3576 sormarum;
1307 3521 1480 3575 nequo
1502 3509 1651 3561 enim
1671 3509 1909 3575 sormas’

348 3620 464 3672 ‹111ae
489 3608 626 3657 sunt
658 3605 836 3670 maqis
866 3605 1275 3674 coynoscibiles‚
1311 3609 1359 3658 et
1389 3605 1639 3658 sensibus
1666 3608 1905 3675 propin-

348 3704 594 3771 quiores,
626 3704 1022 3770 coynoscimm,
1057 3704 1173 3756 nisi
1201 3718 1265 3755 ea·
1292 3704 1531 3757 illarum
1562 3706 1905 3772 operationi-

347 3800 465 3864 bus,
516 3801 694 3853 multo
748 3800 938 3852 minus
983 3802 1280 3853 materiam
1312 3815 1346 3853 a
1375 3803 1622 3854 sensibus
1654 3806 1906 3855 remotio-

348 3913 489 3968 rem,
521 3899 639 3952 nisi
665 3912 766 3965 per
791 3900 1116 3964 formarum
1158 3901 1678 3956 transmutationes.
1715 3899 1905 3955 Simi-

349 3993 497 4053 liter
526 3994 680 4052 dicit
709 3996 774 4051 in
805 3996 859 4051 3.
894 3994 1037 4052 dist.
1061 3999 1151 4052 22.
1177 4000 1396 4067 quaest.
1434 3998 1482 4053 1.
1508 4004 1562 4065 §-
1604 4000 1686 4053 Ad
1705 4014 1903 4053 secun-

347 4093 480 4148 dum
511 4108 651 4148 cum
681 4094 912 4148 dicitur.

435 4247 663 4329 Quod
696 4247 947 4321 tertio
979 4248 1305 4330 dicitur,
1358 4250 1533 4322 dico
1577 4270 1735 4322 non
1776 4255 1901 4324 est

350 4364 660 4437 scibilis
708 4383 852 4457 per
913 4364 1289 4446 formam,
1349 4366 1494 4437 sub
1550 4386 1706 4457 qua
1747 4372 1896 4449 est,

349 4479 874 4562 immobilem,
911 4480 1044 4552 sed
1069 4501 1215 4573 per
1245 4481 1469 4553 illam
1532 4482 1626 4554 ad
1659 4503 1900 4574 quam

349 4597 628 4677 tendit,
682 4602 763 4670 et
796 4616 941 4689 per
983 4596 1205 4669 illam
1277 4618 1517 4688 quam
1558 4599 1894 4679 amittit,

351 4718 436 4788 ut
533 4713 771 4787 docet
870 4712 1408 4806 Philosophus
1481 4719 1542 4787 1.
1626 4720 1893 4804 Plzysic.

351 4842 507 4898 text.
544 4832 656 4902 69.
702 4832 1009 4918 Subjecta
1038 4832 1063 4916 (
1088 4829 1390 4921 inquit)
1429 4847 1676 4901 natura
1714 4835 1901 4901 scibi-

353 4948 434 5014 lis
471 4959 567 5014 est
622 4948 985 5014 secundum
1041 4950 1451 5035 analoqiam.
1497 4952 1682 5016 Sicut
1723 4953 1901 5017 enim

352 5064 438 5130 ad
473 5076 763 5132 statuam
812 5086 922 5144 ωε,
962 5077 1080 5131 aut
1128 5064 1218 5131 ad
1266 5066 1573 5133 lectulum
1617 5068 1895 5153 liynum,

354 5193 465 5247 aut
512 5183 807 5248 aliorum
846 5182 1124 5268 aliquod
1181 5183 1563 5249 habentium
1609 5185 1902 5266 sormam

358 5298 422 5362 in
446 5301 735 5365 materia
764 5309 824 5364 et
865 5300 1157 5383 informe
1184 5321 1251 5364 sc
1281 5300 1471 5365 habel
1508 5302 1902 5386 priusquam

356 5416 644 5500 accipiat
684 5417 1001 5498 sormam,
1045 5416 1146 5481 sic
1184 5417 1334 5502 ipsa
1388 5438 1456 5482 se
1484 5416 1574 5482 ad
1610 5416 1903 5483 substan·

359 5529 517 5593 tiam
552 5530 769 5609 habet,
827 5533 981 5601 etc.
1038 5529 1210 5603 ideo
1261 5529 1465 5610 dico,
1514 5531 1718 5622 quod
1777 5534 1903 5603 est

362 5644 703 5717 materia
736 5646 1107 5728 secundo,
1164 5648 1456 5740 primo,
1502 5653 1582 5722 et
1626 5647 1899 5729 tertio,

3482 462 3597 528 375

1998 626 2095 696 et
2130 622 2244 695 sic
2284 623 2656 715 deinceps
2700 624 2992 716 prima.
3037 625 3258 697 Voce
3294 629 3564 699 autem

2019 739 2455 812 materiam
2519 740 2785 833 prime
2843 740 3220 833 primam,
3269 741 3566 830 subjec-

2002 857 2187 928 tam
2247 858 2672 949 quamdam
2745 861 3061 950 partem
3102 857 3563 949 compositi.

2016 971 2444 1047 habentem
2497 979 2770 1048 actum
2821 975 2911 1045 de
2955 995 3037 1045 se
3083 974 3411 1047 omnino
3457 973 3564 1045 in-

2015 1089 2646 1163 determinatum
2683 1095 3056 1183 respectu
3082 1091 3563 1164 determina-

2018 1206 2268 1279 tionis
2326 1206 2761 1298 cujuslibet
2801 1207 3113 1287 formae,
3170 1207 3404 1299 cujus
3438 1226 3561 1280 ac-

2016 1323 2355 1398 tualitas
2388 1329 2513 1397 est
2547 1325 3004 1397 immediate
3040 1345 3290 1417 prope
3331 1324 3556 1408 nihil,

2017 1461 2109 1513 ac
2147 1439 2467 1532 perhoc
2512 1441 2872 1520 minima,
2918 1441 3232 1512 nullum
3285 1445 3560 1514 actum

2014 1557 2329 1640 formae,
2375 1557 2502 1629 vel
2545 1557 3136 1653 substantialis
3189 1558 3314 1630 vel
3356 1558 3562 1630 acci-

2013 1672 2357 1746 dentalis
2428 1672 2725 1745 habens
2797 1674 2874 1746 in
2953 1694 3098 1745 sua
3163 1674 3552 1755 essentia,

2013 1809 2158 1862 nec
2222 1790 2300 1862 in
2357 1810 2504 1862 sua
2545 1790 2849 1863 actuali
2907 1790 3368 1873 existentia,
3417 1812 3560 1884 per

2014 1926 2252 1998 quem
2313 1911 2585 1980 actum
2655 1907 3124 1981 formaliter
3191 1913 3374 1981 actu
3454 1909 3560 1981 sit

2010 2044 2153 2096 ens
2189 2025 2579 2116 quoddam
2611 2028 2848 2098 extra
2879 2025 3106 2104 nihil,
3157 2024 3288 2096 sed
3330 2025 3559 2097 illum

2000 2146 2287 2214 actum
2333 2140 2571 2214 habet
2613 2160 2660 2211 a
2698 2142 2866 2214 Deo
2927 2141 3369 2222 efficiente;
3435 2161 3558 2214 ac-

2013 2263 2186 2332 tum
2256 2277 2453 2330 vero
2524 2258 2797 2339 talem,
2841 2258 2970 2330 vel
3026 2259 3299 2338 talem,
3366 2263 3558 2350 puta

2011 2375 2414 2458 coelicum,
2487 2374 2612 2446 vel
2686 2378 3139 2457 terrenum,
3214 2374 3452 2448 habet
3511 2396 3558 2447 a

2010 2492 2305 2572 forma,
2355 2511 2500 2583 per
2531 2510 2799 2582 quam,
2844 2495 2925 2564 et
2967 2511 3149 2563 cum
3192 2510 3349 2583 qua
3383 2493 3556 2563 sub-

2012 2608 2235 2682 sistit
2279 2606 2359 2680 in
2410 2607 2896 2700 composite.
2964 2608 3133 2681 Ista
3193 2608 3559 2700 potentia

1998 2724 2313 2798 dicitur
2347 2723 2638 2816 prima,
2679 2723 2867 2815 quia
2900 2725 3126 2796 nulla
3156 2729 3281 2798 est
3313 2724 3553 2806 ratic,

2013 2840 2141 2912 vel
2207 2841 2508 2913 entitas
2578 2842 3020 2922 creaturae,
3092 2841 3224 2912 cui
3292 2840 3559 2913 minus

2015 2957 2706 3029 communicatum
2751 2957 2858 3029 sit
2897 2957 2989 3029 de
3021 2955 3389 3037 entitate,
3428 2958 3560 3030 sed

2015 3076 2189 3166 ejus
2231 3073 2531 3149 entitas
2572 3074 3169 3148 determinatur
3200 3078 3280 3148 et
3329 3075 3559 3166 perfi-

2015 3193 2235 3291 citur
2286 3213 2431 3285 per
2484 3211 2803 3264 omnem
2845 3190 3092 3263 aliam
3135 3190 3560 3265 actualita-

2017 3314 2243 3384 tem:
2303 3309 2461 3383 ista
2527 3313 2835 3390 autem,
2910 3309 3201 3382 saltem
3282 3309 3559 3381 ordine

2016 3432 2370 3509 naturae,
2441 3425 2823 3520 praecedit
2891 3427 3245 3519 primum
3305 3427 3558 3501 deter-

2018 3546 2360 3625 minans,
2399 3548 2485 3618 ut
2527 3564 2720 3617 cera
2753 3549 2939 3618 ante
2981 3565 3170 3617 suas
3220 3546 3554 3635 figuras.

2103 3662 2428 3736 Dicitur
2487 3665 2759 3734 autem
2818 3666 3040 3751 primo
3075 3665 3323 3751 prima,
3372 3662 3560 3753 quia
3696 3680 3775 3755 eo·
3827 3744 3836 3753 ‚

2017 3778 2386 3872 quamvis
2431 3777 2592 3849 sint
2653 3777 2930 3851 multae
2974 3777 3341 3850 materiae
3405 3777 3559 3869 pri·
3611 3742 3878 3878 ιῖἦιὲῗεῖἒὲ·

1998 3917 2166 3969 ,11139
2221 3896 2298 3968 in
2361 3914 2655 3985 genere
2726 3915 2900 3975 suo,
2967 3914 3244 3966 omnes
3287 3881 3898 3979 tamenP”⁸’,’,²,‘.',3⁹'²·

2015 4014 2655 4105 praesupponunt
2733 4010 3001 4090 istam,
3073 4016 3153 4084 et
3202 4011 3561 4104 aliquam

2012 4128 2581 4203 actualitatem
2623 4128 2936 4207 formae,
2991 4147 3137 4220 per
3170 4148 3408 4219 quam
3462 4127 3560 4200 si-

2016 4246 2179 4318 mul
2238 4245 2739 4318 naturaliter
2800 4244 2979 4318 istae
3046 4249 3233 4317 sunt
3301 4245 3558 4318 deter-

2017 4363 2341 4435 minatae
2407 4362 2774 4434 materiae
2821 4365 3194 4453 respectu
3254 4360 3561 4453 aliquo-

2014 4499 2198 4550 rum
2261 4478 2702 4569 agentium.
2771 4479 3129 4551 Secundo
3180 4478 3338 4550 etsi
3399 4478 3561 4551 sint

2013 4595 2299 4687 primae
2347 4595 2422 4665 in
2487 4615 2633 4667 suo
2697 4613 3017 4684 genere,
3081 4598 3558 4667 nontamen

2010 4711 2526 4802 simpliciter,
2572 4710 2698 4781 vel
2759 4710 3024 4803 primo
3072 4710 3382 4803 primae.
3429 4711 3559 4783 Di-

2011 4827 2231 4901 citur
2262 4831 2534 4899 autem
2571 4826 2726 4899 ista
2779 4826 3129 4899 materia
3158 4832 3379 4915 primo
3410 4831 3560 4917 pri-

2012 4969 2152 5026 ma,
2230 4944 2417 5035 quia
2484 4948 2571 5017 ut
2631 4943 2823 5017 talis
2901 4945 3108 5016 nuda
3187 4949 3555 5037 accepta,

2012 5083 2173 5135 non
2210 5066 2477 5155 potest
2518 5082 2695 5133 esse
2729 5060 3181 5154 subjectum
3214 5061 3560 5153 alicujus

2013 5179 2275 5252 creati
2343 5179 2684 5269 agentis,
2746 5183 2834 5251 ut
2891 5178 3293 5251 videbitur
3353 5178 3431 5249 in
3488 5182 3554 5251 5.

2013 5294 2401 5373 articulo,
2475 5293 2606 5365 sed
2668 5293 2933 5365 solum
2991 5294 3307 5383 agentis
3375 5294 3558 5366 sim-

2013 5410 2340 5504 pliciter
2385 5410 2651 5501 pri1ni,
2690 5409 3000 5483 scilicet
3031 5410 3200 5483 Dei.
3615 5489 3755 5543 Quid
3782 5490 3852 5538 sit

2100 5529 2424 5603 Dicitur
2500 5534 2772 5602 autem
2854 5529 3200 5602 materia
3276 5533 3559 5598 secundo
3611 5553 3844 5601 materia

2008 5652 2260 5738 prium,
2317 5667 2492 5739 quae
2543 5651 2667 5720 est
2724 5646 3175 5738 subjectum
3228 5666 3556 5739 genera-
3611 5615 3841 5742 ⁸223&
