4252 6393
470 3980 552 4032 23.

385 4047 652 4099 Quomodo

354 4124 410 4156 se
438 4122 660 4171 coquos-

355 4172 427 4219 σὶι
457 4171 649 4220 anima

358 4234 630 4285 intuitione.

716 388 834 451 562

709 556 877 624 tam
945 551 1173 625 novit
1242 551 1554 634 anima,
1618 571 1856 643 quam
1919 574 2002 623 se
2065 581 2077 623 :
2142 552 2254 624 nil

704 668 878 741 dico
922 672 1241 741 tantum
1286 667 1538 749 novit,
1597 674 1989 760 quantum
2027 691 2110 742 sc
2142 691 2256 741 es-

704 807 811 857 se.
871 785 1068 868 Quid
1118 790 1391 858 autem
1444 786 1751 861 fuerint
1810 786 1926 859 illi
1992 792 2249 867 actus,

702 924 860 974 non
905 907 1070 976 tam
1104 904 1802 977 certitudinalitcr
1834 905 2059 978 novit
2092 906 2255 977 ani-

706 1041 859 1102 ma,
925 1021 1134 1093 sicut
1195 1025 1424 1094 certo
1488 1020 1715 1095 novit
1768 1022 1974 1112 quod
2037 1025 2249 1104 sunt,

704 1137 828 1210 vel
875 1138 1149 1213 insunt
1210 1166 1224 1208 ι
1290 1143 1370 1213 et
1420 1139 1608 1231 quia
1666 1161 1810 1233 per
1864 1141 2255 1232 cognitio-

706 1276 889 1327 nem
932 1255 1136 1346 quod
1191 1258 1378 1328 sunt
1419 1260 1651 1329 actus
1701 1255 1850 1337 sui,
1897 1257 2118 1331 venit
2177 1257 2255 1328 in

708 1372 1255 1464 cognitionem
1298 1372 1420 1445 sui
1466 1373 1671 1464 quod
1723 1377 1872 1454 est,
1928 1392 2086 1445 non
2142 1374 2255 1444 ita

707 1489 1397 1562 certitudinaliter
1453 1489 1683 1564 novit
1742 1489 2013 1561 anima
2070 1490 2253 1581 quid

706 1607 855 1686 est,
895 1603 1104 1678 sicut
1147 1606 1352 1698 quod
1392 1609 1540 1687 cst,
1591 1605 1713 1676 vel
1768 1605 1848 1677 in
1891 1626 2034 1676 suo
2070 1625 2253 1678 cor-

712 1741 908 1813 pore
973 1727 1122 1795 est.
1196 1722 1636 1814 Cognoscit
1713 1743 1911 1812 crgo
1985 1722 2252 1815 primo

708 1841 1042 1930 aspectu
1079 1859 1268 1910 suos
1303 1844 1536 1912 actus
1572 1837 2010 1912 interiores
2045 1860 2247 1919 csse,

704 1960 786 2029 et
833 1955 1118 2038 inesse,
1173 1957 1286 2028 ita
1332 1957 1537 2048 quod
1584 1955 1721 2029 isti
1775 1959 2033 2037 actus,
2081 1955 2253 2027 abs-

707 2093 856 2162 quc
893 2071 1113 2144 omni
1156 2072 1419 2165 specie
1451 2076 1637 2145 sunt
1672 2072 1887 2145 ratio
1921 2091 2254 2162 cognos-

705 2188 957 2271 cendi,
1014 2190 1217 2281 quod
1264 2189 1438 2281 ipsa
1470 2191 1592 2262 est
1644 2188 1891 2262 ctiam
1947 2189 2024 2260 in
2076 2208 2253 2260 cor-

711 2326 930 2399 pore.
991 2307 1286 2380 Postea
1345 2305 1807 2380 considerat
1865 2305 2253 2379 conditio-

706 2445 888 2496 nem
922 2429 1275 2506 actuum,
1315 2424 1498 2515 quid
1543 2423 1729 2504 sint,
1776 2445 1930 2515 quo
1982 2423 2254 2514 cogni-

705 2541 817 2622 to,
883 2540 1302 2631 cognoscit
1363 2539 1547 2631 quid
1601 2538 1707 2613 sit
1762 2539 2149 2632 potentia,
2206 2560 2253 2611 a

707 2676 863 2747 qua
903 2661 1136 2730 actus
1189 2656 1575 2748 procedit,
1632 2657 1820 2748 quia
1872 2655 2253 2749 spiritua-

705 2773 804 2846 lis
865 2779 945 2848 ct
1006 2774 1607 2854 immaterialis,
1656 2775 1866 2849 sicut
1942 2779 2066 2848 cst
2126 2795 2250 2847 ac-

704 2894 839 2963 tus
883 2919 898 2964 :
955 2891 1069 2964 ita
1113 2896 1201 2966 ut
1253 2892 1519 2985 prima
1560 2892 1859 2965 notitia
1909 2892 2091 2983 quid
2147 2891 2250 2963 sit

705 3013 962 3089 actus,
1028 3009 1132 3082 sit
1196 3009 1346 3081 sibi
1409 3008 1623 3083 ratio
1675 3009 1974 3101 absque
2032 3010 2252 3081 omni

706 3126 973 3220 specie
1033 3125 1594 3217 cognoscendi,
1650 3127 1833 3219 quid
1897 3126 2070 3219 ipsa
2115 3126 2246 3200 sit.

706 3242 903 3324 Quid
944 3243 1192 3315 etiam
1247 3244 1411 3317 sint
1460 3248 1719 3325 actus,
1765 3243 2016 3315 ctiam
2070 3264 2251 3334 cog-

703 3360 969 3433 noscit
1030 3359 1463 3451 arguitivc‚
1539 3381 1685 3453 per
1749 3360 2250 3433 conditiones

704 3476 1002 3567 absque
1056 3476 1274 3549 omni
1317 3476 1579 3569 specie
1624 3504 1638 3547 :
1692 3476 1768 3548 in
1822 3475 1996 3548 sola
2036 3477 2251 3548 cnim

705 3592 1174 3683 cognitione
1233 3592 1612 3666 intuitiva
1667 3593 1758 3664 dc
1810 3616 1894 3664 se
1951 3593 2251 3684 indiget

709 3710 972 3802 specie
1028 3730 1416 3803 expressa
1486 3710 1575 3780 de
1636 3732 1744 3790 se,
1811 3713 1896 3784 ut
1966 3709 2250 3783 statim

703 3826 1043 3898 dicetur.

796 3945 1137 4033 Cognito
1197 3963 1398 4033 crgo
1447 3944 1629 4034 quid
1688 3944 1797 4017 sit
1855 3944 2245 4036 potentia,

706 4061 1233 4151 cognoscitur
1258 4060 1714 4132 substantia
1747 4062 2038 4132 animm
2067 4060 2250 4152 quid

708 4176 811 4248 sit
856 4204 869 4246 :
921 4176 1293 4250 intuitive
1338 4198 1421 4248 se
1466 4176 1784 4269 aspicit,
1830 4178 2015 4248 dum
2071 4198 2154 4247 sc
2204 4196 2252 4245 a

706 4292 1022 4373 formiS,
1093 4295 1169 4364 et
1241 4292 1731 4383 imaginibus
1802 4291 2250 4386 corporali-

705 4409 848 4479 bus
881 4408 1308 4482 abstrahit.
1359 4410 1581 4482 Hanc
1624 4413 1892 4481 autem
1943 4408 2250 4482 intuiti-

701 4545 887 4596 vam
929 4525 1480 4615 cognitionem
1517 4525 1666 4605 sui,
1705 4529 1781 4597 et
1826 4525 2249 4598 habituum

698 4640 872 4731 ejus
933 4642 1137 4732 (quac
1197 4644 1320 4714 cst
1381 4640 1563 4713 sinis
1617 4640 1874 4714 totius
1919 4640 2247 4732 inquisi-

697 4758 945 4831 tionis
986 4760 1323 4853 inceptse
1357 4761 1454 4831 ab
1487 4759 1830 4847 actibus)
1874 4762 2067 4850 puto
2113 4759 2247 4829 fic-

698 4878 768 4949 ri
826 4898 967 4970 per
1013 4878 1362 4970 speciem
1418 4876 1919 4949 differentem
1974 4876 2071 4946 ab
2122 4897 2247 4947 ac-

696 4997 809 5075 tu,
875 4995 985 5069 ita
1023 4996 1229 5086 quod
1273 4993 1547 5066 anima
1581 4994 1818 5066 unica
1851 4993 2247 5083 cognitio-

695 5132 790 5181 ne
827 5110 1210 5183 intuitiva
1253 5132 1337 5182 sc
1378 5113 1456 5182 ct
1522 5131 1712 5181 suos
1754 5108 2076 5181 habitus
2121 5131 2249 5181 co-

693 5227 1014 5315 gnoson
1065 5249 1207 5320 per
1248 5227 1626 5320 speciem,
1682 5246 1842 5297 non
1899 5225 2248 5318 impres-

693 5367 865 5417 sam
907 5347 1238 5438 proprie
1289 5348 1505 5431 (nam
1552 5343 1693 5415 illa
1732 5343 2034 5415 dicitur
2084 5365 2247 5415 res-

698 5466 926 5555 pectu
969 5483 1242 5534 rerum
1276 5461 1929 5533 extrinsecarum
1969 5482 2242 5531 sccun-

693 5580 876 5653 dum
946 5580 1263 5651 modum
1318 5583 1627 5652 tactum
1677 5577 1750 5647 in
1799 5580 2242 5669 przuccdon·

1867 391 1968 452 ΠΕ
2015 389 2278 453 RERUM
2326 389 2714 454 PRINCIPIO

2371 552 2428 625 ti
2475 555 2953 645 quaestione)
3009 556 3142 626 scd
3204 576 3346 648 per
3413 576 3891 648 expressam,

2369 692 2611 762 quam
2646 694 2743 744 ex
2782 672 3220 746 reflexione
3256 675 3642 767 suiipsius
3677 697 3900 768 supra

2369 809 2452 858 sc
2484 788 2897 880 exprimit,
2929 790 3138 863 sicut
3193 791 3654 864 intellectus
3678 810 3899 883 agens

2368 924 2465 974 cx
2499 905 3037 979 conversione
3082 906 3206 978 sui
3251 928 3500 1000 supra
3545 907 3899 1002 phantas-

2373 1027 2617 1104 mata,
2681 1023 3090 1098 abstrahit
3148 1025 3499 1118 speciem
3544 1026 3926 1126 intelligi-0

2368 1138 2648 1221 bilem,
2729 1143 2809 1213 et
2881 1139 2960 1211 in
3041 1141 3463 1214 intellectu
3556 1143 3900 1236 possibili

2372 1256 2621 1348 ponit.
2654 1259 2752 1330 Et
2786 1256 2936 1330 hoc
2966 1258 3286 1332 videtur
3314 1260 3619 1333 sentire
3656 1261 3906 1332 Anscl-

2371 1392 2547 1443 mus
2595 1372 2671 1444 in
2738 1373 3036 1446 Monoi.
3094 1395 3270 1467 cap.
3343 1379 3453 1448 31.
3517 1380 3724 1445 Nulla
3779 1377 3902 1465 (in-

2371 1488 2571 1579 quit)
2636 1494 2901 1558 ratione
2956 1496 3197 1580 neqari
3246 1507 3485 1581 polest,
3541 1517 3686 1561 cum
3745 1517 3908 1561 mens

2367 1608 2733 1674 rationalis
2780 1630 2848 1673 se
2906 1609 3121 1695 ipsam
3168 1612 3528 1697 coqitcmdo
3567 1612 3904 1698 intelliyit,

2369 1723 2730 1808 imaqinem
2806 1724 3020 1810 ipsius
3089 1727 3275 1790 nasci
3335 1728 3408 1793 in
3477 1729 3904 1813 coyicatione;

2370 1841 2502 1903 imo
2544 1840 2759 1926 ipsam
2808 1842 3279 1927 coqitationcm
3329 1843 3439 1908 sui
3494 1864 3627 1909 esse
3677 1845 3907 1929 ἱππαρί-

2368 1976 2545 2021 nem.

2457 2069 2717 2161 Hujus
2779 2071 3213 2163 positionis
3271 2075 3393 2144 est
3436 2072 3911 2146 Aristotcles

2374 2185 2448 2256 in
2482 2188 2545 2254 3.
2584 2188 2664 2253 dc
2695 2190 2963 2267 Anima,
3002 2200 3161 2255 tcoec.
3200 2211 3363 2256 com.
3404 2190 3510 2260 15.
3558 2187 3762 2259 unde
3804 2186 3910 2258 ait

2369 2304 2993 2375 Commentator
3036 2322 3287 2395 supra
3330 2303 3550 2375 illud.
3602 2307 3689 2370 Ec
3730 2306 3909 2370 imel-

2370 2420 2655 2506 liqibileze
2690 2422 2859 2486 sicut
2901 2422 3237 2487 intellecta
3292 2448 3313 2486 .·
3358 2420 3694 2487 dubitavit
3731 2421 3912 2486 Aris-

2370 2536 2593 2601 totcles
2622 2535 2704 2601 de
2746 2537 3085 2602 intellectu
3136 2538 3502 2615 materiali,
3548 2548 3772 2602 utrum
3811 2536 3910 2599 in-

2367 2654 2661 2718 tellectus
2691 2677 2775 2717 ea:
2814 2675 2886 2717 eo
2927 2663 3019 2718 cst
3060 2655 3202 2739 ipsc
3234 2655 3625 2728 intellectu-5,
3666 2676 3759 2719 an
3786 2652 3911 2718 ali-

2367 2791 2492 2855 quo
2521 2769 2661 2834 alio
2700 2768 2919 2848 ηιοιὶο,
2954 2779 3013 2834 el
3047 2769 3290 2855 incipit
3325 2768 3700 2846 decla-rare,
3754 2767 3914 2856 quod

2366 2897 2458 2949 cst
2492 2885 2898 2949 intellectum
2918 2905 3041 2970 per
3071 2885 3509 2950 intentionem
3567 2886 3641 2951 in
3686 2907 3783 2966 σο,
3832 2886 3913 2949 si·

2365 3013 2471 3066 cul
2509 3003 2667 3067 ale‘oe
2699 3023 2802 3066 res
2832 3002 3205 3066 intelleclce.

2458 3116 2537 3189 Si
2579 3137 2776 3188 vcro
2833 3116 3154 3189 dicatur
3214 3117 3419 3207 quod
3467 3116 3746 3189 anima
3800 3120 3916 3188 est
3971 3123 4168 3240 Οὐξίο-

2369 3236 2520 3308 sibi
2569 3257 2955 3329 praesens,
3010 3240 3089 3309 et
3141 3235 3463 3309 habitus
3519 3242 3713 3311 sunt
3774 3234 3916 3308 sibi
4015 3207 4103 3299 da?

2372 3360 2817 3447 przrscntes
2855 3380 2868 3434 ;
2911 3374 3109 3446 crgo
3144 3375 3304 3426 non
3340 3360 3675 3448 oportet
3720 3352 3920 3447 quod

2372 3475 2723 3565 ponatur
2780 3473 3114 3565 specics.
3183 3474 3413 3553 Item,
3459 3477 3583 3546 cst
3630 3472 3788 3544 sibi
3831 3471 3921 3541 si-

2370 3588 2610 3670 milis,
2686 3610 2936 3681 quare
2994 3609 3153 3659 non
3225 3591 3551 3681 oportet
3624 3608 3925 3681 ponere

2368 3706 2716 3798 speciem
2789 3706 2881 3776 ad
2956 3704 3596 3779 assimilandum.
3690 3710 3922 3783 Item,

2367 3828 2490 3895 est
2535 3823 2670 3893 lux
2718 3821 3202 3915 spiritualis,
3260 3843 3352 3895 ac
3381 3844 3522 3916 per
3564 3822 3722 3896 hoc
3760 3842 3924 3915 spc-

2367 3939 2486 4011 cie
2529 3960 2687 4011 non
2721 3943 2927 4027 eget,
2995 3939 3206 4012 sicut
3247 3960 3388 4010 nec
3424 3938 3921 4032 corporalis.

2454 4057 2893 4128 Dicendum
2955 4056 3045 4127 ad
3114 4055 3516 4128 rationem
3577 4056 3675 4128 de
3731 4076 3922 4149 prm·
3975 4062 4164 4175 Solxgo·

2367 4175 2654 4255 sentia,
2686 4175 2890 4266 quod
2925 4175 3114 4248 licet
3139 4176 3436 4257 anima,
3473 4178 3552 4248 et
3589 4174 3924 4246 habitus

2369 4290 2622 4383 ipsius
2683 4291 2974 4363 anima}
3018 4291 3182 4364 sint
3241 4290 3391 4362 sibi
3438 4293 3923 4383 praesentes,

2367 4430 2514 4502 pro
2589 4430 2682 4479 eo
2755 4409 2961 4499 quod
3030 4428 3184 4480 non
3243 4407 3544 4482 distant
3619 4408 3727 4479 ab
3804 4425 3923 4483 ea,

2366 4527 2635 4596 tamen
2714 4543 2871 4593 non
2944 4524 3131 4594 sunt
3231 4521 3380 4599 sibi
3472 4526 3930 4615 prsesontes

2368 4640 2445 4711 in
2510 4639 2828 4712 ratione
2888 4637 3494 4729 cognoscibilis,
3532 4639 3697 4711 nisi
3746 4658 3928 4709 cam

2368 4758 2784 4835 1novcant;
2818 4755 3021 4846 quod
3058 4754 3372 4845 quidem
3393 4775 3549 4825 non
3576 4757 3935 4846 possunt

2368 4869 2658 4950 facore,
2705 4870 2861 4941 nisi
2902 4889 3043 4962 per
3075 4868 3377 4960 aliquid
3425 4870 3932 4949 immissum,

2365 4985 2487 5055 vel
2524 5005 3031 5077 expressum,
3071 4984 3272 5075 quod
3295 4988 3419 5057 cst
3454 4984 3810 5076 specics,
3852 4988 3935 5054 ut

2368 5103 2650 5176 statim
2685 5101 3024 5175 dicotur.
3080 5103 3301 5183 Quod
3333 5101 3662 5182 dicitur,
3728 5099 3939 5194 quod

2363 5225 2487 5293 ost
2531 5220 2679 5291 sibi
2718 5218 3051 5300 similis3
3088 5216 3506 5290 dicendum
3543 5218 3767 5308 quod
3813 5218 3937 5288 est

2367 5338 2515 5409 sibi
2562 5335 2878 5415 similis,
2921 5335 3108 5407 licet
3172 5333 3627 5427 improprie
3682 5359 3698 5402 ε
3744 5334 3939 5425 quia

2365 5455 2811 5527 similitudo
2917 5457 3040 5525 ost
3152 5472 3427 5523 rerum
3544 5448 3936 5524 disseren-

2368 5572 2568 5644 tium
2636 5571 2907 5641 oadom
2953 5568 3388 5660 qualitato;
3446 5566 3739 5639 anima
3805 5589 3937 5638 au-
