4252 6393
131 3697 356 3871 ἓξὲξ
382 3737 549 3809 elici
586 3758 834 3810 causa
875 3734 1374 3828 apparentia·
1409 3732 1714 3805 coloris
1757 3732 1896 3804 Iri-

139 3834 149 3844 *
236 3839 256 3870 ⁸
299 3838 358 3872 ’Ἱ-

198 3887 268 3936 aas.

1676 413 2043 492 QUAEsTio
2096 412 2220 475 vm
3436 412 3556 481 203

385 578 443 651 si
505 579 581 651 in
623 569 806 652 loco
869 597 1181 659 manuS,
1243 577 1371 648 vel
1422 574 1623 666 ligni
1668 594 1906 666 pona-

383 704 501 772 tur
577 698 794 770 aliud
880 717 1024 768 vas
1111 696 1492 770 continue
1585 695 1904 787 plenum

381 835 593 908 aqua,
650 821 842 889 tunc
909 814 1362 887 reflectitur
1429 812 1701 883 lumen
1763 831 1906 903 per

380 956 451 1004 se
488 934 578 1004 ad
623 931 872 1005 situm
915 930 1574 1007 determinatum,
1625 932 1703 999 et
1745 947 1904 998 non

378 1050 458 1120 ad
497 1048 933 1141 quemlibet
1004 1047 1251 1120 situm
1313 1044 1899 1123 indifferentcr;

376 1171 444 1237 et
482 1171 668 1238 tunc
715 1164 1120 1258 perquirit
1163 1165 1442 1237 oculus
1501 1161 1685 1234 hinc
1732 1160 1906 1233 int‘e

381 1285 568 1355 situs
609 1282 1006 1363 diversos,
1068 1283 1318 1352 donec
1391 1278 1748 1350 inveniat
1807 1278 1906 1349 si-

378 1406 557 1481 tum,
649 1400 744 1469 ad
832 1418 1067 1490 quem
1146 1400 1488 1490 apparet
1575 1395 1904 1467 reflexio

379 1515 573 1589 talis.
623 1517 725 1588 Et
758 1534 1004 1587 causa
1046 1514 1286 1586 datur
1326 1533 1424 1584 ex
1473 1510 1651 1591 hoc,
1699 1510 1906 1602 quod

378 1653 681 1724 semper
749 1631 1095 1720 angulus
1168 1629 1618 1702 incidentiae
1675 1627 1906 1701 debet

378 1770 536 1820 esse
579 1747 921 1838 aequalis
1017 1746 1316 1836 angulo
1389 1743 1898 1823 reflexionis;

379 1886 546 1938 nam
628 1865 901 1936 lumen
989 1864 1376 1935 reflexum
1452 1883 1498 1933 a
1576 1859 1903 1954 speculo

379 1983 890 2055 uniformiter
955 2001 1118 2052 non
1187 1984 1528 2073 apparet
1599 1979 1692 2050 ad
1763 1976 1903 2049 ali-

379 2121 592 2191 quem
638 2100 913 2179 situm,
969 2097 1124 2169 nisi
1168 2097 1262 2168 ad
1320 2116 1556 2187 quem
1630 2094 1903 2167 radius

376 2220 686 2291 veniens
731 2239 776 2290 a
824 2218 1230 2290 luminoso
1294 2214 1746 2287 reflectitur
1790 2235 1902 2286 se-

376 2335 704 2405 cundum
765 2333 1149 2423 angulum
1205 2328 1598 2422 aequalem
1660 2344 1904 2418 angu-

377 2452 468 2531 lo,
557 2452 986 2524 secundum
1066 2468 1302 2540 quem
1394 2447 1726 2519 incessit
1808 2447 1904 2517 ad

381 2590 705 2661 opacum
750 2568 1202 2640 reflectens

456 2686 835 2766 Secund0‚
884 2688 1105 2776 patet
1148 2683 1311 2755 alia
1364 2682 1898 2774 experientia,

376 2805 549 2894 quia
584 2802 954 2895 capiatur
982 2800 1292 2873 vitrum
1337 2799 1657 2891 plenum
1695 2818 1904 2890 aqua

375 2942 608 3013 super
648 2939 1033 3000 mensam,
1089 2936 1231 3010 per
1282 2918 1484 3009 quod
1535 2921 1904 2990 transeat

375 3039 633 3109 radius
672 3035 1028 3117 luminis,
1090 3034 1157 3107 si
1203 3038 1429 3106 retro
1484 3033 1560 3104 in
1616 3032 1902 3103 umbra

374 3153 560 3227 vitri
629 3157 979 3247 ponatur
1049 3151 1465 3245 speculum
1554 3147 1899 3241 politum

375 3276 446 3344 et
506 3277 840 3349 tersum,
927 3268 1381 3344 reflectitur
1448 3266 1681 3338 color
1758 3286 1899 3359 per

378 3411 450 3458 se
534 3390 620 3460 ad
716 3388 966 3459 situm
1055 3385 1725 3461 determinatum,
1817 3385 1897 3455 et

379 3525 606 3578 causa
649 3510 773 3578 est
817 3505 1092 3575 eadem
1156 3521 1334 3573 cum
1381 3498 1891 3592 praecedenti.

465 3624 570 3692 Ex
638 3621 819 3695 istis
887 3616 1584 3712 suppositionibus
1630 3619 1897 3707 potest

379 3854 508 3932 dis,
575 3856 757 3948 quia
823 3854 1092 3927 radius
1162 3851 1491 3925 luminis
1566 3849 1895 3922 veniens

379 3989 419 4040 a
493 3973 660 4045 Sole
738 3973 833 4043 ad
918 3970 1207 4041 nubem
1288 3966 1564 4040 incidit
1650 3987 1896 4056 super

379 4087 707 4180 aliquam
760 4092 1105 4179 guttam,
1154 4105 1329 4176 quae
1397 4089 1521 4157 est
1571 4083 1893 4175 diapha·

377 4224 543 4277 num
602 4207 979 4300 spissum,
1039 4205 1162 4276 vel
1213 4205 1580 4282 densum;
1638 4203 1894 4292 igitur

379 4341 507 4411 per
590 4324 941 4416 primam
1029 4320 1715 4413 suppositionem,
1813 4320 1891 4391 in

379 4440 635 4513 umbra
685 4441 924 4514 istius
979 4443 1229 4528 guttae
1281 4437 1706 4531 apparebit
1766 4457 1890 4508 co-

380 4554 527 4637 lor;
584 4563 660 4631 et
705 4579 850 4650 per
909 4557 1339 4628 secundam
1402 4554 1890 4648 suppositio·

380 4691 558 4754 nem,
644 4675 710 4746 si
800 4675 881 4745 in
957 4675 1242 4745 umbra.
1316 4673 1456 4745 illa.
1540 4675 1891 4763 ponatur

380 4807 644 4880 corpus
728 4792 1177 4872 reflectens,
1252 4789 1727 4866 reflectitur,
1810 4790 1889 4859 et

381 4909 767 4995 apparebit
811 4909 1044 4981 color
1084 4906 1533 4981 consimilis
1596 4905 1883 4986 colori,

383 5021 499 5108 qui
563 5026 1074 5124 apparuisset
1135 5025 1212 5096 in
1282 5024 1566 5096 umbra
1636 5027 1886 5110 guttae

385 5135 648 5224 prioris
754 5141 928 5212 sine
991 5141 1478 5220 rellexione3
1553 5145 1632 5212 et
1700 5140 1888 5229 quia

380 5250 459 5319 de
517 5254 716 5331 facto
786 5260 912 5328 est
992 5256 1096 5327 ibi
1167 5259 1398 5344 gutta
1458 5275 1712 5346 aquae,
1792 5275 1886 5324 eo

383 5372 554 5455 quod
589 5378 844 5464 guttae
910 5377 1095 5445 sunt
1157 5371 1600 5465 separatim
1665 5391 1888 5462 spar-

383 5504 496 5562 sae,
544 5512 713 5583 quae
783 5495 1016 5582 gutta
1083 5494 1208 5563 est
1278 5489 1696 5581 speculum
1771 5509 1886 5558 re-

383 5600 655 5694 gulare,
701 5612 783 5683 et
836 5607 1265 5692 uniforme,
1330 5605 1699 5702 sequitur
1745 5625 1888 5702 per

2021 573 2354 647 tertiam
2420 573 3091 666 suppositionem,
3166 576 3373 668 quod
3439 599 3568 650 co-

2022 690 2150 761 lor
2211 691 2690 771 reflectitur,
2746 712 2905 763 non
2977 692 3071 764 ad
3132 692 3568 784 quemlibet

2022 807 2297 889 situm,
2371 809 2505 879 sed
2573 810 2668 881 ad
2726 809 3079 903 aliquem
3138 810 3385 884 situm
3443 813 3566 884 de-

2020 926 2582 1007 terminatum,
2654 932 2735 1001 et
2803 926 3155 1020 aliquem
3216 948 3414 1010 non;
3485 933 3568 1004 et

2023 1042 2234 1117 sicut
2295 1043 2680 1130 arguitur
2737 1045 2828 1116 de
2870 1065 3029 1116 una
3090 1048 3348 1136 gutta,
3423 1066 3569 1138 per

2022 1181 2265 1250 quam
2338 1161 2614 1235 incidit
2677 1161 2948 1233 radius
3029 1161 3384 1244 luminis,
3452 1162 3566 1235 ita

2023 1282 2293 1369 potest
2361 1278 2597 1369 argui
2650 1280 2741 1351 de
2817 1280 2980 1351 alia
3032 1299 3560 1373 quacumque.

2109 1397 2229 1467 Ex
2291 1416 2447 1486 quo
2504 1401 2724 1488 patet
2774 1398 2865 1469 de
2897 1398 3382 1490 apparentia.
3437 1418 3563 1471 00-

2021 1511 2292 1583 lorum
2377 1510 2638 1596 Iridis,
2724 1518 2803 1587 et
2873 1533 3123 1605 quare
3207 1513 3564 1606 ejusdem

2019 1628 2284 1720 partis
2362 1627 2593 1700 nubis
2680 1630 2913 1702 color
2977 1651 3140 1703 non
3220 1638 3563 1724 apparet

2020 1744 2577 1819 indifferenter
2628 1747 2721 1817 ad
2777 1748 3214 1839 quemlibet
3282 1749 3556 1822 situm.

2020 1864 2120 1935 Et
2154 1863 2362 1954 quod
2406 1863 2518 1936 ita
2562 1863 2669 1937 sit
2712 1864 3107 1956 probatur
3141 1886 3285 1958 per
3326 1867 3563 1959 quod-

2016 1980 2198 2051 dam
2270 1979 2619 2070 signum,
2682 1980 2947 2073 primo
3028 1984 3235 2073 quod
3324 1982 3394 2054 si
3462 2003 3562 2055 ex

2021 2095 2398 2187 opposito
2488 2097 2701 2169 Solis
2784 2104 3230 2190 poneretur
3298 2121 3557 2181 mons,

2018 2217 2157 2285 aut
2198 2213 2492 2303 cange,
2539 2218 2679 2288 aut
2720 2215 2968 2287 nubes
3028 2237 3187 2289 non
3230 2238 3564 2292 conver-

2020 2350 2106 2401 sa
2153 2330 2230 2402 in
2265 2334 2568 2422 guttas,
2598 2335 2788 2404 tunc
2822 2352 2982 2405 non
3006 2339 3347 2426 apparet
3373 2336 3558 2420 Iris,

2020 2447 2230 2520 sicut
2294 2453 2515 2540 patet
2592 2450 3122 2543 experientia.
3188 2452 3421 2525 Aliud
3464 2454 3565 2526 si-

2019 2582 2291 2651 gnum,
2367 2564 2553 2656 qui'a
2625 2568 2938 2657 quando
2998 2572 3341 2659 apparet
3400 2570 3562 2642 Iris

2018 2680 2299 2754 statim
2356 2682 2559 2774 pluit
2616 2684 2821 2774 quod
2888 2703 3048 2756 non
3097 2690 3339 2768 esset,
3403 2687 3562 2759 nisi

2014 2798 2263 2868 nubes
2318 2798 2453 2870 illa
2505 2799 2796 2873 suisset
2829 2818 3230 2874 conversa
3272 2803 3349 2876 in
3386 2809 3561 2894 gut-

2013 2915 2165 2983 tas.
2218 2914 2520 2996 Tertio,
2577 2914 2727 2988 hoc
2782 2916 3012 2999 idem,
3069 2919 3382 3009 quando
3436 2942 3560 2992 ar·

2014 3028 2466 3104 tificialiter
2530 3032 2620 3105 fit
2682 3031 2866 3114 Iris,
2936 3052 3123 3105 nam
3182 3033 3555 3118 Vicoton,

2014 3148 2217 3237 quod
2277 3152 2401 3222 est
2466 3149 2785 3242 quidam
2857 3153 3212 3234 torrens,
3285 3152 3561 3227 decur-

2016 3283 2202 3334 rens
2258 3285 2399 3356 per
2450 3286 2649 3336 saxa
2706 3266 3212 3359 dispergitur
3254 3268 3334 3340 in
3385 3278 3558 3361 gut-

2014 3382 2175 3460 tas,
2267 3380 2360 3452 ad
2449 3401 2647 3471 quas
2737 3388 3137 3475 apparent
3232 3384 3556 3459 colores

2018 3496 2281 3568 Iridis.
2346 3496 2744 3572 Similiter
2792 3504 3064 3573 autem
3118 3498 3198 3571 in
3260 3502 3559 3575 molen-

2011 3616 2210 3687 dinis
2264 3622 2662 3710 apparent
2701 3617 3161 3711 hujusmodi
3203 3620 3552 3704 colores

2010 3753 2106 3803 ex
2178 3734 2685 3826 dispersione
2754 3756 2979 3828 aquae
3041 3758 3186 3829 per
3249 3742 3550 3828 guttas.

2014 3850 2248 3923 Patet
2298 3851 2546 3924 etiam
2603 3873 2745 3944 per
2797 3854 3186 3945 quoddam
3230 3855 3553 3944 signum

2016 3963 2516 4058 Philosophi.
2583 3970 2681 4040 Et
2734 3966 2883 4040 hoc
2933 3968 3025 4040 de
3080 3969 3370 4061 primo.

2496 4293 2931 4352 ARTICULUS
3008 4296 3076 4354 11.

2359 4472 2575 4539 Dubia
2616 4475 2796 4541 circa
2838 4478 3193 4563 proedicta.

2093 4669 2500 4746 Quantum
2570 4669 2663 4740 ad
2736 4672 3205 4755 secundum,
3251 4675 3552 4748 dubita-

2005 4783 2142 4852 tur
2181 4781 2271 4853 de
2331 4803 2581 4854 causa
2630 4785 3134 4863 diversitatis
3201 4789 3551 4864 istorum

2003 4898 2403 4969 colorum.
2453 4904 2810 4975 Secundo
2865 4906 3310 4990 dubitatur,
3368 4909 3551 5000 quid

2002 5020 2124 5088 est
2184 5016 2373 5089 illud
2418 5021 2622 5110 quod
2671 5022 2993 5096 videtur
3036 5026 3116 5097 in
3158 5047 3548 5120 apparen-

2004 5133 2143 5205 tia.
2216 5136 2492 5208 Tertio
2566 5138 3011 5224 dubitatur,
3106 5147 3388 5217 utrum
3469 5144 3551 5217 in

2003 5251 2358 5341 qualibet
2404 5258 2633 5345 parte
2687 5256 2919 5328 nubis
2980 5264 3220 5332 natus
3264 5261 3372 5333 sit
3415 5280 3547 5351 ap-

2003 5388 2296 5459 parere
2394 5371 2585 5443 talis
2675 5372 2934 5455 color,
3044 5380 3124 5449 et
3211 5376 3547 5468 quilibet

2003 5486 2333 5559 illorum
2398 5490 2796 5573 colorum,
2858 5497 2938 5567 et
2994 5493 3061 5565 si
3125 5493 3266 5577 sic,
3332 5495 3548 5569 dubi-

2002 5607 2252 5686 tatur,
2336 5627 2585 5702 quare
2674 5615 3374 5705 repraesentantur
3434 5636 3549 5691 sc·
