4252 6393
752 421 873 484 710

748 581 1240 657 instantibus
1298 580 1540 672 (sicut
1610 581 1746 654 isti
1807 584 2144 673 ponunt)
2205 581 2291 652 ut

400 704 720 777 ·quaest.2¹-
747 698 1013 772 visum
1054 702 1180 772 est
1222 699 1515 790 supra‘
1557 697 1647 768 de
1699 700 1920 770 motu
1972 695 2286 787 Angeli,

750 816 879 892 vel
929 816 1020 889 de
1082 814 1767 890 intellectionibus
1814 813 2007 896 5015,
2055 813 2293 905 quale

748 935 999 1010 etiam
1054 937 1178 1008 cst
1211 937 1530 1025 tempus
1585 935 1879 1014 motuS,
1921 952 2077 1023 quo
2114 931 2294 1023 quis

750 1052 912 1125 alio
938 1050 1278 1125 instanti
1301 1053 1518 1122 esset
1541 1068 1894 1131 sursum,
1922 1053 2001 1122 et
2026 1049 2107 1120 in
2131 1048 2294 1120 alio

750 1167 1211 1243 immediate
1267 1167 1692 1246 deorsum;
1742 1169 1823 1239 ct
1885 1170 2072 1240 tunc
2108 1164 2297 1238 talis

752 1291 1050 1368 motus,
1089 1287 1731 1377 componeretur
1753 1303 1850 1355 ex
1876 1287 2145 1350 mutatis
2167 1306 2302 1351 csse

750 1424 925 1498 (1000
978 1409 1347 1495 tempore
1408 1400 1766 1474 discreto
1827 1419 2299 1471 mensuran-

752 1527 913 1604 tur,
940 1520 1126 1613 quia
1173 1523 1442 1592 motus
1485 1516 1791 1608 gravis,
1836 1516 2302 1609 praescrtim

752 1639 836 1711 in
868 1657 1125 1710 vacuo
1151 1656 1313 1707 non
1341 1638 1614 1727 posset
1637 1653 1815 1705 0550
1840 1634 2301 1712 continuus,

756 1774 939 1828 cum
964 1773 1124 1826 non
1153 1750 1413 1844 possit
1442 1749 1709 1823 reduci
1735 1751 1830 1822 ad
1857 1753 2131 1821 motus
2155 1771 2307 1821 000-

757 1870 841 1944 11.
870 1872 970 1944 Et
1001 1870 1091 1942 de
1120 1868 1265 1943 tali
1303 1871 1557 1949 motu,
1594 1870 1674 1940 et
1712 1871 2107 1957 tempore,
2151 1886 2306 1956 quo

765 1990 1315 2068 mensuratur,
1348 1983 1549 2058 satis
1572 1984 1875 2057 dictum
1901 1986 2025 2056 est
2059 2003 2311 2074 supra

422 2146 438 2166 .
454 2149 633 2211 quaest.
654 2143 734 2193 21.
764 2106 845 2178 in
871 2103 1344 2197 quaestion0;
1371 2108 1473 2170 An
1496 2105 1584 2171 sic
1607 2115 1857 2191 tempus
1880 2104 2310 2170 (ΙῖεενείιιηιἺ

765 2229 970 2300 Cum
1027 2225 1287 2315 igitur
1328 2226 1444 2311 (ut
1479 2225 1782 2311 dicunt)
1810 2219 2315 2292 5110000100-

766 2345 943 2415 tum
985 2338 1534 2432 compositum
1580 2358 1679 2408 ex
1712 2339 1986 2404 nmtatis
2015 2360 2171 2416 esse,
2229 2337 2314 2406 ut

768 2457 1036 2530 visum
1078 2460 1203 2530 est
1238 2456 1318 2527 in
1356 2452 1993 2547 praecedentibus
2060 2471 2313 2542 quaes-

771 2573 1156 2655 tionibus,
1248 2571 1380 2645 cui
1477 2568 1912 2661 respondet
1994 2572 2315 2659 tempus

771 2691 1321 2785 compositum
1399 2708 1496 2759 ex
1577 2684 2111 2765 instantibus3
2211 2684 2317 2755 di-

775 2814 993 2891 cunt,
1023 2807 1233 2899 quod
1265 2825 1451 2879 cum
1480 2804 1719 2898 plura
1742 2802 2136 2876 instantia
2162 2821 2322 2873 non

774 2926 953 3020 plus
975 2922 1305 3003 faciant,
1334 2940 1579 3013 quam
1604 2940 1877 3001 unum,
1909 2917 2096 3009 quia
2132 2921 2318 2990 sunt

773 3037 1317 3121 indivisibilia,
1367 3037 1538 3109 idco
1575 3057 1736 3109 non
1785 3035 1967 3128 plus
2003 3032 2320 3107 faciunt

774 3157 1167 3235 instantia
1194 3156 1449 3228 multa
1478 3152 1843 3248 propria,
1865 3156 1945 3225 et
1973 3149 2316 3233 infinita,

776 3298 951 3370 quac
996 3277 1473 3348 mensurant
1508 3270 1831 3344 diversa
1864 3283 2117 3338 nuttam
2159 3292 2316 3349 esse,

779 3414 1020 3487 quam
1058 3411 1304 3464 unum
1346 3390 1659 3463 instans
1709 3386 2108 3479 temporis
2145 3405 2322 3456 nos-

778 3508 930 3585 tri:
969 3528 1167 3599 ergo
1205 3505 1579 3598 quidquid
1616 3507 2079 3597 potestesse
2114 3500 2192 3573 in
2219 3502 2323 3574 di-

776 3626 1041 3699 versis
1096 3622 1584 3697 instantibus
1625 3620 2009 3713 propriis,
2062 3623 2324 3692 totum

782 3743 856 3815 id
898 3744 1168 3834 potest
1210 3759 1388 3811 0550
1451 3738 1530 3809 10
1595 3758 1750 3808 uno
1797 3735 2136 3808 instanti
2176 3760 2190 3804 :
2259 3734 2325 3806 si

779 3874 981 3947 ergo
1038 3857 1302 3947 potest
1343 3875 1521 3924 esse
1586 3871 1947 3932 sursum,
1988 3855 2067 3925 et
2100 3852 2327 3923 deor-

782 3994 962 4044 sum
1015 3971 1094 4043 in
1179 3968 1528 4042 diversis
1582 3967 2106 4049 instantibus,
2151 3988 2327 4058 quae

785 4090 1260 4163 mensurant
1282 4085 1602 4158 diversa
1628 4097 1877 4152 mutata
1900 4108 2053 4165 esse,
2080 4105 2330 4173 gravo

785 4207 1249 4298 potestesse
1277 4202 1355 4274 in
1391 4223 1547 4274 uno
1594 4199 1932 4274 instanti
1971 4220 2326 4280 sursum,

787 4327 869 4395 et
901 4322 1307 4395 deorsum.

882 4442 1082 4512 Cum
1144 4436 1399 4527 igitur
1449 4435 1883 4507 seeundum
1948 4433 2334 4525 praedicta

793 4556 890 4628 ad
938 4554 1134 4636 hoc,
1192 4553 1397 4646 quod
1454 4550 2097 4625 contradictoria
2171 4551 2334 4624 sint

790 4691 1011 4752 vera,
1048 4690 1209 4742 non
1245 4668 1718 4760 requiratur
1756 4667 2019 4759 maj0r
2071 4687 2328 4748 mora,

789 4788 923 4860 sed
993 4787 1168 4859 sola
1237 4785 1691 4867 successio;
1747 4805 1946 4876 ergo
2015 4805 2199 4856 cum
2254 4783 2332 4856 in

783 4903 1128 4977 diversis
1173 4901 1664 4976 instantibus
1708 4901 2107 4992 temporis
2146 4921 2332 4992 pro-

784 5022 946 5116 prii
1022 5019 1354 5093 discreti
1450 5019 1557 5094 sit
1641 5016 2078 5098 successio,
2174 5037 2333 5088 000

784 5144 1059 5214 tamen
1096 5156 1354 5218 mora,
1393 5156 1577 5208 cum
1617 5133 1889 5206 omnia
1925 5133 2086 5206 sint
2144 5132 2331 5204 indi-

782 5254 1166 5335 visibilia,
1253 5256 1477 5345 patet
1546 5251 1751 5343 quod
1833 5249 1911 5321 in
1986 5249 2331 5321 diversis

786 5367 1278 5445 instantibus
1322 5367 1719 5460 temporis
1763 5366 2095 5440 discreti
2145 5387 2332 5437 000-

787 5485 1051 5563 traria
1088 5487 1423 5578 possunt
1457 5505 1632 5556 esse
1663 5504 1891 5564 vera;
1932 5485 2042 5563 ut,
2082 5483 2331 5572 Ange-

786 5604 913 5678 lus
946 5601 1098 5679 hoc
1122 5599 1531 5695 intelligit,
1559 5603 1639 5676 et
1664 5599 1810 5672 hoc
1852 5619 2013 5672 non
2042 5597 2334 5672 intelli-

1898 419 1999 480 DE
2043 418 2310 482 RERUM
2355 417 2743 482 PRINCll‘lO

2406 579 2850 671 git3grave
2919 582 3191 673 potest
3245 602 3423 653 esse
3483 601 3804 653 sursum
3863 585 3931 655 et

2401 695 2805 768 deorsum.
2835 699 2936 769 Et
2972 696 3159 789 quia
3197 697 3565 770 omnibus
3602 698 3781 771 istis
3806 699 3939 771 ins-

2403 811 2766 885 tantibus
2785 815 3364 906 correspondet
3385 820 3741 898 unum,et
3759 816 3938 888 idem

2421 929 2734 1001 instans
2777 930 3174 1021 temporis
3195 933 3560 1005 continui
3598 954 3741 1025 per
3789 955 3941 1005 coe·

2409 1046 2915 1128 xistentiam,
2966 1048 3177 1122 sicut
3238 1049 3377 1121 uni
3433 1053 3730 1142 puncto
3782 1073 3937 1124 cen—

2414 1163 2611 1236 trali
2633 1163 3100 1237 coexistunt
3129 1166 3385 1238 multa
3417 1168 3942 1258 punctalinea·

2419 1300 2601 1352 rum
2648 1280 2824 1352 inde
2875 1280 3496 1371 egredientium;
3555 1284 3744 1375 quia
3804 1306 3944 1357 non

2417 1397 2600 1489 plus
2653 1396 2964 1472 faciunt
3026 1399 3262 1491 plura
3315 1399 3712 1473 instantia
3771 1405 3945 1473 tem-

2421 1516 2645 1608 poris
2675 1516 3034 1600 discreti,
3074 1539 3315 1610 quam
3362 1540 3607 1591 unum
3649 1520 3945 1594 instans

2419 1635 2818 1726 temporis
2869 1634 3258 1716 continui,
3323 1656 3417 1707 00
3479 1638 3684 1727 (1000
3753 1638 3946 1729 quid-

2423 1749 2606 1841 quid
2644 1756 2912 1842 001051
2948 1773 3124 1823 0550
3151 1751 3229 1822 10
3266 1752 3631 1844 pluribus
3667 1754 3949 1827 instan-

2421 1866 2636 1939 tibus
2671 1869 3066 1960 temporis
3090 1870 3446 1953 discreti,
3477 1877 3860 1964 tanquam
3885 1873 3951 1944 in

2429 2004 2812 2056 mensura
2857 1988 3220 2079 propria,
3271 1988 3341 2060 id
3386 1989 3616 2072 idem,
3662 1989 3788 2061 vel
3833 1991 3952 2062 illa

2428 2106 2770 2194 possunt
2820 2126 2997 2176 esse
3061 2105 3139 2176 in
3183 2128 3338 2178 uno
3386 2108 3728 2181 instanti
3782 2113 3958 2182 tem-

2429 2219 2655 2309 poris
2690 2219 3079 2301 continui,
3119 2226 3503 2313 tanquam
3539 2222 3618 2294 in
3654 2244 3960 2295 mensu—

2431 2355 2525 2407 ra
2559 2338 2970 2408 communi
3017 2339 3379 2431 propria.
3429 2343 3528 2413 Et
3572 2341 3764 2431 quia
3807 2341 3956 2420 illa,

2431 2471 2608 2541 quse
2661 2452 2901 2523 simul
2947 2458 3133 2527 sunt
3193 2454 3271 2525 in
3325 2476 3478 2527 000
3530 2458 3958 2535 communi,

2429 2588 2585 2640 non
2632 2568 2966 2661 proprie
3009 2575 3196 2644 sunt
3241 2572 3506 2653 simul,
3547 2574 3760 2647 sicut
3804 2597 3962 2667 quae

2435 2689 2621 2757 sunt
2659 2685 2735 2757 in
2771 2685 2947 2757 loeo
2990 2689 3429 2775 communi,
3466 2694 3552 2764 ut
3598 2690 3676 2763 in
3711 2693 3961 2772 domo,

2433 2801 2558 2872 vel
2611 2803 2835 2883 coelo,
2873 2822 3033 2875 non
3094 2806 3430 2897 proprie
3482 2810 3667 2879 sunt
3735 2807 3967 2880 simul

2434 2916 2515 2988 in
2557 2917 2723 3000 illo,
2773 2919 3034 2992 utillo,
3087 2942 3261 3013 (10εο
3327 2928 3513 2995 sunt
3575 2923 3657 2996 in
3699 2926 3966 2996 codem

2439 3036 2614 3108 loco
2663 3038 3027 3130 0000010,
3077 3044 3164 3112 ut
3212 3061 3517 3133 corpus
3574 3042 3974 3132 glorifica-—

2433 3155 2634 3237 tum,
2697 3157 2776 3229 et
2857 3175 3016 3228 non
3106 3157 3661 3248 glorificatum
3731 3187 3745 3231 ε
3812 3161 3972 3234 ideo

2436 3271 3104 3358 contradictoria,
3167 3275 3294 3347 vel
3360 3278 3743 3368 opposita
3804 3300 3975 3372 pos-

2440 3390 2627 3460 sunt
2684 3409 2861 3459 esse
2906 3389 3148 3462 simul
3194 3391 3274 3463 in
3314 3393 3591 3465 eodem
3639 3395 3976 3469 instanti

2439 3505 2836 3596 temporis
2932 3506 3324 3589 continui,
3427 3513 3822 3601 tanquam
3908 3512 3977 3583 in

2441 3638 2824 3693 mensura
2928 3624 3364 3707 communi,
3455 3646 3613 3698 non
3715 3633 3979 3701 tamen

2442 3738 2774 3829 proprie
2827 3744 3012 3813 sunt
3051 3741 3320 3823 simul,
3373 3744 3560 3834 quia
3592 3764 3762 3816 non
3805 3751 3982 3818 sunt

2442 3853 2521 3923 in
2553 3853 2829 3926 codem
2875 3855 3242 3941 instanti,
3289 3861 3496 3950 quod
3528 3865 3653 3935 est
3700 3883 3983 3934 corum

2441 3971 2782 4064 propria
2819 3993 3225 4058 mensura,
3267 3975 3453 4051 licet
3491 3978 3568 4049 in
3609 3979 3983 4052 diversis.

2444 4090 2544 4161 Et
2608 4087 2848 4178 liujus
2899 4089 3113 4165 ratio
3167 4094 3316 4175 est,
3374 4094 3560 4186 quia
3604 4095 3688 4167 in
3738 4096 3986 4170 diver-

2446 4208 2558 4280 sis
2603 4207 3094 4283 instantibus
3147 4231 3549 4286 mensurae
3598 4216 3984 4307 promite,

2447 4324 2817 4416 quamvis
2900 4345 3058 4397 non
3121 4327 3424 4403 saciant
3486 4330 3665 4421 plus
3753 4351 3985 4422 quam

2448 4460 2693 4513 unuln
2730 4442 3066 4515 instans.
3105 4446 3382 4534 Reliqua
3413 4448 3676 4515 desunt.

2847 4749 3305 4830 QUJESTIO
3353 4754 3595 4824 XXV.

2452 4946 2683 5011 Utrum
2754 4948 3059 5013 Christus
3106 4950 3194 5014 sic
3279 4970 3503 5030 unum,
3597 4954 3703 5018 vel
3730 4954 3992 5039 plura?

2445 5138 2573 5196 Vide
2600 5140 2872 5196 Doctorcm
2903 5143 2964 5195 in
2984 5141 3037 5197 3.
3063 5143 3308 5199 distinct.
3346 5145 3398 5198 6.
3423 5161 3592 5212 qums.
3624 5148 3678 5202 2.
3713 5150 3770 5204 el
3795 5147 3987 5204 Docle-

2990 5228 3070 5267 rcs
3105 5211 3294 5268 ibidem
3323 5214 3525 5272 citatos.

2535 5365 3033 5455 Respondeo,
3162 5367 3426 5458 primo
3503 5368 3990 5443 declarando

2445 5484 2651 5573 quod
2691 5486 2811 5554 est
2850 5504 3091 5554 unum
3129 5486 3560 5559 secundum
3621 5490 3992 5583 supposi-

2449 5603 2642 5681 tum,
2691 5602 2766 5672 et
2807 5599 3040 5692 plura
3085 5601 3516 5674 seeundum
3569 5609 3989 5679 naturam.
