4252 6393
702 419 816 486 772

343 587 888 664 neumas-gum,
964 587 1041 655 et
1104 581 1255 654 hoc
1337 583 1538 654 idem
1585 581 1762 654 sibi.
1829 583 2241 655 Probatur

341 651 412 698 cit
439 648 667 697 distanc-

1896 423 1998 484 DE
2042 419 2283 485 PRIMO
2331 418 2712 483 PmNcwio

2351 583 2712 652 ligibilitale
2747 586 2985 639 naturae
3017 580 3254 653 primae,
3306 578 3381 636 de
3419 595 3541 653 quo
3583 580 3633 636 1.
3666 575 3810 636 dist.
3841 578 3897 635 3.

361 720 410 760 ee
438 724 634 783 omniq
691 700 938 772 etjam
1006 699 1270 792 pl‘ilna
1314 720 1506 791 pars
1550 699 1818 778 aliter,
1885 718 2029 790 pm.
2089 697 2240 769 hoc
2349 697 2408 753 q.
2456 685 2510 738 2.
2545 683 2693 738 Nota
2727 681 2810 747 id,
2844 680 3006 753 quod
3044 680 3133 736 ait
3179 679 3283 735 hic
3333 693 3397 734 n.
3437 679 3519 734 18.
3553 675 3716 750 quod
3748 676 3904 732 alibi

337 772 664 838 producibi-

439 838 534 885 lia.

693 814 895 904 quod
966 813 1268 885 artifex
1353 813 1734 885 distincte
1820 812 2239 897 cognoscit

693 951 926 1001 omne
952 931 1349 1020 agendum
1375 935 1719 1021 antequa
1739 951 1811 1001 m
1837 933 2002 1006 liat,
2034 929 2240 1000 alias

690 1068 850 1118 non
906 1048 1260 1139 perfecte
1310 1052 1822 1138 operaretur,
1871 1046 2050 1136 quia
2117 1067 2243 1116 co-

697 1162 955 1250 gnitio
977 1165 1097 1234 est
1126 1162 1769 1253 mensurajuxta
1802 1182 2043 1254 quam
2065 1183 2245 1254 ope-

698 1285 967 1363 iatur;
1006 1283 1436 1370 ergoDeus
1472 1280 1835 1352 omnium
1871 1278 2244 1373 produci-

695 1397 978 1469 bilium
1013 1417 1058 1467 a
1094 1418 1178 1468 se
1211 1396 1449 1469 habet
1483 1396 1868 1470 notitiam
1920 1396 2241 1469 distinc-

695 1519 863 1587 tam
896 1513 1326 1594 actualem,
1365 1513 1489 1586 vel
1524 1511 2023 1585 habitualem
2094 1511 2245 1583 sal-

696 1635 886 1713 tem,
923 1633 999 1703 et
1040 1629 1404 1722 priorem
1438 1629 1581 1702 eis.
1630 1632 1937 1704 Contra
1999 1628 2243 1700 istam

700 1746 1080 1826 instatur,
1120 1746 1304 1838 quia
1355 1767 1494 1818 ars
1548 1743 2039 1817 universalis
2090 1744 2249 1816 suf·

379 1855 644 1967 02‘2'436‘2'2‘2
704 1861 869 1935 ficit
911 1864 1005 1934 ad
1040 1863 1492 1954 singularia
1549 1862 2079 1956 producenda.
2121 1865 2247 1934 Se-

379 1927 456 1967 est
483 1935 502 1966 ι

354 1980 653 2055 ἰητρῑῑςσωί
701 1980 954 2052 cunda
988 1999 1179 2072 pars
1213 1981 1303 2052 de
1340 1979 1780 2073 prioritate
1821 1978 2245 2071 probatur,

351 2058 538 2105 prum,
570 2051 648 2091 est

358 2120 563 2154 necesse
590 2120 677 2178 ςε-
703 2096 891 2187 quia
934 2097 1310 2189 quidquid
1344 2101 1470 2171 est
1507 2095 1711 2168 idem
1751 2096 1928 2178 sibi,
1965 2098 2090 2168 est
2119 2116 2249 2167 ne-

357 2175 675 2356 ἐξιξξιιᾶριὲἕὲῗ
702 2230 926 2282 cesse
959 2231 1136 2281 esse
1170 2231 1268 2281 ex
1312 2232 1420 2291 se,
1448 2231 1548 2281 ex
1583 2210 1864 2301 quinta
1905 2206 2138 2282 tertii
2169 2210 2248 2278 et

421 2309 434 2340 1

360 2361 439 2403 ese
467 2368 674 2403 necesse
703 2327 968 2420 prima
1030 2326 1304 2420 quarti
1342 2353 1355 2409 ;
1425 2328 1556 2398 sed
1591 2348 1768 2398 esse
1812 2326 2168 2398 aliorum
2204 2343 2250 2393 a

449 2432 575 2465 ⁶³³⁶·
701 2464 782 2514 se
845 2443 1506 2535 intelligibilium,
1544 2445 1665 2515 est
1702 2462 1864 2516 non
1922 2460 2250 2514 necesse

696 2581 874 2632 esse
906 2580 1004 2632 ex
1046 2581 1154 2641 se,
1200 2580 1298 2631 ex
1333 2561 1561 2632 sexta
1588 2558 1817 2632 tertii
1855 2581 1871 2640 ;
1925 2575 2252 2628 neeesse

700 2697 879 2748 esse
910 2696 1008 2747 ex
1044 2697 1151 2757 se,
1207 2680 1331 2748 est
1369 2675 1600 2767 prius
1670 2679 1970 2748 natura
2030 2670 2249 2744 omni

705 2811 866 2862 non
930 2789 1424 2864 necessario.
1508 2790 1917 2863 Probatur
1976 2788 2248 2868 aliter,

707 2906 894 2999 quia
927 2932 1060 2975 csse
1094 2908 1356 2980 omnis
1393 2906 1740 2980 alterius
1775 2926 1821 2977 a
1857 2926 1939 2977 se
1972 2906 2254 2997 depen-

704 3023 832 3095 ‹let
876 3023 974 3095 ab
1010 3023 1209 3116 ipso,
1250 3028 1336 3096 ut
1373 3043 1419 3094 a
1453 3042 1727 3103 causa,
1766 3042 1865 3093 ex
1910 3021 2253 3094 decima-

704 3161 918 3213 nona
983 3140 1214 3213 tertii
1252 3164 1266 3222 ;
1333 3140 1465 3213 sed
1522 3139 1599 3212 in
1663 3140 1842 3233 ipso
1886 3141 1971 3211 ut
2006 3156 2255 3211 causa

705 3259 830 3329 est
866 3256 1212 3347 alicujus
1250 3255 1463 3335 talis,
1503 3253 1970 3326 necessario
2007 3252 2255 3324 inclu-

709 3372 1314 3463 diturcognitio
1341 3371 1516 3464 ejus
1548 3392 1646 3443 ex
1685 3372 1914 3463 parte
1947 3390 2249 3449 causam

709 3511 908 3581 crgo
950 3491 1087 3562 illa
1122 3489 1355 3583 prior
1385 3491 1509 3561 est
1545 3490 1843 3558 natura
1878 3485 2052 3578 ipso
2077 3506 2256 3558 esse

714 3607 1050 3699 cogniti.

1233 3840 1618 3899 SCHOLIUM
1678 3840 1772 3899 Vl.

786 4040 1114 4098 Concludit
1162 4039 1378 4097 devote
1418 4045 1476 4095 et
1516 4040 1836 4109 ingeniose
1893 4037 2263 4094 infinitatem

718 4146 953 4198 naturae
975 4142 1214 4212 primae.
1247 4140 1448 4194 Primo
1472 4155 1544 4194 ex
1572 4138 1816 4195 infinita
1838 4137 2264 4194 intellectione

717 4240 1068 4297 intellectus
1100 4239 1255 4307 eJuS,
1297 4238 1445 4308 quia
1469 4237 1651 4308 plura
1677 4238 2031 4306 intelligere
2054 4236 2267 4304 arguit

723 4342 1019 4412 majorem
1070 4339 1726 4412 perfectionen130rgo
1777 4344 1836 4394 et
1891 4337 2137 4393 infinita
2170 4337 2268 4391 in·

723 4438 994 4496 finitum.
1039 4438 1190 4494 Vide
1223 4437 1430 4508 ipsum
1469 4438 1516 4491 1.
1551 4434 1610 4491 d.
1642 4438 1696 4489 2.
1731 4439 1951 4505 quaest.
1985 4438 2037 4490 2.
2074 4439 2130 4500 g.
2161 4436 2268 4490 Os-

721 4544 886 4593 tenso
913 4539 1234 4606 proposito.
1284 4549 1457 4590 num.
1490 4536 1543 4588 3.
1578 4538 1637 4588 et
1679 4547 1806 4603 seq.
1861 4531 1964 4587 ubi
2013 4530 2269 4587 adducit

725 4651 829 4691 sex
897 4637 1031 4690 vias
1082 4632 1159 4689 ad
1208 4631 1598 4703 probandum
1648 4631 1807 4687 hanc
1857 4629 2269 4701 infinissatem3

727 4734 827 4791 hie
885 4735 1068 4790 habet
1142 4736 1375 4804 septem
1433 4732 1590 4796 vias,
1675 4734 1741 4785 ut
1807 4746 1910 4787 eas
1979 4733 2270 4785 numerat

723 4833 1010 4899 Oecham,
1054 4833 1160 4904 qui
1211 4831 1494 4901 singulas
1557 4831 1927 4901 impugnare
1983 4831 2266 4894 conatur,

725 4931 975 4989 totidem
1042 4929 1493 5001 quaestionibus
1542 4927 1818 4999 quodlib.
1869 4927 2101 4997 allegat
2167 4926 2269 4983 hic

725 5048 784 5088 n.
841 5032 924 5097 17,
966 5029 1366 5100 quaestionem
1417 5026 1492 5082 de
1534 5024 2032 5082 individuatione
2080 5040 2267 5096 quam

724 5130 974 5200 scripsit
1004 5129 1068 5184 in
1103 5127 1346 5196 Logica,
1379 5125 1479 5181 vel
1513 5123 1689 5191 alibi,
1725 5122 1824 5178 vel
1857 5123 2151 5192 allegatio
2181 5126 2273 5179 est

726 5229 978 5285 additio.
1013 5229 1256 5283 Tractat
1286 5222 1540 5296 quidem
1573 5221 1647 5278 de
1680 5221 2183 5278 individuatione
2211 5224 2267 5278 7.

726 5332 869 5386 Met.
912 5345 970 5400 q.
1017 5327 1102 5382 13.
1137 5331 1196 5381 et
1227 5328 1281 5380 2.
1316 5324 1458 5380 dist.
1491 5324 1546 5379 3.
1581 5336 1694 5394 per
1725 5323 2002 5394 quinque
2033 5322 2271 5392 primas

726 5427 1120 5501 quzestiones,
1165 5428 1366 5479 tamen
1401 5423 1568 5477 hunc
1602 5424 1927 5476 tractatum
1960 5423 2102 5475 ante
2143 5420 2274 5474 Me-

724 5522 892 5593 taph.
941 5526 995 5577 et
1030 5517 1426 5587 'theologiam
1462 5515 1736 5585 scripsit,
1765 5527 1840 5569 ex
1874 5514 2268 5585 praefatione.

731 5619 1012 5679 Secundo
1041 5616 1258 5688 probat
1289 5614 1660 5670 inunitatem
1701 5626 1776 5668 ex
1803 5610 2048 5668 infinita
2083 5610 2273 5668 intel-

2353 779 2619 833 multum
2652 779 2781 847 egit
2809 776 2885 831 de
2919 776 3135 831 notitia
3168 774 3492 839 intuitiva,
3527 774 3905 844 respiciente

2352 878 2688 947 potentiam
2726 880 2785 932 et
2844 875 3175 946 objectum,
3210 889 3244 929 a
3274 873 3501 945 quibus
3541 874 3809 944 paritur,
3844 869 3904 927 id

2356 975 2738 1046 praestitisse,
2827 990 2886 1046 q.
2953 976 3036 1029 12.
3090 978 3150 1029 et
3187 973 3344 1028 alias
3390 971 3467 1028 de
3525 972 3792 1027 Anima:
3830 970 3903 1024 de

2354 1073 2568 1130 eadem
2612 1074 2907 1131 intuitiva
2948 1074 3081 1142 agit
3112 1074 3166 1128 2.
3201 1072 3345 1129 dist.
3377 1072 3431 1128 3.
3464 1075 3684 1144 quaest.
3730 1070 3817 1126 10.
3849 1074 3906 1126 et

2354 1173 2408 1227 3.
2443 1171 2587 1228 dist.
2626 1173 2714 1228 14.
2746 1188 2805 1243 q.
2838 1173 2893 1228 3.

2469 1404 2523 1467 Ο
2587 1401 2875 1469 altitudo
2932 1402 3334 1467 diviliarum
3398 1401 3771 1487 εαρίεηιίω,
3844 1411 4196 1485 eleonelus.9.

2355 1519 2649 1584 scientim
2690 1529 2816 1583 tuoe
2846 1519 3039 1596 Deus,
3088 1539 3216 1605 qua
3247 1539 3437 1583 omne
3476 1517 3904 1604 inlelliqibile

2358 1633 2905 1721 comprehendis!
2957 1633 3307 1722 Numquid
3360 1634 3729 1700 intellectui
3764 1654 3904 1699 meo
3954 1630 4087 1682 Rom.
4120 1629 4177 1678 ¹¹·

2355 1772 2588 1838 parve,
2633 1752 2882 1837 poteris
2928 1750 3318 1817 concludere
3366 1762 3425 1817 le
3479 1770 3616 1817 esse
3666 1750 3905 1834 infini-

2361 1879 2519 1946 tum,
2556 1878 2616 1932 ct
2648 1867 3379 1953 incomprehensibilem
3398 1868 3430 1933 ξ)

2448 1979 2804 2053 Tentabo
2845 1999 3045 2068 ergo
3100 1977 3405 2053 inferre
3455 1980 3913 2053 conclusio·
4044 1998 4109 2046 15.

2360 2114 2542 2166 nem
2607 2094 2836 2167 valde
2902 2095 3372 2177 loecundam‚
3464 2118 3638 2189 quae
3698 2097 3767 2168 si
3840 2097 3917 2169 in

2363 2209 2767 2303 principio
2851 2210 3138 2283 fuisset
3207 2213 3298 2285 de
3366 2216 3444 2286 te
3514 2213 3910 2306 probata,

2366 2327 2947 2418 prsedictorum
2982 2348 3223 2420 quam
3262 2328 3618 2421 plurima
3660 2329 3914 2402 facili-

2364 2444 2493 2513 ter
2544 2443 3027 2534 patuissent.
3099 2444 3589 2516 Infinitatem
3654 2444 3917 2534 igitur

2366 2563 2616 2640 tuam‚
2664 2559 2731 2632 si
2785 2581 3122 2643 annuas,
3168 2583 3267 2633 ex
3306 2561 3544 2635 dictis
3567 2561 3659 2634 de
3688 2560 3919 2633 intel-

2365 2674 2578 2747 lectu
2624 2678 2791 2755 tuo,
2841 2676 3111 2768 primo
3170 2678 3527 2750 conabor
3577 2675 3913 2757 inferre,

2364 2790 2641 2863 deinde
2691 2793 3051 2882 qnaedam
3104 2792 3269 2865 alia
3317 2794 3749 2875 adducam,
3817 2814 3920 2866 an

2366 2908 2693 2985 valeant
2723 2911 2850 2981 vel
2879 2931 3039 2982 non
3070 2912 3421 2994 valeant,
3469 2912 3562 2984 ad
3595 2911 3924 2985 conclu-

2365 3024 2703 3097 dendum
2788 3027 3343 3121 propositum,
3411 3027 3920 3119 inquirendo.

2370 3143 2651 3216 Nonne
2700 3144 3042 3217 Domine
3091 3146 3305 3219 Deus
3368 3144 3923 3235 intelligibilia
3959 3156 4206 3232 ,Beuum

2370 3262 2555 3331 sunt
2593 3261 2948 3341 infinita,
2995 3264 3073 3333 et
3128 3261 3293 3333 haec
3337 3266 3519 3334 actu
3563 3260 3641 3333 in
3686 3260 3920 3334 intel·
3950 3222 4206 3352 Ἐῗὲᾆέᾏῗὶ

2368 3376 2578 3449 lectu
2645 3377 2915 3451 omnia
2971 3377 3530 3469 intelligente?
3585 3396 3791 3468 ergo
3843 3381 3921 3448 et
3950 3352 4206 3454 {2'1'1‘2‘315152

2368 3499 2692 3574 natura,
2764 3496 2893 3568 cui
2965 3495 3425 3569 intellectus
3482 3500 3607 3569 est
3681 3496 3922 3574 idem,

2369 3616 2494 3685 est
2548 3611 2865 3686 infinita
2916 3637 2931 3695 ;
2994 3632 3193 3704 ergo
3265 3614 3727 3687 intellectus
3784 3614 3929 3688 illa

2373 3728 2615 3800 simul
2648 3734 2833 3803 actu
2869 3729 3335 3823 intelligens
3368 3737 3492 3807 est
3526 3734 3925 3816 infinituS‚

2373 3843 2564 3917 talis
2618 3849 2766 3925 est,
2827 3848 3041 3918 Deus
3093 3853 3400 3930 noster,
3457 3849 3928 3924 intellectus

2374 3964 2595 4043 tuus,
2648 3983 2747 4033 ex
2809 3962 3159 4055 septima
3211 3963 3384 4056 jam
3458 3966 3923 4058 praemissa.

2377 4077 2642 4168 Hujus
2701 4079 3341 4170 enthymematis
3405 4082 3740 4155 ostendo
3796 4103 3934 4155 an·

2377 4194 2773 4275 tecedens,
2827 4198 2909 4269 et
2957 4216 3480 4288 consequens,
3526 4202 3605 4271 et
3650 4220 3932 4272 conse-

2380 4310 2793 4401 quentiam
2829 4312 2987 4385 sie:
3026 4318 3563 4407 Quaecumque
3596 4322 3789 4389 sunt
3827 4317 3931 4388 in·

2380 4426 2607 4500 finita
2644 4427 2723 4498 in
2756 4429 3147 4520 potentia,
3197 4429 3270 4501 id
3320 4434 3469 4513 est,
3531 4432 3935 4525 accipien-

2378 4543 2474 4614 do
2539 4544 2890 4617 alterum
2946 4549 3129 4637 post
3175 4546 3556 4629 alterum,
3610 4549 3933 4621 nullum

2382 4664 2718 4753 possunt
2754 4661 3051 4734 habere
3072 4663 3339 4745 finem,
3378 4665 3520 4737 illa
3552 4668 3833 4740 omnia
3866 4668 3934 4739 si

2382 4781 2568 4849 sunt
2613 4776 2854 4847 simul
2896 4780 3109 4857 actu,
3175 4781 3361 4850 sunt
3425 4779 3782 4863 infinita;
3824 4782 3934 4854 in—

2385 4892 2846 4981 telligibilia
2907 4897 3092 4966 sunt
3171 4892 3685 4986 hujusmodi,
3758 4919 3934 4972 res-

2384 5010 2614 5098 pectu
2734 5006 3194 5080 intellectus
3296 5010 3553 5082 creati
3597 5066 3614 5093 ‚
3715 5013 3935 5086 sicut

2385 5117 2650 5215 p‘atet;
2688 5123 2877 5195 etin
2925 5128 3093 5204 tuo,
3145 5125 3387 5207 DeuS‚
3435 5132 3621 5202 sunt
3681 5130 3937 5203 simul

2383 5244 2567 5312 actu
2615 5240 2886 5311 omnia
2930 5239 3368 5322 intellecta,
3408 5262 3584 5333 quae
3631 5263 3676 5314 a
3709 5267 3939 5319 erea-

2386 5362 2468 5430 to
2529 5362 2716 5431 sunt
2768 5359 3224 5431 successive
3311 5359 3873 5452 intelligibilia
3919 5391 3934 5443 ;

2385 5472 2642 5561 igitur
2687 5472 2786 5544 ibi
2835 5477 3020 5545 sunt
3061 5476 3245 5545 actu
3315 5472 3633 5549 infinita
3699 5479 3939 5553 intel-

2386 5591 2619 5663 lecta.
2670 5591 2928 5682 Ilujus
2980 5590 3439 5682 syllogismi
3484 5594 3736 5685 probo
3775 5617 3939 5670 ma-
