4252 6393
640 393 651 420 —‘
680 377 803 441 492

617 1665 629 1679 ,
679 1593 894 1658 locum
960 1595 1032 1660 in
1071 1592 1405 1681 quoddam
1464 1595 1758 1682 tempns‘
1802 1619 1823 1660 .·

666 538 1221 615 Aristotelem.
1293 540 1513 612 Unde
1581 540 1660 613 in
1701 544 1763 612 1.
1809 542 1891 608 de
1937 543 2207 621 Anima,

667 663 743 727 in
773 662 932 745 fine.
996 671 1157 731 teaet.
1219 661 1331 733 93.
1395 678 1699 750 ponens
1759 655 2212 731 similitudi-

662 793 851 846 nem
910 772 1128 846 inter
1210 772 1616 865 negativa,
1678 775 1756 847 et
1825 772 2217 845 animalia

671 890 1094 973 annulosa,
1157 890 1348 964 dicit
1430 892 1606 965 sio:
1674 894 2018 973 Videntur,
2073 891 2216 979 (in-

673 1007 905 1100 quit,)
943 1021 1004 1077 et
1038 1010 1292 1098 plantoe
1357 1011 1595 1077 divisoe
1649 1011 1893 1090 viuere,
1944 1021 2005 1077 et
2042 1031 2217 1098 qnoe-

672 1125 830 1192 dam
859 1127 1261 1193 animalium
1280 1127 1682 1194 insectorum
1706 1138 2023 1215 tanquam
2046 1148 2216 1193 eam·

673 1242 823 1309 dem
889 1241 1202 1309 habentia
1258 1245 1558 1310 animam
1613 1245 1849 1331 speeie,
1912 1244 2035 1310 etsi
2080 1263 2218 1311 non

660 1379 951 1426 'numero
977 1383 1003 1440 ,·
1090 1381 1497 1448 unaqmeqne
1561 1361 1776 1448 iqitnr
1845 1363 2220 1449 perfectum

673 1477 1066 1543 sensitivam
1121 1475 1336 1558 habet,
1380 1499 1459 1543 ae
1497 1489 1794 1544 movetur
1857 1477 2220 1544 seeundum

1872 1594 1933 1659 si
1997 1604 2219 1659 antem

676 1731 811 1777 non
877 1723 1308 1798 permanent,
1398 1712 1661 1778 nullum
1745 1711 2218 1777 inconveniens

652 1836 807 1914 est,·
840 1828 1281 1894 instrumenta
1312 1828 1490 1894 enim
1529 1848 1666 1893 non
1705 1826 1943 1913 hubent
1983 1827 2218 1915 quibus

669 1942 926 2010 salvent
956 1956 1296 2011 naturam.
1344 1941 1762 2034 Sequitur;
1807 1946 1892 2011 Et
1922 1943 2216 2032 ejusdem

667 2060 915 2146 speciei
940 2073 1093 2128 sunt
1130 2061 1222 2130 ad
1255 2062 1539 2128 invicem
1576 2073 1637 2129 et
1669 2063 1811 2143 toti,
1865 2064 2034 2127 sieut
2073 2082 2217 2148 quse

669 2197 806 2242 non
897 2189 1225 2265 separatae
1286 2188 1463 2244 sunt.
1555 2178 1654 2248 Et
1744 2175 2006 2247 subdit
2119 2175 2213 2247 ad

532 2387 557 2400 ἢ
668 2292 1189 2389 propositum
1228 2316 1242 2360 :
1288 2294 1448 2359 Tota
1484 2297 1715 2360 anima
1769 2305 2084 2382 tanquam
2115 2295 2217 2359 in.

667 2414 1000 2483 divisibili
1029 2417 1371 2482 existente.
1412 2410 1584 2482 Hoc
1622 2409 1826 2481 idem
1868 2408 2106 2481 habet
2140 2411 2207 2480 2.

668 2531 750 2597 de
790 2531 1060 2610 Anima,
1099 2532 1175 2597 in
1229 2531 1365 2612 sine
1394 2529 1461 2598 2.
1500 2549 1646 2614 cap.
1700 2537 1868 2593 text.
1919 2526 2030 2599 20.
2079 2523 2212 2596 ubi

666 2644 1139 2737 expressius
1169 2643 1385 2725 dicit,
1423 2641 1632 2735 quod
1664 2640 1779 2713 ita
1809 2644 1934 2713 est
1966 2640 2045 2712 in
2087 2638 2212 2713 his

667 2760 1182 2843 animalibus,
1245 2759 1452 2834 sieut
1497 2758 1575 2830 in
1619 2755 1942 2850 plantis,
1995 2761 2205 2842 Sicut,

666 2875 1017 2968 (inquit,)
1058 2880 1131 2943 in
1171 2878 1430 2965 plantis
1477 2875 1782 2964 qnceciam
1834 2877 2057 2945 divisa
2111 2878 2210 2943 vi-

665 2996 909 3063 dentur
948 2997 1171 3062 vivere
1213 3005 1526 3080 separata
1581 2993 1665 3062 ab
1704 2996 2009 3075 invicem,
2058 3006 2210 3061 tan-

666 3134 866 3201 quam
898 3113 1223 3178 existente
1246 3113 1320 3178 in
1349 3111 1455 3177 his
1483 3113 1737 3191 anima,
1775 3122 1925 3177 actn
1944 3112 2211 3200 quidem

666 3250 801 3293 nna
832 3228 908 3294 in
936 3247 1329 3316 unaquaque
1354 3227 1617 3315 planta,
1650 3230 1951 3315 potentia
1989 3238 2226 3311 autem·

659 3343 969 3432 pluribus
1008 3369 1030 3409 .·
1071 3345 1167 3409 sic
1215 3343 1515 3410 videmus
1544 3344 1619 3410 in
1657 3346 2072 3412 eontrarium
2113 3343 2210 3410 ai·

664 3473 840 3529 teras
878 3460 1134 3529 divisas
1175 3462 1439 3528 animas
1486 3463 1730 3528 animoe
1768 3462 2092 3542 accidere,
2147 3474 2208 3528 et

660 3580 842 3645 cirea
860 3579 1109 3644 alteras
1138 3579 1564 3664 differentias
1602 3579 1848 3645 anima>
1876 3578 2202 3660 accidere,

660 3705 732 3760 ut
798 3696 873 3761 in
919 3696 1201 3762 entomis
1277 3694 1519 3761 decisis
1538 3719 1563 3775 ,·
1631 3696 1872 3762 etenim
1944 3716 2208 3761 sensum

660 3822 944 3898 utraque
995 3812 1295 3899 partium
1335 3810 1549 3889 habet,
1593 3824 1655 3878 et
1694 3822 1940 3879 motum
1976 3833 2204 3878 secun-

662 3928 823 3994 dum
855 3928 1066 3996 locum
1100 3952 1121 3993 .·
1162 3929 1225 3993 si
1262 3938 1481 3997 autem
1536 3948 1820 4009 sensum,
1875 3941 1936 3996 et
1987 3930 2207 4016 phan—

663 4048 927 4127 tasiam,
964 4055 1023 4112 et
1052 4045 1447 4134 appetitum.

754 4161 852 4234 Et
930 4164 1125 4233 nota
1194 4159 1401 4250 quod
1467 4178 1629 4232 non
1688 4162 1955 4252 potest
2027 4179 2206 4231 esse

660 4276 1142 4349 sensitivum
1175 4275 1347 4348 sine
1379 4275 1772 4368 appetitu,
1817 4279 1895 4348 et
1941 4276 2207 4351 minus

667 4392 1129 4468 intellectus
1161 4396 1432 4486 potest
1464 4414 1641 4465 esse
1691 4392 1861 4465 sine
1904 4394 2209 4487 appeti-

664 4516 777 4592 tu,
816 4513 903 4583 ut
962 4511 1319 4587 dicebam
1363 4510 1443 4582 in
1505 4510 1953 4602 quaestione
2010 4532 2206 4604 pree-

664 4629 999 4710 eedenti,
1055 4628 1136 4700 in
1196 4627 1602 4700 solutione
1672 4627 1907 4698 unius
1968 4647 2208 4719 argu-

668 4743 941 4817 menti.
1017 4742 1100 4819 si
1158 4749 1429 4819 autem
1490 4764 1695 4815 unus
1780 4743 1906 4815 vel
1967 4744 2203 4827 alius,

666 4865 910 4954 ponat
971 4861 1451 4936 sensitivum
1522 4858 2029 4942 indivisibile,
2096 4860 2209 4932 di-

662 4982 853 5052 cunt
942 4978 1146 5072 quod
1217 4977 1713 5068 intelligitur
1783 4976 2047 5048 solum
2116 4978 2207 5047 de

662 5095 1040 5177 humano,
1081 5094 1284 5187 quod
1322 5093 1706 5165 fundatur
1740 5091 1820 5163 in
1858 5092 2208 5165 materia

661 5213 1104 5308 spirituali.
1168 5213 1479 5285 Addunt
1550 5215 1824 5284 tamen
1883 5211 1977 5281 ad
2055 5209 2206 5282 hoo

659 5329 1087 5425 quamdam
1122 5329 1296 5420 Jam
1365 5333 1670 5402 tactam
1735 5325 2138 5398 rationem
2188 5351 2200 5395 :

658 5468 839 5520 eum
896 5447 1112 5519 enim
1183 5445 1449 5517 forma
1522 5442 1888 5536 perficiat
1961 5445 2204 5513 mate-

665 5564 899 5646 riam,
938 5566 1025 5636 ut
1086 5566 1212 5635 est
1246 5562 1319 5635 ei
1382 5581 1743 5655 praesens
1805 5580 1951 5652 per
2030 5560 2202 5631 sub-

1837 378 1939 440 DE
1982 376 2248 442 RERUM
2295 376 2684 441 PRINCIPIO

2326 537 2931 622 sta‘ntiam,sola
2965 538 3104 611 illa
3146 537 3437 620 forma,
3476 559 3652 631 quae
3692 560 3866 614 eon·

2328 662 2737 730 summato
2784 658 3015 730 modo
3082 656 3401 750 perficit
3458 661 3537 730 et
3600 659 3867 731 termi-

2326 776 2492 852 nat,
2542 773 2803 864 qualis
2835 775 2958 846 est
2992 772 3268 845 anima
3301 773 3733 846 rationalis
3790 780 3866 849 et

2329 888 2747 971 sensitiva,
2805 910 2979 982 quae
3010 891 3133 961 est
3182 889 3386 961 idem
3437 910 3622 963 cum
3664 890 3861 983 ipsa,

2329 1007 2504 1080 sola
2566 1006 2705 1079 illa
2754 1011 3324 1082 consummato
3385 1010 3464 1081 et
3525 1009 3866 1102 eomple-

2327 1124 2651 1200 tissimo
2695 1125 2926 1198 modo
2997 1146 3080 1198 se
3121 1122 3322 1198 facit
3381 1127 3866 1218 praesentem

2328 1262 2494 1316 suae
2565 1239 2932 1315 materiae
2976 1266 2991 1313 :
3054 1241 3703 1335 perfectissimus
3734 1262 3868 1314 au-

2329 1361 2495 1432 tem
2530 1358 2810 1431 modus
2853 1360 3001 1440 est,
3041 1357 3251 1450 quod
3279 1360 3459 1430 tota
3489 1357 3598 1434 sit
3633 1358 3714 1431 in
3753 1360 3866 1431 to·

2329 1478 2441 1557 to,
2485 1477 2564 1547 et
2606 1477 2784 1547 tota
2827 1474 2905 1546 in
2940 1473 3295 1567 qualibet
3330 1476 3602 1566 parte;
3670 1493 3865 1566 ergo

2329 1590 2553 1665 nulla
2612 1589 3004 1663 sensitiva
3043 1589 3478 1663 brutorum
3549 1589 3700 1664 hoe
3739 1589 3867 1662 ha-

2328 1706 2567 1780 bebit.

2894 1905 3296 1964 SCHOLIUM.

2396 2086 2689 2154 Quatuor,
2724 2083 2825 2141 vei
2855 2084 3135 2157 quinque
3166 2083 3493 2155 opiniones
3520 2083 3690 2141 eirea
3720 2098 3872 2156 qus-

2324 2183 2563 2244 litatem
2595 2184 2824 2241 animae
2856 2183 3207 2250 brutorum,
3241 2181 3556 2250 videlieet,
3614 2197 3695 2240 an
3753 2184 3873 2240 sint

2323 2280 2700 2349 divisibiles,
2733 2282 2838 2339 vel
2868 2282 3075 2354 potius
3106 2280 3512 2348 insectibile&
3546 2281 3743 2339 refert
3773 2281 3871 2339 hie

2324 2381 2574 2449 Scotus;
2607 2383 2668 2437 et
2694 2380 2988 2451 primam,
3050 2380 3377 2447 nimirum,
3436 2378 3602 2454 quod
3659 2393 3871 2436 omnes

2322 2477 2551 2534 animae
2570 2479 2711 2534 sive
2730 2477 3173 2550 perfectorum,
3197 2479 3334 2534 sive
3356 2478 3869 2551 imperfectorum

2321 2576 2982 2649 animalium,excepta
3010 2576 3323 2644 rationali,
3356 2577 3483 2635 sint
3512 2581 3791 2636 extensae
3819 2581 3877 2633 et

2322 2674 2622 2744 dividuae,
2647 2675 2890 2746 ‚iudicat
2919 2674 3443 2748 probabiliorem3
3479 2691 3743 2750 eamque
3773 2678 3874 2734 in-

2320 2776 2487 2834 dicat
2516 2776 2580 2832 in
2611 2775 2666 2832 4.
2698 2774 2842 2834 dist.
2877 2776 2928 2833 1.
2960 2788 3021 2848 q.
3053 2775 3108 2833 5.
3145 2773 3251 2833 ubi
3286 2774 3489 2845 habet,
3523 2775 3720 2834 solam
3771 2789 3877 2833 ra-

2318 2871 2616 2932 tionalem
2648 2886 2781 2929 esse
2810 2875 2997 2931 totam
3031 2873 3097 2929 in
3143 2876 3288 2943 tote,
3347 2876 3410 2931 et
3466 2873 3532 2931 in
3592 2873 3877 2945 qualibet

2319 2976 2496 3044 parte
2528 2989 2543 3029 ε
2578 2976 2641 3031 et
2667 2970 2811 3030 dist.
2843 2973 2935 3030 44.
2968 2976 3188 3044 quaest.
3223 2973 3275 3031 1.
3311 2969 3417 3029 ubi
3469 2969 3646 3041 dicit,
3709 2972 3874 3046 quod

2320 3068 2448 3126 sola
2481 3068 2869 3127 intellectiva
2900 3070 3197 3129 informat
3225 3084 3416 3129 novas
3447 3075 3657 3142 partes
3680 3074 3875 3130 mate-

2318 3165 2454 3237 riae,
2485 3167 2623 3225 sine
2653 3181 2726 3225 eo
2757 3164 2921 3240 quod
2952 3168 3088 3242 ipsa
3117 3173 3325 3242 partes
3357 3183 3549 3228 novas
3593 3169 3874 3243 accipiat

2408 3344 2569 3419 Alii
2601 3345 2901 3429 dieunt,
2940 3347 3145 3439 quod
3180 3345 3453 3419 anima
3476 3347 3872 3422 sensitiva
3925 3357 4132 3476 &⁶¹31st

2317 3459 2755 3536 brutorum
2823 3468 2948 3539 est
3019 3446 3533 3538 indivisibilis
3592 3470 3674 3541 et
3727 3485 3873 3560 per
3946 3485 4113 3555 opaea-

2321 3600 2430 3663 se,
2485 3584 2564 3652 et
2600 3600 2744 3672 per
2775 3579 3169 3664 accidens,
3228 3584 3309 3657 et
3369 3585 3546 3657 tota
3602 3587 3730 3657 est
3792 3548 4147 3685 incssauidpeafii·

2318 3699 2521 3780 toto,
2567 3700 2647 3771 et
2702 3697 2881 3773 tota
2921 3696 3002 3769 in
3060 3695 3416 3789 qualibet
3460 3703 3722 3792 parto.
3771 3703 3873 3774 Et
3984 3673 4059 3723 ²¹⁸·

2315 3815 2591 3890 dieunt
2648 3814 2800 3889 hoo
2855 3816 3404 3907 Augustinum
3484 3818 3869 3893 sensisse.

2318 3931 2537 4005 Unde
2577 3932 2771 4005 dicit
2812 3937 3104 4008 eontra
3168 3934 3605 4026 epistolam
3664 3937 3873 4009 Fun-

2317 4047 2674 4122 damenti
2719 4075 2734 4118 ε
2778 4053 3041 4119 Animo}
3094 4050 3378 4142 inquit,
3439 4065 3686 4121 natura
3714 4057 3864 4136 etsi,

2318 4167 2469 4238 ete.
2509 4186 2779 4257 quaere
2847 4186 3026 4238 eam
3070 4187 3321 4259 supra
3349 4170 3396 4238 *.
3435 4167 3679 4241 Ratio
3720 4188 3869 4241 au·
3914 4197 4086 4264 Qum,
4113 4188 4154 4240 9.

2320 4281 2485 4352 tom
2546 4278 2840 4353 horum
2874 4284 3022 4363 est,
3085 4282 3272 4374 quia
3320 4280 3615 4365 dieunt,
3656 4285 3871 4375 quod
3924 4252 4149 4371 ῗηῗιῗῖἶίο

2320 4398 2536 4471 Deus
2572 4396 3016 4469 seminaria
3066 4417 3227 4470 non
3295 4398 3559 4470 solum
3615 4399 3873 4473 ratio·
3930 4380 4141 4494 ὡζῗῑῗῖἒζ

2321 4535 2419 4588 ne
2505 4514 2966 4588 formarum
3068 4518 3622 4601 extensarum,
3671 4579 3678 4583 .
3727 4519 3876 4592 sed
3902 4506 4162 4622 ,331ξῆῗᾷ

2321 4632 2572 4707 etiam
2642 4631 3198 4724 spiritualium
3265 4635 3343 4704 et
3424 4633 3875 4706 individua·
4013 4628 4104 4683 *ffi-

2323 4746 2522 4819 lium
2589 4766 2733 4837 per
2813 4766 3133 4818 omnem
3195 4747 3517 4819 modum
3589 4747 3876 4821 indidit

2325 4859 2718 4939 materiae,
2782 4880 2881 4932 ex
2924 4880 3080 4951 quo
3139 4859 3231 4936 fit
3289 4861 3563 4935 anima
3623 4861 3881 4936 sensi-

2320 4977 2506 5050 bilis
2560 4976 2886 5048 omnino
2948 4975 3489 5051 indivisibilis.
3564 4981 3664 5053 Et
3713 4978 3878 5054 hoc

2319 5094 2513 5167 dicit
2548 5094 3050 5183 Augustinus
3085 5092 3164 5165 in
3206 5094 3340 5167 lib.
3375 5095 3467 5168 de
3537 5096 3883 5171 Mirabi-

2320 5210 2529 5283 libus
2581 5230 2838 5282 sacrae
2864 5210 3312 5304 Scriptura>
3355 5232 3533 5304 cap.
3577 5215 3685 5288 29.
3768 5214 3884 5282 Vi-

2320 5343 2450 5397 tam
2493 5327 2812 5418 (inquit)
2876 5330 3251 5397 sensibilem
3321 5341 3572 5398 terram
3629 5332 3884 5401 habere

2318 5447 2779 5514 indubitanter
2816 5446 3260 5533 diqnoscitnr,
3293 5469 3418 5535 per
3457 5470 3653 5537 qnam
3685 5450 3767 5516 in
3809 5472 3884 5518 se

2317 5563 2675 5630 crescentia
2741 5560 3075 5641 orborum,
3157 5574 3217 5629 et
3287 5564 3541 5633 olerum
3611 5568 3880 5648 fruteta
