<?xml version="1.0" encoding="UTF-8"?>
<!DOCTYPE html PUBLIC "-//W3C//DTD XHTML 1.0 Transitional//EN"
    "http://www.w3.org/TR/xhtml1/DTD/xhtml1-transitional.dtd">
<html xmlns="http://www.w3.org/1999/xhtml" xml:lang="en" lang="en">
 <head>
  <title>
</title>
<meta http-equiv="Content-Type" content="text/html;charset=utf-8" />
  <meta name='ocr-system' content='tesseract 3.04.00' />
  <meta name='ocr-capabilities' content='ocr_page ocr_carea ocr_par ocr_line ocrx_word'/>
</head>
<body>
  <div class='ocr_page' id='page_1' title='image "./joannisdunsscot03waddgoog_0445.png"; bbox 0 0 4252 6393; ppageno 0'>
   <div class='ocr_carea' id='block_1_1' title="bbox 1752 479 2250 557">
    <p class='ocr_par' dir='ltr' id='par_1_1' title="bbox 1752 479 2250 557">
     <span class='ocr_line' id='line_1_1' title="bbox 1752 479 2250 557; baseline 0.012 -12"><span class='ocrx_word' id='word_1_1' title='bbox 1752 479 2124 557; x_wconf 83' lang='lat' dir='ltr'>QUAESTIO</span> <span class='ocrx_word' id='word_1_2' title='bbox 2174 486 2250 551; x_wconf 91' lang='grc' dir='ltr'>ΙΧ</span> 
     </span>
    </p>
   </div>
   <div class='ocr_carea' id='block_1_2' title="bbox 3431 503 3552 571">
    <p class='ocr_par' dir='ltr' id='par_1_2' title="bbox 3431 503 3552 571">
     <span class='ocr_line' id='line_1_2' title="bbox 3431 503 3552 571; baseline 0.05 -5"><span class='ocrx_word' id='word_1_3' title='bbox 3431 503 3552 571; x_wconf 85' lang='grc'>419</span> 
     </span>
    </p>
   </div>
   <div class='ocr_carea' id='block_1_3' title="bbox 331 627 3549 743">
    <p class='ocr_par' dir='ltr' id='par_1_3' title="bbox 331 627 3549 743">
     <span class='ocr_line' id='line_1_3' title="bbox 331 627 3549 743; baseline 0.013 -47"><span class='ocrx_word' id='word_1_4' title='bbox 331 627 405 698; x_wconf 87' lang='grc' dir='ltr'>ει</span> <span class='ocrx_word' id='word_1_5' title='bbox 450 646 597 718; x_wconf 74' lang='grc' dir='ltr'>ρει·</span> <span class='ocrx_word' id='word_1_6' title='bbox 635 650 1136 725; x_wconf 86' lang='lat' dir='ltr'>consequens</span> <span class='ocrx_word' id='word_1_7' title='bbox 1170 637 1403 711; x_wconf 86' lang='lat' dir='ltr'>actus</span> <span class='ocrx_word' id='word_1_8' title='bbox 1434 638 1883 714; x_wconf 80' lang='lat' dir='ltr'><strong>nobiliores</strong></span> <span class='ocrx_word' id='word_1_9' title='bbox 1994 647 2222 729; x_wconf 76' lang='lat' dir='ltr'>tna-li,</span> <span class='ocrx_word' id='word_1_10' title='bbox 2310 670 2455 742; x_wconf 91' lang='lat' dir='ltr'>per</span> <span class='ocrx_word' id='word_1_11' title='bbox 2485 654 2852 728; x_wconf 86' lang='lat' dir='ltr'>accidens</span> <span class='ocrx_word' id='word_1_12' title='bbox 2886 659 3183 743; x_wconf 87' lang='lat' dir='ltr'>tamen,</span> <span class='ocrx_word' id='word_1_13' title='bbox 3233 663 3549 741; x_wconf 91' lang='lat' dir='ltr'>scilicet</span> 
     </span>
    </p>
   </div>
   <div class='ocr_carea' id='block_1_4' title="bbox 123 743 1881 5741">
    <p class='ocr_par' dir='ltr' id='par_1_4' title="bbox 123 743 1881 5741">
     <span class='ocr_line' id='line_1_4' title="bbox 331 743 1880 844; baseline 0.012 -31"><span class='ocrx_word' id='word_1_14' title='bbox 331 743 397 814; x_wconf 93' lang='lat' dir='ltr'>ei</span> <span class='ocrx_word' id='word_1_15' title='bbox 439 747 1036 823; x_wconf 90' lang='lat' dir='ltr'>communicari</span> <span class='ocrx_word' id='word_1_16' title='bbox 1069 759 1438 844; x_wconf 83' lang='lat' dir='ltr'>possunt,</span> <span class='ocrx_word' id='word_1_17' title='bbox 1474 760 1555 831; x_wconf 91' lang='lat' dir='ltr'>et</span> <span class='ocrx_word' id='word_1_18' title='bbox 1599 757 1677 829; x_wconf 91' lang='lat' dir='ltr'>in</span> <span class='ocrx_word' id='word_1_19' title='bbox 1723 759 1880 833; x_wconf 92' lang='lat' dir='ltr'>isto</span> 
     </span>
     <span class='ocr_line' id='line_1_5' title="bbox 334 860 1881 963; baseline 0.012 -33"><span class='ocrx_word' id='word_1_20' title='bbox 334 860 562 934; x_wconf 92' lang='lat' dir='ltr'>modo</span> <span class='ocrx_word' id='word_1_21' title='bbox 599 864 950 939; x_wconf 87' lang='lat' dir='ltr'>materia</span> <span class='ocrx_word' id='word_1_22' title='bbox 982 870 1548 963; x_wconf 89' lang='lat' dir='ltr'>corruptibilis</span> <span class='ocrx_word' id='word_1_23' title='bbox 1594 874 1673 946; x_wconf 92' lang='lat' dir='ltr'>in</span> <span class='ocrx_word' id='word_1_24' title='bbox 1702 897 1881 948; x_wconf 91' lang='lat' dir='ltr'>cor-</span> 
     </span>
     <span class='ocr_line' id='line_1_6' title="bbox 327 977 1878 1074; baseline 0.014 -28"><span class='ocrx_word' id='word_1_25' title='bbox 327 994 521 1067; x_wconf 90' lang='lat' dir='ltr'>pore</span> <span class='ocrx_word' id='word_1_26' title='bbox 555 977 911 1056; x_wconf 90' lang='lat' dir='ltr'>humano</span> <span class='ocrx_word' id='word_1_27' title='bbox 954 989 1079 1059; x_wconf 84' lang='lat' dir='ltr'>est</span> <span class='ocrx_word' id='word_1_28' title='bbox 1120 985 1553 1074; x_wconf 88' lang='lat' dir='ltr'>altissima,</span> <span class='ocrx_word' id='word_1_29' title='bbox 1623 995 1703 1065; x_wconf 89' lang='lat' dir='ltr'>et</span> <span class='ocrx_word' id='word_1_30' title='bbox 1743 1013 1878 1067; x_wconf 94' lang='lat' dir='ltr'>no-</span> 
     </span>
     <span class='ocr_line' id='line_1_7' title="bbox 324 1089 1877 1192; baseline 0.014 -31"><span class='ocrx_word' id='word_1_31' title='bbox 324 1089 753 1178; x_wconf 87' lang='lat' dir='ltr'>bilissima,</span> <span class='ocrx_word' id='word_1_32' title='bbox 798 1103 879 1174; x_wconf 84' lang='lat' dir='ltr'>et</span> <span class='ocrx_word' id='word_1_33' title='bbox 925 1100 1434 1192; x_wconf 84' lang='lat' dir='ltr'>dignissima,</span> <span class='ocrx_word' id='word_1_34' title='bbox 1480 1110 1562 1181; x_wconf 89' lang='lat' dir='ltr'>et</span> <span class='ocrx_word' id='word_1_35' title='bbox 1614 1108 1708 1180; x_wconf 85' lang='lat' dir='ltr'>ad</span> <span class='ocrx_word' id='word_1_36' title='bbox 1750 1130 1877 1183; x_wconf 92' lang='lat' dir='ltr'>ac-</span> 
     </span>
     <span class='ocr_line' id='line_1_8' title="bbox 323 1210 1875 1319; baseline 0.011 -38"><span class='ocrx_word' id='word_1_37' title='bbox 323 1211 449 1281; x_wconf 89' lang='lat' dir='ltr'>tus</span> <span class='ocrx_word' id='word_1_38' title='bbox 481 1210 964 1299; x_wconf 89' lang='lat' dir='ltr'>altissimos,</span> <span class='ocrx_word' id='word_1_39' title='bbox 1011 1222 1101 1294; x_wconf 93' lang='lat' dir='ltr'>ut</span> <span class='ocrx_word' id='word_1_40' title='bbox 1140 1224 1264 1295; x_wconf 88' lang='lat' dir='ltr'>est</span> <span class='ocrx_word' id='word_1_41' title='bbox 1324 1221 1406 1295; x_wconf 93' lang='lat' dir='ltr'>in</span> <span class='ocrx_word' id='word_1_42' title='bbox 1475 1225 1875 1319; x_wconf 85' lang='lat' dir='ltr'>composi·</span> 
     </span>
     <span class='ocr_line' id='line_1_9' title="bbox 323 1325 1870 1432; baseline 0.014 -38"><span class='ocrx_word' id='word_1_43' title='bbox 323 1325 431 1405; x_wconf 87' lang='lat' dir='ltr'>to,</span> <span class='ocrx_word' id='word_1_44' title='bbox 494 1329 715 1419; x_wconf 87' lang='lat' dir='ltr'>apta.</span> <span class='ocrx_word' id='word_1_45' title='bbox 770 1333 871 1406; x_wconf 88' lang='lat' dir='ltr'>Et</span> <span class='ocrx_word' id='word_1_46' title='bbox 946 1331 1096 1407; x_wconf 89' lang='lat' dir='ltr'>hoc</span> <span class='ocrx_word' id='word_1_47' title='bbox 1163 1339 1312 1419; x_wconf 91' lang='lat' dir='ltr'>est,</span> <span class='ocrx_word' id='word_1_48' title='bbox 1387 1341 1592 1432; x_wconf 87' lang='lat' dir='ltr'>quod</span> <span class='ocrx_word' id='word_1_49' title='bbox 1677 1341 1870 1418; x_wconf 86' lang='lat' dir='ltr'>dicit</span> 
     </span>
     <span class='ocr_line' id='line_1_10' title="bbox 322 1437 1868 1550; baseline 0.014 -41"><span class='ocrx_word' id='word_1_50' title='bbox 322 1437 731 1517; x_wconf 84' lang='lat' dir='ltr'>Avicenna</span> <span class='ocrx_word' id='word_1_51' title='bbox 804 1449 879 1519; x_wconf 88' lang='grc'>6.</span> <span class='ocrx_word' id='word_1_52' title='bbox 963 1450 1523 1539; x_wconf 70' lang='lat' dir='ltr'>Naturalium,</span> <span class='ocrx_word' id='word_1_53' title='bbox 1634 1462 1868 1550; x_wconf 84' lang='lat' dir='ltr'>parte</span> 
     </span>
     <span class='ocr_line' id='line_1_11' title="bbox 322 1562 1865 1666; baseline 0.014 -40"><span class='ocrx_word' id='word_1_54' title='bbox 322 1562 641 1646; x_wconf 78' lang='lat' dir='ltr'>quarta,</span> <span class='ocrx_word' id='word_1_55' title='bbox 706 1581 882 1657; x_wconf 78' lang='lat' dir='ltr'>cap.</span> <span class='ocrx_word' id='word_1_56' title='bbox 945 1569 1013 1639; x_wconf 87' lang='lat'>5.</span> <span class='ocrx_word' id='word_1_57' title='bbox 1089 1571 1484 1660; x_wconf 73' lang='lat' dir='ltr'>Compleaeio</span> <span class='ocrx_word' id='word_1_58' title='bbox 1540 1575 1865 1666; x_wconf 77' lang='lat' dir='ltr'>quo(in-</span> 
     </span>
     <span class='ocr_line' id='line_1_12' title="bbox 318 1675 1865 1769; baseline 0.013 -26"><span class='ocrx_word' id='word_1_59' title='bbox 318 1675 536 1766; x_wconf 88' lang='lat' dir='ltr'>quit)</span> <span class='ocrx_word' id='word_1_60' title='bbox 576 1684 792 1769; x_wconf 71' lang='lat' dir='ltr'>maqis</span> <span class='ocrx_word' id='word_1_61' title='bbox 828 1689 1175 1754; x_wconf 72' lang='lat' dir='ltr'>accesserit</span> <span class='ocrx_word' id='word_1_62' title='bbox 1230 1691 1321 1756; x_wconf 84' lang='lat' dir='ltr'>ad</span> <span class='ocrx_word' id='word_1_63' title='bbox 1358 1693 1648 1760; x_wconf 81' lang='lat' dir='ltr'>medium</span> <span class='ocrx_word' id='word_1_64' title='bbox 1687 1718 1865 1762; x_wconf 84' lang='lat' dir='ltr'>com-</span> 
     </span>
     <span class='ocr_line' id='line_1_13' title="bbox 310 1791 1863 1897; baseline 0.016 -42"><span class='ocrx_word' id='word_1_65' title='bbox 310 1791 798 1879; x_wconf 73' lang='lat' dir='ltr'>plexionatum,</span> <span class='ocrx_word' id='word_1_66' title='bbox 835 1803 1060 1887; x_wconf 76' lang='lat' dir='ltr'>aplius</span> <span class='ocrx_word' id='word_1_67' title='bbox 1094 1805 1209 1887; x_wconf 80' lang='lat' dir='ltr'>siet</span> <span class='ocrx_word' id='word_1_68' title='bbox 1266 1805 1358 1873; x_wconf 83' lang='lat' dir='ltr'>ad</span> <span class='ocrx_word' id='word_1_69' title='bbox 1402 1811 1863 1897; x_wconf 78' lang='lat' dir='ltr'>recipiendum</span> 
     </span>
     <span class='ocr_line' id='line_1_14' title="bbox 310 1919 1862 2002; baseline 0.017 -30"><span class='ocrx_word' id='word_1_70' title='bbox 310 1922 735 1994; x_wconf 60' lang='lat' dir='ltr'>ammentum</span> <span class='ocrx_word' id='word_1_71' title='bbox 770 1919 1210 2002; x_wconf 75' lang='lat' dir='ltr'>perfectionis</span> <span class='ocrx_word' id='word_1_72' title='bbox 1276 1924 1429 1991; x_wconf 78' lang='lat' dir='ltr'>vitoe</span> <span class='ocrx_word' id='word_1_73' title='bbox 1460 1951 1482 1992; x_wconf 92' lang='lat'>.·</span> <span class='ocrx_word' id='word_1_74' title='bbox 1529 1948 1674 1995; x_wconf 78' lang='lat' dir='ltr'>cum</span> <span class='ocrx_word' id='word_1_75' title='bbox 1710 1953 1862 1999; x_wconf 84' lang='lat' dir='ltr'>vcro</span> 
     </span>
     <span class='ocr_line' id='line_1_15' title="bbox 311 2030 1861 2119; baseline 0.017 -31"><span class='ocrx_word' id='word_1_76' title='bbox 311 2030 939 2110; x_wconf 72' lang='lat' dir='ltr'>temperatissimum</span> <span class='ocrx_word' id='word_1_77' title='bbox 975 2036 1212 2119; x_wconf 78' lang='lat' dir='ltr'>fuerit,</span> <span class='ocrx_word' id='word_1_78' title='bbox 1250 2040 1347 2105; x_wconf 78' lang='lat' dir='ltr'>ita</span> <span class='ocrx_word' id='word_1_79' title='bbox 1385 2053 1459 2107; x_wconf 77' lang='lat' dir='ltr'>ut</span> <span class='ocrx_word' id='word_1_80' title='bbox 1514 2051 1861 2117; x_wconf 78' lang='lat' dir='ltr'>contraria</span> 
     </span>
     <span class='ocr_line' id='line_1_16' title="bbox 309 2143 1858 2249; baseline 0.018 -46"><span class='ocrx_word' id='word_1_81' title='bbox 309 2143 597 2227; x_wconf 79' lang='lat' dir='ltr'>oequalia</span> <span class='ocrx_word' id='word_1_82' title='bbox 633 2146 772 2212; x_wconf 77' lang='lat' dir='ltr'>sinc</span> <span class='ocrx_word' id='word_1_83' title='bbox 830 2150 905 2215; x_wconf 75' lang='lat' dir='ltr'>in</span> <span class='ocrx_word' id='word_1_84' title='bbox 936 2171 1035 2231; x_wconf 82' lang='lat' dir='ltr'>ee,</span> <span class='ocrx_word' id='word_1_85' title='bbox 1072 2164 1135 2218; x_wconf 80' lang='lat' dir='ltr'>et</span> <span class='ocrx_word' id='word_1_86' title='bbox 1174 2159 1521 2242; x_wconf 72' lang='lat' dir='ltr'>(equaliter</span> <span class='ocrx_word' id='word_1_87' title='bbox 1577 2183 1858 2249; x_wconf 78' lang='lat' dir='ltr'>operen-</span> 
     </span>
     <span class='ocr_line' id='line_1_17' title="bbox 309 2262 1858 2356; baseline 0.018 -35"><span class='ocrx_word' id='word_1_88' title='bbox 309 2266 439 2338; x_wconf 78' lang='lat' dir='ltr'>mr,</span> <span class='ocrx_word' id='word_1_89' title='bbox 511 2262 932 2349; x_wconf 77' lang='lat' dir='ltr'>coaptabitur</span> <span class='ocrx_word' id='word_1_90' title='bbox 974 2271 1384 2356; x_wconf 79' lang='lat' dir='ltr'>perfectioni</span> <span class='ocrx_word' id='word_1_91' title='bbox 1438 2276 1593 2343; x_wconf 80' lang='lat' dir='ltr'>vitoe</span> <span class='ocrx_word' id='word_1_92' title='bbox 1648 2283 1858 2348; x_wconf 82' lang='lat' dir='ltr'>racio-</span> 
     </span>
     <span class='ocr_line' id='line_1_18' title="bbox 306 2374 578 2441; baseline 0.011 -3"><span class='ocrx_word' id='word_1_93' title='bbox 306 2374 578 2441; x_wconf 74' lang='lat' dir='ltr'>nabilis.</span> 
     </span>
     <span class='ocr_line' id='line_1_19' title="bbox 123 2487 1855 2606; baseline 0.02 -58"><span class='ocrx_word' id='word_1_94' title='bbox 123 2500 171 2549; x_wconf 73' lang='lat'>⁴9</span> <span class='ocrx_word' id='word_1_95' title='bbox 386 2487 504 2559; x_wconf 89' lang='lat' dir='ltr'>Ad</span> <span class='ocrx_word' id='word_1_96' title='bbox 578 2492 901 2567; x_wconf 91' lang='lat' dir='ltr'>oculum</span> <span class='ocrx_word' id='word_1_97' title='bbox 941 2497 1188 2583; x_wconf 86' lang='lat' dir='ltr'>vides,</span> <span class='ocrx_word' id='word_1_98' title='bbox 1235 2505 1443 2606; x_wconf 87' lang='lat' dir='ltr'>quod</span> <span class='ocrx_word' id='word_1_99' title='bbox 1473 2506 1855 2604; x_wconf 86' lang='lat' dir='ltr'>deceptus</span> 
     </span>
     <span class='ocr_line' id='line_1_20' title="bbox 298 2610 1853 2713; baseline 0.019 -40"><span class='ocrx_word' id='word_1_100' title='bbox 298 2621 377 2674; x_wconf 87' lang='lat' dir='ltr'>es</span> <span class='ocrx_word' id='word_1_101' title='bbox 420 2625 573 2698; x_wconf 88' lang='lat' dir='ltr'>per</span> <span class='ocrx_word' id='word_1_102' title='bbox 593 2610 1320 2700; x_wconf 78' lang='lat' dir='ltr'>aequivocationem</span> <span class='ocrx_word' id='word_1_103' title='bbox 1352 2622 1445 2695; x_wconf 89' lang='lat' dir='ltr'>de</span> <span class='ocrx_word' id='word_1_104' title='bbox 1480 2629 1853 2713; x_wconf 86' lang='lat' dir='ltr'>materia,</span> 
     </span>
     <span class='ocr_line' id='line_1_21' title="bbox 300 2720 1850 2828; baseline 0.019 -38"><span class='ocrx_word' id='word_1_105' title='bbox 300 2720 484 2809; x_wconf 87' lang='lat' dir='ltr'>quia</span> <span class='ocrx_word' id='word_1_106' title='bbox 531 2728 617 2798; x_wconf 89' lang='lat' dir='ltr'>ut</span> <span class='ocrx_word' id='word_1_107' title='bbox 653 2730 1151 2820; x_wconf 88' lang='lat' dir='ltr'>receptibilis</span> <span class='ocrx_word' id='word_1_108' title='bbox 1186 2735 1473 2812; x_wconf 80' lang='lat' dir='ltr'>formae</span> <span class='ocrx_word' id='word_1_109' title='bbox 1506 2761 1667 2815; x_wconf 89' lang='lat' dir='ltr'>non</span> <span class='ocrx_word' id='word_1_110' title='bbox 1699 2751 1850 2828; x_wconf 87' lang='lat' dir='ltr'>est,</span> 
     </span>
     <span class='ocr_line' id='line_1_22' title="bbox 295 2838 1854 2954; baseline 0.019 -49"><span class='ocrx_word' id='word_1_111' title='bbox 295 2855 431 2910; x_wconf 89' lang='lat' dir='ltr'>nec</span> <span class='ocrx_word' id='word_1_112' title='bbox 481 2838 787 2915; x_wconf 89' lang='lat' dir='ltr'>dicitur</span> <span class='ocrx_word' id='word_1_113' title='bbox 826 2846 1183 2922; x_wconf 92' lang='lat' dir='ltr'>nobilior</span> <span class='ocrx_word' id='word_1_114' title='bbox 1219 2853 1646 2931; x_wconf 90' lang='lat' dir='ltr'>nobilitate</span> <span class='ocrx_word' id='word_1_115' title='bbox 1694 2864 1854 2954; x_wconf 91' lang='lat' dir='ltr'>pri-</span> 
     </span>
     <span class='ocr_line' id='line_1_23' title="bbox 294 2954 1855 3053; baseline 0.019 -33"><span class='ocrx_word' id='word_1_116' title='bbox 294 2970 414 3022; x_wconf 89' lang='lat' dir='ltr'>mo</span> <span class='ocrx_word' id='word_1_117' title='bbox 447 2954 686 3027; x_wconf 92' lang='lat' dir='ltr'>modo</span> <span class='ocrx_word' id='word_1_118' title='bbox 712 2966 1071 3053; x_wconf 88' lang='lat' dir='ltr'>accepta,</span> <span class='ocrx_word' id='word_1_119' title='bbox 1110 2968 1243 3039; x_wconf 92' lang='lat' dir='ltr'>sed</span> <span class='ocrx_word' id='word_1_120' title='bbox 1284 2973 1628 3046; x_wconf 86' lang='lat' dir='ltr'>secundo</span> <span class='ocrx_word' id='word_1_121' title='bbox 1691 2997 1855 3049; x_wconf 91' lang='lat' dir='ltr'>mo-</span> 
     </span>
     <span class='ocr_line' id='line_1_24' title="bbox 285 3065 1853 3166; baseline 0.019 -29"><span class='ocrx_word' id='word_1_122' title='bbox 285 3065 409 3150; x_wconf 87' lang='lat' dir='ltr'>do;</span> <span class='ocrx_word' id='word_1_123' title='bbox 445 3071 532 3142; x_wconf 91' lang='lat' dir='ltr'>et</span> <span class='ocrx_word' id='word_1_124' title='bbox 559 3076 781 3147; x_wconf 88' lang='lat' dir='ltr'>certe</span> <span class='ocrx_word' id='word_1_125' title='bbox 851 3076 1008 3151; x_wconf 88' lang='lat' dir='ltr'>isto</span> <span class='ocrx_word' id='word_1_126' title='bbox 1066 3083 1298 3157; x_wconf 89' lang='lat' dir='ltr'>modo</span> <span class='ocrx_word' id='word_1_127' title='bbox 1339 3089 1853 3166; x_wconf 91' lang='lat' dir='ltr'>nobilissima</span> 
     </span>
     <span class='ocr_line' id='line_1_25' title="bbox 283 3189 1850 3292; baseline 0.019 -37"><span class='ocrx_word' id='word_1_128' title='bbox 283 3189 400 3259; x_wconf 91' lang='lat' dir='ltr'>est</span> <span class='ocrx_word' id='word_1_129' title='bbox 465 3190 819 3265; x_wconf 85' lang='lat' dir='ltr'>materia</span> <span class='ocrx_word' id='word_1_130' title='bbox 887 3218 1188 3292; x_wconf 89' lang='lat' dir='ltr'>corpus</span> <span class='ocrx_word' id='word_1_131' title='bbox 1228 3201 1697 3292; x_wconf 88' lang='lat' dir='ltr'>humanum,</span> <span class='ocrx_word' id='word_1_132' title='bbox 1770 3215 1850 3287; x_wconf 90' lang='lat' dir='ltr'>et</span> 
     </span>
     <span class='ocr_line' id='line_1_26' title="bbox 286 3301 1847 3416; baseline 0.02 -45"><span class='ocrx_word' id='word_1_133' title='bbox 286 3301 455 3391; x_wconf 86' lang='lat' dir='ltr'>plus</span> <span class='ocrx_word' id='word_1_134' title='bbox 484 3304 729 3398; x_wconf 85' lang='lat' dir='ltr'>longe</span> <span class='ocrx_word' id='word_1_135' title='bbox 747 3331 987 3403; x_wconf 89' lang='lat' dir='ltr'>quam</span> <span class='ocrx_word' id='word_1_136' title='bbox 1015 3320 1365 3394; x_wconf 89' lang='lat' dir='ltr'>materia</span> <span class='ocrx_word' id='word_1_137' title='bbox 1388 3323 1847 3416; x_wconf 87' lang='lat' dir='ltr'>spiritualis</span> 
     </span>
     <span class='ocr_line' id='line_1_27' title="bbox 287 3419 1842 3524; baseline 0.019 -36"><span class='ocrx_word' id='word_1_138' title='bbox 287 3419 604 3506; x_wconf 81' lang='lat' dir='ltr'>animae,</span> <span class='ocrx_word' id='word_1_139' title='bbox 652 3425 861 3502; x_wconf 89' lang='lat' dir='ltr'>sicut</span> <span class='ocrx_word' id='word_1_140' title='bbox 914 3430 1090 3524; x_wconf 90' lang='lat' dir='ltr'>ipsa</span> <span class='ocrx_word' id='word_1_141' title='bbox 1158 3438 1332 3511; x_wconf 88' lang='lat' dir='ltr'>tota</span> <span class='ocrx_word' id='word_1_142' title='bbox 1410 3442 1842 3518; x_wconf 85' lang='lat' dir='ltr'>rationalis</span> 
     </span>
     <span class='ocr_line' id='line_1_28' title="bbox 286 3536 1840 3638; baseline 0.019 -32"><span class='ocrx_word' id='word_1_143' title='bbox 286 3536 561 3611; x_wconf 85' lang='lat' dir='ltr'>anima</span> <span class='ocrx_word' id='word_1_144' title='bbox 645 3547 1102 3638; x_wconf 87' lang='lat' dir='ltr'>composita</span> <span class='ocrx_word' id='word_1_145' title='bbox 1168 3572 1266 3623; x_wconf 87' lang='lat' dir='ltr'>ex</span> <span class='ocrx_word' id='word_1_146' title='bbox 1329 3558 1678 3632; x_wconf 89' lang='lat' dir='ltr'>materia</span> <span class='ocrx_word' id='word_1_147' title='bbox 1760 3565 1840 3637; x_wconf 91' lang='lat' dir='ltr'>et</span> 
     </span>
     <span class='ocr_line' id='line_1_29' title="bbox 284 3649 1836 3761; baseline 0.02 -40"><span class='ocrx_word' id='word_1_148' title='bbox 284 3649 579 3738; x_wconf 83' lang='lat' dir='ltr'>forma,</span> <span class='ocrx_word' id='word_1_149' title='bbox 625 3659 860 3753; x_wconf 90' lang='lat' dir='ltr'>cujus</span> <span class='ocrx_word' id='word_1_150' title='bbox 924 3670 1445 3761; x_wconf 77' lang='lat' dir='ltr'>susceptibile</span> <span class='ocrx_word' id='word_1_151' title='bbox 1489 3680 1613 3749; x_wconf 88' lang='lat' dir='ltr'>est</span> <span class='ocrx_word' id='word_1_152' title='bbox 1662 3699 1836 3751; x_wconf 91' lang='lat' dir='ltr'>cor-</span> 
     </span>
     <span class='ocr_line' id='line_1_30' title="bbox 284 3769 1833 3886; baseline 0.019 -46"><span class='ocrx_word' id='word_1_153' title='bbox 284 3788 425 3861; x_wconf 90' lang='lat' dir='ltr'>pus</span> <span class='ocrx_word' id='word_1_154' title='bbox 496 3772 968 3863; x_wconf 89' lang='lat' dir='ltr'>humanum,</span> <span class='ocrx_word' id='word_1_155' title='bbox 1016 3769 1372 3860; x_wconf 74' lang='lat' dir='ltr'>nobilio&#39;r</span> <span class='ocrx_word' id='word_1_156' title='bbox 1410 3797 1535 3865; x_wconf 88' lang='lat' dir='ltr'>est</span> <span class='ocrx_word' id='word_1_157' title='bbox 1598 3802 1833 3886; x_wconf 87' lang='lat' dir='ltr'>parte</span> 
     </span>
     <span class='ocr_line' id='line_1_31' title="bbox 280 3888 1829 3999; baseline 0.018 -42"><span class='ocrx_word' id='word_1_158' title='bbox 280 3905 419 3959; x_wconf 86' lang='lat' dir='ltr'>sua</span> <span class='ocrx_word' id='word_1_159' title='bbox 462 3888 824 3977; x_wconf 82' lang='lat' dir='ltr'>formali,</span> <span class='ocrx_word' id='word_1_160' title='bbox 864 3898 1098 3991; x_wconf 88' lang='lat' dir='ltr'>cujus</span> <span class='ocrx_word' id='word_1_161' title='bbox 1150 3908 1672 3999; x_wconf 80' lang='lat' dir='ltr'>susceptibile</span> <span class='ocrx_word' id='word_1_162' title='bbox 1705 3916 1829 3986; x_wconf 81' lang='lat' dir='ltr'>est</span> 
     </span>
     <span class='ocr_line' id='line_1_32' title="bbox 278 4007 1827 4103; baseline 0.019 -30"><span class='ocrx_word' id='word_1_163' title='bbox 278 4007 631 4080; x_wconf 85' lang='lat' dir='ltr'>materia</span> <span class='ocrx_word' id='word_1_164' title='bbox 673 4012 1158 4103; x_wconf 86' lang='lat' dir='ltr'>spiritualis.</span> <span class='ocrx_word' id='word_1_165' title='bbox 1233 4024 1330 4094; x_wconf 85' lang='lat' dir='ltr'>Et</span> <span class='ocrx_word' id='word_1_166' title='bbox 1394 4023 1541 4099; x_wconf 89' lang='lat' dir='ltr'>hoc</span> <span class='ocrx_word' id='word_1_167' title='bbox 1632 4030 1827 4102; x_wconf 90' lang='lat' dir='ltr'>mul-</span> 
     </span>
     <span class='ocr_line' id='line_1_33' title="bbox 274 4121 1824 4219; baseline 0.019 -30"><span class='ocrx_word' id='word_1_168' title='bbox 274 4121 441 4192; x_wconf 90' lang='lat' dir='ltr'>tum</span> <span class='ocrx_word' id='word_1_169' title='bbox 512 4123 736 4200; x_wconf 79' lang='lat' dir='ltr'>valet</span> <span class='ocrx_word' id='word_1_170' title='bbox 805 4130 898 4202; x_wconf 88' lang='lat' dir='ltr'>ad</span> <span class='ocrx_word' id='word_1_171' title='bbox 970 4134 1440 4211; x_wconf 89' lang='lat' dir='ltr'>solvendum</span> <span class='ocrx_word' id='word_1_172' title='bbox 1523 4144 1824 4219; x_wconf 88' lang='lat' dir='ltr'>multas</span> 
     </span>
     <span class='ocr_line' id='line_1_34' title="bbox 269 4231 1825 4353; baseline 0.02 -49"><span class='ocrx_word' id='word_1_173' title='bbox 269 4231 786 4315; x_wconf 86' lang='lat' dir='ltr'>deductiones</span> <span class='ocrx_word' id='word_1_174' title='bbox 833 4246 1100 4322; x_wconf 80' lang='lat' dir='ltr'>factas</span> <span class='ocrx_word' id='word_1_175' title='bbox 1155 4251 1235 4323; x_wconf 92' lang='lat' dir='ltr'>in</span> <span class='ocrx_word' id='word_1_176' title='bbox 1270 4256 1657 4347; x_wconf 83' lang='lat' dir='ltr'>praedicta</span> <span class='ocrx_word' id='word_1_177' title='bbox 1693 4283 1825 4353; x_wconf 91' lang='lat' dir='ltr'>po-</span> 
     </span>
     <span class='ocr_line' id='line_1_35' title="bbox 272 4349 1825 4470; baseline 0.02 -51"><span class='ocrx_word' id='word_1_178' title='bbox 272 4349 593 4438; x_wconf 84' lang='lat' dir='ltr'>sitione,</span> <span class='ocrx_word' id='word_1_179' title='bbox 642 4361 1114 4451; x_wconf 81' lang='lat' dir='ltr'>specialiter</span> <span class='ocrx_word' id='word_1_180' title='bbox 1181 4368 1362 4443; x_wconf 88' lang='lat' dir='ltr'>illas</span> <span class='ocrx_word' id='word_1_181' title='bbox 1408 4394 1583 4465; x_wconf 61' lang='lat' dir='ltr'>quae</span> <span class='ocrx_word' id='word_1_182' title='bbox 1646 4398 1825 4470; x_wconf 90' lang='lat' dir='ltr'>pro-</span> 
     </span>
     <span class='ocr_line' id='line_1_36' title="bbox 272 4463 1825 4565; baseline 0.019 -30"><span class='ocrx_word' id='word_1_183' title='bbox 272 4463 483 4551; x_wconf 83' lang='lat' dir='ltr'>bant,</span> <span class='ocrx_word' id='word_1_184' title='bbox 556 4474 759 4562; x_wconf 85' lang='lat' dir='ltr'>quod</span> <span class='ocrx_word' id='word_1_185' title='bbox 829 4476 1290 4557; x_wconf 84' lang='lat' dir='ltr'>intellectus</span> <span class='ocrx_word' id='word_1_186' title='bbox 1369 4493 1454 4563; x_wconf 86' lang='lat' dir='ltr'>ut</span> <span class='ocrx_word' id='word_1_187' title='bbox 1550 4492 1825 4565; x_wconf 88' lang='lat' dir='ltr'>unitus</span> 
     </span>
     <span class='ocr_line' id='line_1_37' title="bbox 274 4585 1825 4688; baseline 0.021 -38"><span class='ocrx_word' id='word_1_188' title='bbox 274 4585 632 4675; x_wconf 88' lang='lat' dir='ltr'>corpori,</span> <span class='ocrx_word' id='word_1_189' title='bbox 696 4608 856 4661; x_wconf 92' lang='lat' dir='ltr'>non</span> <span class='ocrx_word' id='word_1_190' title='bbox 911 4592 1434 4688; x_wconf 70' lang='lat' dir='ltr'>intelligeret,</span> <span class='ocrx_word' id='word_1_191' title='bbox 1489 4625 1632 4679; x_wconf 85' lang='lat' dir='ltr'>nec</span> <span class='ocrx_word' id='word_1_192' title='bbox 1703 4631 1825 4679; x_wconf 88' lang='lat' dir='ltr'>su-</span> 
     </span>
     <span class='ocr_line' id='line_1_38' title="bbox 276 4705 1826 4796; baseline 0.02 -31"><span class='ocrx_word' id='word_1_193' title='bbox 276 4714 411 4785; x_wconf 85' lang='lat' dir='ltr'>per</span> <span class='ocrx_word' id='word_1_194' title='bbox 434 4721 522 4772; x_wconf 89' lang='lat' dir='ltr'>se</span> <span class='ocrx_word' id='word_1_195' title='bbox 559 4722 641 4773; x_wconf 91' lang='lat' dir='ltr'>se</span> <span class='ocrx_word' id='word_1_196' title='bbox 675 4705 1160 4796; x_wconf 88' lang='lat' dir='ltr'>reflecteret,</span> <span class='ocrx_word' id='word_1_197' title='bbox 1185 4736 1330 4789; x_wconf 87' lang='lat' dir='ltr'>nec</span> <span class='ocrx_word' id='word_1_198' title='bbox 1360 4718 1826 4796; x_wconf 82' lang='lat' dir='ltr'>libertatem</span> 
     </span>
     <span class='ocr_line' id='line_1_39' title="bbox 273 4805 1825 4930; baseline 0.022 -53"><span class='ocrx_word' id='word_1_199' title='bbox 273 4805 646 4900; x_wconf 54' lang='lat' dir='ltr'>haberem</span> <span class='ocrx_word' id='word_1_200' title='bbox 689 4820 957 4896; x_wconf 91' lang='lat' dir='ltr'>minus</span> <span class='ocrx_word' id='word_1_201' title='bbox 1019 4829 1236 4902; x_wconf 91' lang='lat' dir='ltr'>enim</span> <span class='ocrx_word' id='word_1_202' title='bbox 1297 4832 1448 4906; x_wconf 85' lang='lat' dir='ltr'>hoc</span> <span class='ocrx_word' id='word_1_203' title='bbox 1496 4835 1825 4930; x_wconf 86' lang='lat' dir='ltr'>impedit</span> 
     </span>
     <span class='ocr_line' id='line_1_40' title="bbox 274 4928 1825 5048; baseline 0.021 -52"><span class='ocrx_word' id='word_1_204' title='bbox 274 4928 431 4999; x_wconf 78' lang='lat' dir='ltr'>tam</span> <span class='ocrx_word' id='word_1_205' title='bbox 474 4934 774 5009; x_wconf 90' lang='lat' dir='ltr'>nobilis</span> <span class='ocrx_word' id='word_1_206' title='bbox 821 4944 1200 5028; x_wconf 84' lang='lat' dir='ltr'>materia,</span> <span class='ocrx_word' id='word_1_207' title='bbox 1232 4951 1318 5022; x_wconf 87' lang='lat' dir='ltr'>ut</span> <span class='ocrx_word' id='word_1_208' title='bbox 1360 4955 1485 5025; x_wconf 89' lang='lat' dir='ltr'>est</span> <span class='ocrx_word' id='word_1_209' title='bbox 1528 4974 1825 5048; x_wconf 86' lang='lat' dir='ltr'>corpus</span> 
     </span>
     <span class='ocr_line' id='line_1_41' title="bbox 269 5036 1825 5162; baseline 0.022 -52"><span class='ocrx_word' id='word_1_210' title='bbox 269 5036 706 5123; x_wconf 86' lang='lat' dir='ltr'>humanum</span> <span class='ocrx_word' id='word_1_211' title='bbox 788 5075 1030 5147; x_wconf 86' lang='lat' dir='ltr'>quam</span> <span class='ocrx_word' id='word_1_212' title='bbox 1149 5065 1500 5138; x_wconf 87' lang='lat' dir='ltr'>materia</span> <span class='ocrx_word' id='word_1_213' title='bbox 1590 5071 1825 5162; x_wconf 87' lang='lat' dir='ltr'>spiri·</span> 
     </span>
     <span class='ocr_line' id='line_1_42' title="bbox 269 5158 1825 5273; baseline 0.019 -45"><span class='ocrx_word' id='word_1_214' title='bbox 269 5158 536 5233; x_wconf 86' lang='lat' dir='ltr'>tualis.</span> <span class='ocrx_word' id='word_1_215' title='bbox 586 5167 685 5240; x_wconf 89' lang='lat' dir='ltr'>Et</span> <span class='ocrx_word' id='word_1_216' title='bbox 728 5166 878 5242; x_wconf 88' lang='lat' dir='ltr'>hoc</span> <span class='ocrx_word' id='word_1_217' title='bbox 921 5171 1098 5244; x_wconf 88' lang='lat' dir='ltr'>dico</span> <span class='ocrx_word' id='word_1_218' title='bbox 1152 5199 1280 5264; x_wconf 84' lang='lat' dir='ltr'>per</span> <span class='ocrx_word' id='word_1_219' title='bbox 1322 5204 1412 5261; x_wconf 73' lang='lat' dir='ltr'>se,</span> <span class='ocrx_word' id='word_1_220' title='bbox 1462 5182 1649 5273; x_wconf 89' lang='lat' dir='ltr'>quia</span> <span class='ocrx_word' id='word_1_221' title='bbox 1693 5184 1825 5257; x_wconf 86' lang='lat' dir='ltr'>ho-</span> 
     </span>
     <span class='ocr_line' id='line_1_43' title="bbox 268 5277 1827 5377; baseline 0.02 -34"><span class='ocrx_word' id='word_1_222' title='bbox 268 5291 390 5345; x_wconf 89' lang='lat' dir='ltr'>mo</span> <span class='ocrx_word' id='word_1_223' title='bbox 432 5277 721 5354; x_wconf 86' lang='lat' dir='ltr'>beatus</span> <span class='ocrx_word' id='word_1_224' title='bbox 776 5287 1042 5377; x_wconf 79' lang='lat' dir='ltr'>magis</span> <span class='ocrx_word' id='word_1_225' title='bbox 1102 5296 1226 5365; x_wconf 84' lang='lat' dir='ltr'>est</span> <span class='ocrx_word' id='word_1_226' title='bbox 1280 5294 1827 5373; x_wconf 81' lang='lat' dir='ltr'>intellectivus</span> 
     </span>
     <span class='ocr_line' id='line_1_44' title="bbox 264 5390 1824 5490; baseline 0.02 -31"><span class='ocrx_word' id='word_1_227' title='bbox 264 5392 340 5462; x_wconf 89' lang='lat' dir='ltr'>et</span> <span class='ocrx_word' id='word_1_228' title='bbox 370 5390 602 5476; x_wconf 89' lang='lat' dir='ltr'>liber,</span> <span class='ocrx_word' id='word_1_229' title='bbox 652 5419 814 5472; x_wconf 90' lang='lat' dir='ltr'>non</span> <span class='ocrx_word' id='word_1_230' title='bbox 860 5404 1235 5482; x_wconf 87' lang='lat' dir='ltr'>obstante</span> <span class='ocrx_word' id='word_1_231' title='bbox 1279 5411 1572 5486; x_wconf 91' lang='lat' dir='ltr'>unione</span> <span class='ocrx_word' id='word_1_232' title='bbox 1634 5417 1824 5490; x_wconf 85' lang='lat' dir='ltr'>talis</span> 
     </span>
     <span class='ocr_line' id='line_1_45' title="bbox 270 5509 1829 5616; baseline 0.019 -42"><span class='ocrx_word' id='word_1_233' title='bbox 270 5509 634 5584; x_wconf 80' lang='lat' dir='ltr'>materiae</span> <span class='ocrx_word' id='word_1_234' title='bbox 703 5519 1171 5610; x_wconf 85' lang='lat' dir='ltr'>corporalis</span> <span class='ocrx_word' id='word_1_235' title='bbox 1245 5545 1485 5616; x_wconf 88' lang='lat' dir='ltr'>quam</span> <span class='ocrx_word' id='word_1_236' title='bbox 1556 5531 1829 5604; x_wconf 88' lang='lat' dir='ltr'>anima</span> 
     </span>
     <span class='ocr_line' id='line_1_46' title="bbox 274 5633 1833 5741; baseline 0.021 -52"><span class='ocrx_word' id='word_1_237' title='bbox 274 5633 679 5715; x_wconf 87' lang='lat' dir='ltr'>separata,</span> <span class='ocrx_word' id='word_1_238' title='bbox 724 5654 911 5706; x_wconf 90' lang='lat' dir='ltr'>cum</span> <span class='ocrx_word' id='word_1_239' title='bbox 984 5658 1133 5711; x_wconf 85' lang='lat' dir='ltr'>sua</span> <span class='ocrx_word' id='word_1_240' title='bbox 1180 5645 1529 5717; x_wconf 88' lang='lat' dir='ltr'>materia</span> <span class='ocrx_word' id='word_1_241' title='bbox 1597 5648 1833 5741; x_wconf 89' lang='lat' dir='ltr'>spiri·</span> 
     </span>
    </p>
   </div>
   <div class='ocr_carea' id='block_1_5' title="bbox 1991 769 3544 975">
    <p class='ocr_par' dir='ltr' id='par_1_5' title="bbox 1991 769 3544 975">
     <span class='ocr_line' id='line_1_47' title="bbox 1996 769 3544 876; baseline 0.016 -42"><span class='ocrx_word' id='word_1_242' title='bbox 1996 769 2340 858; x_wconf 83' lang='lat' dir='ltr'>propter</span> <span class='ocrx_word' id='word_1_243' title='bbox 2380 773 2997 864; x_wconf 75' lang='lat' dir='ltr'>corruptionem</span> <span class='ocrx_word' id='word_1_244' title='bbox 3040 781 3375 869; x_wconf 84' lang='lat' dir='ltr'>peccati,</span> <span class='ocrx_word' id='word_1_245' title='bbox 3415 805 3544 876; x_wconf 91' lang='lat' dir='ltr'>po-</span> 
     </span>
     <span class='ocr_line' id='line_1_48' title="bbox 1991 881 2594 975; baseline 0.012 -25"><span class='ocrx_word' id='word_1_246' title='bbox 1991 881 2152 954; x_wconf 88' lang='lat' dir='ltr'>test</span> <span class='ocrx_word' id='word_1_247' title='bbox 2179 881 2594 975; x_wconf 85' lang='lat' dir='ltr'>impedire.</span> 
     </span>
    </p>
   </div>
   <div class='ocr_carea' id='block_1_6' title="bbox 2561 1087 3004 1148">
    <p class='ocr_par' dir='ltr' id='par_1_6' title="bbox 2561 1087 3004 1148">
     <span class='ocr_line' id='line_1_49' title="bbox 2561 1087 3004 1148; baseline 0.009 -6"><span class='ocrx_word' id='word_1_248' title='bbox 2561 1087 2965 1148; x_wconf 86' lang='lat' dir='ltr'><strong>SCHOLIUM.</strong></span> <span class='ocrx_word' id='word_1_249' title='bbox 2996 1136 3004 1146; x_wconf 89' lang='lat'><strong>.</strong></span> 
     </span>
    </p>
   </div>
   <div class='ocr_carea' id='block_1_7' title="bbox 1935 1256 3536 4695">
    <p class='ocr_par' dir='ltr' id='par_1_7' title="bbox 1935 1256 3536 4695">
     <span class='ocr_line' id='line_1_50' title="bbox 2020 1256 3536 1340; baseline 0.015 -29"><span class='ocrx_word' id='word_1_250' title='bbox 2020 1256 2506 1318; x_wconf 87' lang='lat' dir='ltr'>Controversum</span> <span class='ocrx_word' id='word_1_251' title='bbox 2541 1267 2632 1320; x_wconf 91' lang='lat' dir='ltr'>est</span> <span class='ocrx_word' id='word_1_252' title='bbox 2655 1265 2820 1323; x_wconf 88' lang='lat' dir='ltr'>inter</span> <span class='ocrx_word' id='word_1_253' title='bbox 2850 1267 3209 1340; x_wconf 80' lang='lat' dir='ltr'>Theologos,</span> <span class='ocrx_word' id='word_1_254' title='bbox 3233 1287 3312 1330; x_wconf 89' lang='lat' dir='ltr'>an</span> <span class='ocrx_word' id='word_1_255' title='bbox 3343 1273 3536 1335; x_wconf 85' lang='lat' dir='ltr'>beati-</span> 
     </span>
     <span class='ocr_line' id='line_1_51' title="bbox 1978 1351 3527 1442; baseline 0.015 -33"><span class='ocrx_word' id='word_1_256' title='bbox 1978 1351 2126 1411; x_wconf 92' lang='lat' dir='ltr'>tudo</span> <span class='ocrx_word' id='word_1_257' title='bbox 2167 1355 2231 1413; x_wconf 89' lang='lat' dir='ltr'>in</span> <span class='ocrx_word' id='word_1_258' title='bbox 2270 1358 2540 1429; x_wconf 84' lang='lat' dir='ltr'>singulis</span> <span class='ocrx_word' id='word_1_259' title='bbox 2573 1364 2776 1421; x_wconf 90' lang='lat' dir='ltr'>Beatis</span> <span class='ocrx_word' id='word_1_260' title='bbox 2817 1369 2949 1436; x_wconf 82' lang='lat' dir='ltr'>post</span> <span class='ocrx_word' id='word_1_261' title='bbox 2981 1373 3527 1442; x_wconf 84' lang='lat' dir='ltr'>resurrectionem,</span> 
     </span>
     <span class='ocr_line' id='line_1_52' title="bbox 1979 1454 3529 1544; baseline 0.013 -34"><span class='ocrx_word' id='word_1_262' title='bbox 1979 1454 2041 1510; x_wconf 88' lang='lat' dir='ltr'>et</span> <span class='ocrx_word' id='word_1_263' title='bbox 2095 1457 2468 1514; x_wconf 86' lang='lat' dir='ltr'>reunionem</span> <span class='ocrx_word' id='word_1_264' title='bbox 2527 1475 2856 1533; x_wconf 89' lang='lat' dir='ltr'>corporum</span> <span class='ocrx_word' id='word_1_265' title='bbox 2917 1464 3126 1525; x_wconf 80' lang='lat' dir='ltr'>sutura</span> <span class='ocrx_word' id='word_1_266' title='bbox 3185 1471 3265 1527; x_wconf 84' lang='lat' dir='ltr'>sit</span> <span class='ocrx_word' id='word_1_267' title='bbox 3331 1477 3529 1544; x_wconf 88' lang='lat' dir='ltr'>major</span> 
     </span>
     <span class='ocr_line' id='line_1_53' title="bbox 1976 1553 3525 1633; baseline 0.015 -27"><span class='ocrx_word' id='word_1_268' title='bbox 1976 1565 2098 1608; x_wconf 90' lang='lat' dir='ltr'>non</span> <span class='ocrx_word' id='word_1_269' title='bbox 2139 1553 2337 1611; x_wconf 84' lang='lat' dir='ltr'>solnm</span> <span class='ocrx_word' id='word_1_270' title='bbox 2379 1560 2721 1626; x_wconf 76' lang='lat' dir='ltr'>extensive,</span> <span class='ocrx_word' id='word_1_271' title='bbox 2765 1568 3074 1633; x_wconf 86' lang='lat' dir='ltr'>quatenus</span> <span class='ocrx_word' id='word_1_272' title='bbox 3117 1573 3262 1624; x_wconf 84' lang='lat' dir='ltr'>tunc</span> <span class='ocrx_word' id='word_1_273' title='bbox 3303 1577 3525 1629; x_wconf 84' lang='lat' dir='ltr'>exten-</span> 
     </span>
     <span class='ocr_line' id='line_1_54' title="bbox 1974 1649 3521 1741; baseline 0.014 -37"><span class='ocrx_word' id='word_1_274' title='bbox 1974 1649 2160 1706; x_wconf 88' lang='lat' dir='ltr'>detur</span> <span class='ocrx_word' id='word_1_275' title='bbox 2198 1651 2275 1707; x_wconf 89' lang='lat' dir='ltr'>ad</span> <span class='ocrx_word' id='word_1_276' title='bbox 2313 1669 2558 1725; x_wconf 83' lang='lat' dir='ltr'>coran,</span> <span class='ocrx_word' id='word_1_277' title='bbox 2618 1657 2726 1712; x_wconf 88' lang='lat' dir='ltr'>sed</span> <span class='ocrx_word' id='word_1_278' title='bbox 2766 1661 2953 1718; x_wconf 89' lang='lat' dir='ltr'>etiam</span> <span class='ocrx_word' id='word_1_279' title='bbox 2995 1663 3334 1736; x_wconf 74' lang='lat' dir='ltr'>intensive,</span> <span class='ocrx_word' id='word_1_280' title='bbox 3375 1671 3521 1741; x_wconf 89' lang='lat' dir='ltr'>qnia</span> 
     </span>
     <span class='ocr_line' id='line_1_55' title="bbox 1975 1752 3524 1836; baseline 0.014 -31"><span class='ocrx_word' id='word_1_281' title='bbox 1975 1752 2196 1822; x_wconf 87' lang='lat' dir='ltr'>majori</span> <span class='ocrx_word' id='word_1_282' title='bbox 2245 1758 2466 1812; x_wconf 89' lang='lat' dir='ltr'>conatu</span> <span class='ocrx_word' id='word_1_283' title='bbox 2516 1755 2807 1814; x_wconf 88' lang='lat' dir='ltr'>elicietur</span> <span class='ocrx_word' id='word_1_284' title='bbox 2856 1768 3029 1820; x_wconf 86' lang='lat' dir='ltr'>actus</span> <span class='ocrx_word' id='word_1_285' title='bbox 3077 1765 3419 1836; x_wconf 81' lang='lat' dir='ltr'>beatificus,-</span> <span class='ocrx_word' id='word_1_286' title='bbox 3464 1774 3524 1827; x_wconf 89' lang='lat' dir='ltr'>et</span> 
     </span>
     <span class='ocr_line' id='line_1_56' title="bbox 1971 1848 3525 1938; baseline 0.013 -34"><span class='ocrx_word' id='word_1_287' title='bbox 1971 1848 2182 1906; x_wconf 87' lang='lat' dir='ltr'>anima</span> <span class='ocrx_word' id='word_1_288' title='bbox 2231 1853 2398 1911; x_wconf 86' lang='lat' dir='ltr'>circa</span> <span class='ocrx_word' id='word_1_289' title='bbox 2456 1855 2738 1916; x_wconf 84' lang='lat' dir='ltr'>divinam</span> <span class='ocrx_word' id='word_1_290' title='bbox 2794 1866 3124 1921; x_wconf 75' lang='lat' dir='ltr'>essentiam</span> <span class='ocrx_word' id='word_1_291' title='bbox 3182 1871 3525 1938; x_wconf 81' lang='lat' dir='ltr'>perfectius</span> 
     </span>
     <span class='ocr_line' id='line_1_57' title="bbox 1971 1948 3520 2026; baseline 0.015 -23"><span class='ocrx_word' id='word_1_292' title='bbox 1971 1948 2093 2005; x_wconf 88' lang='lat' dir='ltr'>erit</span> <span class='ocrx_word' id='word_1_293' title='bbox 2121 1956 2474 2020; x_wconf 89' lang='lat' dir='ltr'>operatura.</span> <span class='ocrx_word' id='word_1_294' title='bbox 2508 1956 2660 2013; x_wconf 91' lang='lat' dir='ltr'>Cum</span> <span class='ocrx_word' id='word_1_295' title='bbox 2702 1959 3162 2021; x_wconf 79' lang='lat' dir='ltr'>affirmantibus</span> <span class='ocrx_word' id='word_1_296' title='bbox 3193 1969 3379 2024; x_wconf 88' lang='lat' dir='ltr'>sentit</span> <span class='ocrx_word' id='word_1_297' title='bbox 3417 1969 3520 2026; x_wconf 83' lang='lat' dir='ltr'>hic</span> 
     </span>
     <span class='ocr_line' id='line_1_58' title="bbox 1971 2046 3516 2133; baseline 0.015 -32"><span class='ocrx_word' id='word_1_298' title='bbox 1971 2046 2206 2116; x_wconf 81' lang='lat' dir='ltr'>ScotuS,</span> <span class='ocrx_word' id='word_1_299' title='bbox 2247 2050 2472 2120; x_wconf 89' lang='lat' dir='ltr'>quibus</span> <span class='ocrx_word' id='word_1_300' title='bbox 2523 2068 2816 2127; x_wconf 83' lang='lat' dir='ltr'>expresse</span> <span class='ocrx_word' id='word_1_301' title='bbox 2867 2060 3035 2118; x_wconf 79' lang='lat' dir='ltr'>favet</span> <span class='ocrx_word' id='word_1_302' title='bbox 3081 2066 3516 2133; x_wconf 83' lang='lat' dir='ltr'>Augustinus:</span> 
     </span>
     <span class='ocr_line' id='line_1_59' title="bbox 1967 2153 3523 2237; baseline 0.015 -36"><span class='ocrx_word' id='word_1_303' title='bbox 1967 2153 2317 2219; x_wconf 87' lang='lat' dir='ltr'>sequuntur</span> <span class='ocrx_word' id='word_1_304' title='bbox 2366 2153 2605 2222; x_wconf 85' lang='lat' dir='ltr'>Magist.</span> <span class='ocrx_word' id='word_1_305' title='bbox 2667 2158 2731 2214; x_wconf 90' lang='lat' dir='ltr'>in</span> <span class='ocrx_word' id='word_1_306' title='bbox 2770 2161 2822 2216; x_wconf 80' lang='lat'>4.</span> <span class='ocrx_word' id='word_1_307' title='bbox 2883 2159 3024 2218; x_wconf 86' lang='lat' dir='ltr'>dist.</span> <span class='ocrx_word' id='word_1_308' title='bbox 3057 2164 3145 2219; x_wconf 65' lang='lat'>49.</span> <span class='ocrx_word' id='word_1_309' title='bbox 3179 2180 3317 2237; x_wconf 87' lang='lat' dir='ltr'>cap.</span> <span class='ocrx_word' id='word_1_310' title='bbox 3374 2168 3523 2224; x_wconf 89' lang='lat' dir='ltr'>ulti-</span> 
     </span>
     <span class='ocr_line' id='line_1_60' title="bbox 1970 2246 3518 2334; baseline 0.016 -34"><span class='ocrx_word' id='word_1_311' title='bbox 1970 2257 2098 2313; x_wconf 88' lang='lat' dir='ltr'>mo,</span> <span class='ocrx_word' id='word_1_312' title='bbox 2153 2246 2254 2303; x_wconf 88' lang='lat' dir='ltr'>ubi</span> <span class='ocrx_word' id='word_1_313' title='bbox 2289 2249 2346 2306; x_wconf 93' lang='lat' dir='ltr'>S.</span> <span class='ocrx_word' id='word_1_314' title='bbox 2397 2252 2679 2323; x_wconf 84' lang='lat' dir='ltr'>Thomas,</span> <span class='ocrx_word' id='word_1_315' title='bbox 2741 2262 2802 2314; x_wconf 88' lang='lat' dir='ltr'>et</span> <span class='ocrx_word' id='word_1_316' title='bbox 2841 2260 2898 2314; x_wconf 89' lang='lat' dir='ltr'>S.</span> <span class='ocrx_word' id='word_1_317' title='bbox 2949 2264 3405 2334; x_wconf 87' lang='lat' dir='ltr'>Bonaventnra,</span> <span class='ocrx_word' id='word_1_318' title='bbox 3457 2274 3518 2325; x_wconf 91' lang='lat' dir='ltr'>et</span> 
     </span>
     <span class='ocr_line' id='line_1_61' title="bbox 1970 2342 3515 2425; baseline 0.017 -26"><span class='ocrx_word' id='word_1_319' title='bbox 1970 2342 2068 2401; x_wconf 89' lang='lat' dir='ltr'>his</span> <span class='ocrx_word' id='word_1_320' title='bbox 2121 2344 2425 2405; x_wconf 87' lang='lat' dir='ltr'>accedunt</span> <span class='ocrx_word' id='word_1_321' title='bbox 2479 2353 2819 2425; x_wconf 80' lang='lat' dir='ltr'>Marsilius,</span> <span class='ocrx_word' id='word_1_322' title='bbox 2868 2363 2930 2415; x_wconf 87' lang='lat' dir='ltr'>et</span> <span class='ocrx_word' id='word_1_323' title='bbox 2987 2363 3316 2420; x_wconf 79' lang='lat' dir='ltr'>HenricuS.</span> <span class='ocrx_word' id='word_1_324' title='bbox 3371 2367 3515 2425; x_wconf 92' lang='lat' dir='ltr'>Illo·</span> 
     </span>
     <span class='ocr_line' id='line_1_62' title="bbox 1968 2445 3514 2530; baseline 0.016 -33"><span class='ocrx_word' id='word_1_325' title='bbox 1968 2455 2109 2499; x_wconf 89' lang='lat' dir='ltr'>rum</span> <span class='ocrx_word' id='word_1_326' title='bbox 2169 2445 2386 2516; x_wconf 86' lang='lat' dir='ltr'>probat</span> <span class='ocrx_word' id='word_1_327' title='bbox 2441 2448 2768 2522; x_wconf 85' lang='lat' dir='ltr'>latissime,</span> <span class='ocrx_word' id='word_1_328' title='bbox 2819 2460 2879 2514; x_wconf 91' lang='lat' dir='ltr'>et</span> <span class='ocrx_word' id='word_1_329' title='bbox 2923 2460 3213 2530; x_wconf 86' lang='lat' dir='ltr'>sequitur</span> <span class='ocrx_word' id='word_1_330' title='bbox 3257 2469 3514 2522; x_wconf 87' lang='lat' dir='ltr'>senten-</span> 
     </span>
     <span class='ocr_line' id='line_1_63' title="bbox 1966 2544 3512 2630; baseline 0.012 -31"><span class='ocrx_word' id='word_1_331' title='bbox 1966 2544 2117 2601; x_wconf 85' lang='lat' dir='ltr'>tiam</span> <span class='ocrx_word' id='word_1_332' title='bbox 2148 2544 2432 2613; x_wconf 85' lang='lat' dir='ltr'>AEgidius</span> <span class='ocrx_word' id='word_1_333' title='bbox 2463 2554 2796 2614; x_wconf 84' lang='lat' dir='ltr'>Lusitanus</span> <span class='ocrx_word' id='word_1_334' title='bbox 2820 2559 2884 2613; x_wconf 91' lang='lat' dir='ltr'>in</span> <span class='ocrx_word' id='word_1_335' title='bbox 2916 2555 3255 2630; x_wconf 84' lang='lat' dir='ltr'>appendice</span> <span class='ocrx_word' id='word_1_336' title='bbox 3286 2564 3432 2620; x_wconf 91' lang='lat' dir='ltr'>tomi</span> <span class='ocrx_word' id='word_1_337' title='bbox 3457 2564 3512 2618; x_wconf 90' lang='lat'>3.</span> 
     </span>
     <span class='ocr_line' id='line_1_64' title="bbox 1967 2639 3514 2729; baseline 0.015 -33"><span class='ocrx_word' id='word_1_338' title='bbox 1967 2639 2045 2697; x_wconf 88' lang='lat' dir='ltr'>de</span> <span class='ocrx_word' id='word_1_339' title='bbox 2091 2646 2508 2717; x_wconf 86' lang='lat' dir='ltr'>Beatitudine,</span> <span class='ocrx_word' id='word_1_340' title='bbox 2551 2659 2769 2722; x_wconf 82' lang='lat' dir='ltr'>quaest.</span> <span class='ocrx_word' id='word_1_341' title='bbox 2808 2658 2864 2712; x_wconf 85' lang='lat'>2.</span> <span class='ocrx_word' id='word_1_342' title='bbox 2909 2657 3227 2729; x_wconf 78' lang='lat' dir='ltr'>refertque</span> <span class='ocrx_word' id='word_1_343' title='bbox 3278 2661 3514 2720; x_wconf 90' lang='lat' dir='ltr'>utrius-</span> 
     </span>
     <span class='ocr_line' id='line_1_65' title="bbox 1967 2743 3515 2819; baseline 0.016 -25"><span class='ocrx_word' id='word_1_344' title='bbox 1967 2753 2087 2811; x_wconf 86' lang='lat' dir='ltr'>que</span> <span class='ocrx_word' id='word_1_345' title='bbox 2126 2743 2439 2813; x_wconf 85' lang='lat' dir='ltr'>opinionis</span> <span class='ocrx_word' id='word_1_346' title='bbox 2478 2753 2834 2819; x_wconf 83' lang='lat' dir='ltr'>asserentis,</span> <span class='ocrx_word' id='word_1_347' title='bbox 2875 2758 2935 2811; x_wconf 90' lang='lat' dir='ltr'>et</span> <span class='ocrx_word' id='word_1_348' title='bbox 2974 2758 3263 2819; x_wconf 62' lang='lat' dir='ltr'>negantis</span> <span class='ocrx_word' id='word_1_349' title='bbox 3303 2766 3515 2818; x_wconf 85' lang='lat' dir='ltr'>aucto-</span> 
     </span>
     <span class='ocr_line' id='line_1_66' title="bbox 1966 2842 3509 2915; baseline 0.013 -22"><span class='ocrx_word' id='word_1_350' title='bbox 1966 2850 2090 2906; x_wconf 77' lang='lat' dir='ltr'>reS,</span> <span class='ocrx_word' id='word_1_351' title='bbox 2151 2842 2213 2897; x_wconf 91' lang='lat' dir='ltr'>et</span> <span class='ocrx_word' id='word_1_352' title='bbox 2270 2843 2698 2904; x_wconf 80' lang='lat' dir='ltr'>fundamenta.</span> <span class='ocrx_word' id='word_1_353' title='bbox 2759 2852 2908 2907; x_wconf 88' lang='lat' dir='ltr'>Tres</span> <span class='ocrx_word' id='word_1_354' title='bbox 2939 2853 3004 2907; x_wconf 90' lang='lat' dir='ltr'>in</span> <span class='ocrx_word' id='word_1_355' title='bbox 3065 2854 3180 2910; x_wconf 86' lang='lat' dir='ltr'>hae</span> <span class='ocrx_word' id='word_1_356' title='bbox 3250 2859 3509 2915; x_wconf 89' lang='lat' dir='ltr'>materia</span> 
     </span>
     <span class='ocr_line' id='line_1_67' title="bbox 1963 2940 3512 3021; baseline 0.014 -30"><span class='ocrx_word' id='word_1_357' title='bbox 1963 2940 2306 2997; x_wconf 84' lang='lat' dir='ltr'>sententias</span> <span class='ocrx_word' id='word_1_358' title='bbox 2335 2950 2663 3003; x_wconf 86' lang='lat' dir='ltr'>enumerat</span> <span class='ocrx_word' id='word_1_359' title='bbox 2695 2949 2969 3021; x_wconf 86' lang='lat' dir='ltr'>vasquez</span> <span class='ocrx_word' id='word_1_360' title='bbox 3000 2956 3144 3008; x_wconf 91' lang='lat' dir='ltr'>tom.</span> <span class='ocrx_word' id='word_1_361' title='bbox 3183 2954 3230 3009; x_wconf 95' lang='grc'><strong>1.</strong></span> <span class='ocrx_word' id='word_1_362' title='bbox 3267 2955 3330 3010; x_wconf 90' lang='lat' dir='ltr'>in</span> <span class='ocrx_word' id='word_1_363' title='bbox 3375 2957 3423 3012; x_wconf 95' lang='grc'><strong>1.</strong></span> <span class='ocrx_word' id='word_1_364' title='bbox 3455 2959 3512 3014; x_wconf 86' lang='grc'><strong>2.</strong></span> 
     </span>
     <span class='ocr_line' id='line_1_68' title="bbox 1963 3032 3510 3120; baseline 0.014 -31"><span class='ocrx_word' id='word_1_365' title='bbox 1963 3032 2124 3106; x_wconf 85' lang='lat' dir='ltr'>disp.</span> <span class='ocrx_word' id='word_1_366' title='bbox 2157 3039 2248 3094; x_wconf 89' lang='grc'><strong>29.</strong></span> <span class='ocrx_word' id='word_1_367' title='bbox 2281 3054 2416 3111; x_wconf 87' lang='lat' dir='ltr'>cap.</span> <span class='ocrx_word' id='word_1_368' title='bbox 2451 3043 2506 3099; x_wconf 71' lang='grc' dir='ltr'>1ἰ.</span> <span class='ocrx_word' id='word_1_369' title='bbox 2551 3043 2652 3099; x_wconf 88' lang='lat' dir='ltr'>ubi</span> <span class='ocrx_word' id='word_1_370' title='bbox 2712 3047 2899 3103; x_wconf 86' lang='lat' dir='ltr'>etiam</span> <span class='ocrx_word' id='word_1_371' title='bbox 2959 3064 3073 3120; x_wconf 90' lang='lat' dir='ltr'>pro</span> <span class='ocrx_word' id='word_1_372' title='bbox 3131 3051 3510 3112; x_wconf 77' lang='lat' dir='ltr'>affirmativa</span> 
     </span>
     <span class='ocr_line' id='line_1_69' title="bbox 1960 3134 3510 3219; baseline 0.015 -31"><span class='ocrx_word' id='word_1_373' title='bbox 1960 3134 2109 3190; x_wconf 88' lang='lat' dir='ltr'>citat</span> <span class='ocrx_word' id='word_1_374' title='bbox 2150 3136 2312 3194; x_wconf 87' lang='lat' dir='ltr'>ultra</span> <span class='ocrx_word' id='word_1_375' title='bbox 2363 3142 2806 3213; x_wconf 69' lang='lat' dir='ltr'>Augustulum,</span> <span class='ocrx_word' id='word_1_376' title='bbox 2850 3149 3236 3219; x_wconf 86' lang='lat' dir='ltr'>Haimonem,</span> <span class='ocrx_word' id='word_1_377' title='bbox 3267 3155 3328 3208; x_wconf 91' lang='lat' dir='ltr'>et</span> <span class='ocrx_word' id='word_1_378' title='bbox 3361 3155 3510 3210; x_wconf 85' lang='lat' dir='ltr'>Ber-</span> 
     </span>
     <span class='ocr_line' id='line_1_70' title="bbox 1961 3232 3503 3312; baseline 0.016 -26"><span class='ocrx_word' id='word_1_379' title='bbox 1961 3232 2251 3291; x_wconf 89' lang='lat' dir='ltr'>nardum.</span> <span class='ocrx_word' id='word_1_380' title='bbox 2312 3237 2463 3294; x_wconf 89' lang='lat' dir='ltr'>Vide</span> <span class='ocrx_word' id='word_1_381' title='bbox 2514 3242 2714 3312; x_wconf 88' lang='lat' dir='ltr'>ipsum</span> <span class='ocrx_word' id='word_1_382' title='bbox 2767 3246 3010 3305; x_wconf 82' lang='lat' dir='ltr'>Scotum</span> <span class='ocrx_word' id='word_1_383' title='bbox 3056 3247 3157 3305; x_wconf 78' lang='lat' dir='ltr'>liic</span> <span class='ocrx_word' id='word_1_384' title='bbox 3208 3264 3379 3307; x_wconf 88' lang='lat' dir='ltr'>num.</span> <span class='ocrx_word' id='word_1_385' title='bbox 3412 3253 3503 3311; x_wconf 82' lang='lat'>49.</span> 
     </span>
     <span class='ocr_line' id='line_1_71' title="bbox 1958 3331 3502 3416; baseline 0.016 -31"><span class='ocrx_word' id='word_1_386' title='bbox 1958 3334 2021 3387; x_wconf 89' lang='lat' dir='ltr'>et</span> <span class='ocrx_word' id='word_1_387' title='bbox 2064 3331 2155 3387; x_wconf 66' lang='lat'>92.</span> <span class='ocrx_word' id='word_1_388' title='bbox 2188 3334 2355 3401; x_wconf 88' lang='lat' dir='ltr'>Quod</span> <span class='ocrx_word' id='word_1_389' title='bbox 2405 3352 2557 3396; x_wconf 82' lang='lat' dir='ltr'>vero</span> <span class='ocrx_word' id='word_1_390' title='bbox 2602 3341 2704 3399; x_wconf 84' lang='lat' dir='ltr'>hic</span> <span class='ocrx_word' id='word_1_391' title='bbox 2735 3347 2985 3415; x_wconf 81' lang='lat' dir='ltr'>attingit</span> <span class='ocrx_word' id='word_1_392' title='bbox 3018 3350 3250 3416; x_wconf 83' lang='lat' dir='ltr'>Doctor,</span> <span class='ocrx_word' id='word_1_393' title='bbox 3286 3351 3348 3406; x_wconf 89' lang='lat' dir='ltr'>in</span> <span class='ocrx_word' id='word_1_394' title='bbox 3389 3350 3502 3408; x_wconf 84' lang='lat' dir='ltr'>hoc</span> 
     </span>
     <span class='ocr_line' id='line_1_72' title="bbox 1956 3429 3503 3525; baseline 0.016 -42"><span class='ocrx_word' id='word_1_395' title='bbox 1956 3429 2197 3488; x_wconf 83' lang='lat' dir='ltr'>scilicet</span> <span class='ocrx_word' id='word_1_396' title='bbox 2242 3438 2402 3492; x_wconf 87' lang='lat' dir='ltr'>statu</span> <span class='ocrx_word' id='word_1_397' title='bbox 2450 3439 2573 3495; x_wconf 83' lang='lat' dir='ltr'>viae</span> <span class='ocrx_word' id='word_1_398' title='bbox 2621 3440 2917 3525; x_wconf 76' lang='lat' dir='ltr'>impediri</span> <span class='ocrx_word' id='word_1_399' title='bbox 2967 3447 3230 3505; x_wconf 89' lang='lat' dir='ltr'>liberam</span> <span class='ocrx_word' id='word_1_400' title='bbox 3280 3465 3503 3521; x_wconf 87' lang='lat' dir='ltr'>opera-</span> 
     </span>
     <span class='ocr_line' id='line_1_73' title="bbox 1952 3524 3501 3621; baseline 0.018 -41"><span class='ocrx_word' id='word_1_401' title='bbox 1952 3524 2180 3585; x_wconf 89' lang='lat' dir='ltr'>tionem</span> <span class='ocrx_word' id='word_1_402' title='bbox 2208 3530 2561 3594; x_wconf 79' lang='lat' dir='ltr'>intellectus</span> <span class='ocrx_word' id='word_1_403' title='bbox 2585 3546 2839 3611; x_wconf 89' lang='lat' dir='ltr'>propter</span> <span class='ocrx_word' id='word_1_404' title='bbox 2860 3549 3323 3617; x_wconf 87' lang='lat' dir='ltr'>corruptionem</span> <span class='ocrx_word' id='word_1_405' title='bbox 3357 3565 3501 3621; x_wconf 87' lang='lat' dir='ltr'>pec-</span> 
     </span>
     <span class='ocr_line' id='line_1_74' title="bbox 1950 3628 3500 3717; baseline 0.017 -35"><span class='ocrx_word' id='word_1_406' title='bbox 1950 3628 2093 3694; x_wconf 90' lang='lat' dir='ltr'>cati,</span> <span class='ocrx_word' id='word_1_407' title='bbox 2143 3641 2244 3685; x_wconf 90' lang='lat' dir='ltr'>res</span> <span class='ocrx_word' id='word_1_408' title='bbox 2302 3637 2396 3689; x_wconf 89' lang='lat' dir='ltr'>est</span> <span class='ocrx_word' id='word_1_409' title='bbox 2441 3637 2628 3693; x_wconf 89' lang='lat' dir='ltr'>etiam</span> <span class='ocrx_word' id='word_1_410' title='bbox 2676 3646 3095 3702; x_wconf 82' lang='lat' dir='ltr'>controversa.</span> <span class='ocrx_word' id='word_1_411' title='bbox 3146 3647 3279 3717; x_wconf 89' lang='lat' dir='ltr'>Ipse</span> <span class='ocrx_word' id='word_1_412' title='bbox 3327 3652 3391 3706; x_wconf 90' lang='lat' dir='ltr'>in</span> <span class='ocrx_word' id='word_1_413' title='bbox 3447 3653 3500 3709; x_wconf 93' lang='lat'>1.</span> 
     </span>
     <span class='ocr_line' id='line_1_75' title="bbox 1947 3726 3502 3815; baseline 0.017 -35"><span class='ocrx_word' id='word_1_414' title='bbox 1947 3726 2089 3784; x_wconf 81' lang='lat' dir='ltr'>dist.</span> <span class='ocrx_word' id='word_1_415' title='bbox 2139 3727 2193 3785; x_wconf 91' lang='lat'>3.</span> <span class='ocrx_word' id='word_1_416' title='bbox 2245 3737 2463 3800; x_wconf 72' lang='lat' dir='ltr'>quaest.</span> <span class='ocrx_word' id='word_1_417' title='bbox 2496 3736 2548 3793; x_wconf 88' lang='lat'>3.</span> <span class='ocrx_word' id='word_1_418' title='bbox 2583 3742 2637 3802; x_wconf 68' lang='grc' dir='ltr'><strong>ἓ.</strong></span> <span class='ocrx_word' id='word_1_419' title='bbox 2671 3737 2736 3793; x_wconf 70' lang='grc' dir='ltr'>δι’</span> <span class='ocrx_word' id='word_1_420' title='bbox 2778 3745 3071 3813; x_wconf 55' lang='lat' dir='ltr'>queritur,</span> <span class='ocrx_word' id='word_1_421' title='bbox 3112 3763 3230 3815; x_wconf 62' lang='lat' dir='ltr'>quat</span> <span class='ocrx_word' id='word_1_422' title='bbox 3275 3755 3349 3804; x_wconf 72' lang='lat' dir='ltr'>ese</span> <span class='ocrx_word' id='word_1_423' title='bbox 3399 3766 3502 3805; x_wconf 83' lang='lat' dir='ltr'>ra-</span> 
     </span>
     <span class='ocr_line' id='line_1_76' title="bbox 1945 3826 3502 3910; baseline 0.019 -34"><span class='ocrx_word' id='word_1_424' title='bbox 1945 3826 2045 3892; x_wconf 78' lang='lat' dir='ltr'>tic,</span> <span class='ocrx_word' id='word_1_425' title='bbox 2116 3829 2176 3883; x_wconf 85' lang='lat' dir='ltr'>et</span> <span class='ocrx_word' id='word_1_426' title='bbox 2223 3828 2288 3884; x_wconf 88' lang='lat' dir='ltr'>in</span> <span class='ocrx_word' id='word_1_427' title='bbox 2339 3832 2394 3887; x_wconf 84' lang='lat'>2.</span> <span class='ocrx_word' id='word_1_428' title='bbox 2427 3830 2569 3889; x_wconf 80' lang='lat' dir='ltr'>dist.</span> <span class='ocrx_word' id='word_1_429' title='bbox 2612 3836 2693 3891; x_wconf 90' lang='grc'><strong>11.</strong></span> <span class='ocrx_word' id='word_1_430' title='bbox 2730 3844 2947 3908; x_wconf 83' lang='lat' dir='ltr'>quaest.</span> <span class='ocrx_word' id='word_1_431' title='bbox 2987 3843 3036 3897; x_wconf 85' lang='lat'>1.</span> <span class='ocrx_word' id='word_1_432' title='bbox 3068 3848 3123 3910; x_wconf 76' lang='lat'>§-</span> <span class='ocrx_word' id='word_1_433' title='bbox 3156 3846 3252 3901; x_wconf 84' lang='lat' dir='ltr'>Ad</span> <span class='ocrx_word' id='word_1_434' title='bbox 3299 3865 3502 3905; x_wconf 83' lang='lat' dir='ltr'>secun-</span> 
     </span>
     <span class='ocr_line' id='line_1_77' title="bbox 1941 3925 3500 4015; baseline 0.019 -38"><span class='ocrx_word' id='word_1_435' title='bbox 1941 3925 2102 3990; x_wconf 83' lang='lat' dir='ltr'>dum,</span> <span class='ocrx_word' id='word_1_436' title='bbox 2164 3927 2481 3987; x_wconf 83' lang='lat' dir='ltr'>existimat</span> <span class='ocrx_word' id='word_1_437' title='bbox 2513 3932 3019 4007; x_wconf 85' lang='lat' dir='ltr'>dependentiam,</span> <span class='ocrx_word' id='word_1_438' title='bbox 3054 3944 3113 3998; x_wconf 89' lang='lat' dir='ltr'>et</span> <span class='ocrx_word' id='word_1_439' title='bbox 3150 3943 3500 4015; x_wconf 86' lang='lat' dir='ltr'>colligatio-</span> 
     </span>
     <span class='ocr_line' id='line_1_78' title="bbox 1941 4023 3502 4113; baseline 0.017 -36"><span class='ocrx_word' id='word_1_440' title='bbox 1941 4035 2083 4080; x_wconf 89' lang='lat' dir='ltr'>nem</span> <span class='ocrx_word' id='word_1_441' title='bbox 2108 4023 2466 4084; x_wconf 83' lang='lat' dir='ltr'>intellectus</span> <span class='ocrx_word' id='word_1_442' title='bbox 2495 4046 2633 4087; x_wconf 90' lang='lat' dir='ltr'>cum</span> <span class='ocrx_word' id='word_1_443' title='bbox 2666 4032 3093 4103; x_wconf 78' lang='lat' dir='ltr'>phantasmate</span> <span class='ocrx_word' id='word_1_444' title='bbox 3123 4056 3368 4113; x_wconf 87' lang='lat' dir='ltr'>poenam</span> <span class='ocrx_word' id='word_1_445' title='bbox 3405 4061 3502 4103; x_wconf 85' lang='lat' dir='ltr'>es-</span> 
     </span>
     <span class='ocr_line' id='line_1_79' title="bbox 1935 4125 3501 4214; baseline 0.018 -39"><span class='ocrx_word' id='word_1_446' title='bbox 1935 4134 2003 4177; x_wconf 86' lang='lat' dir='ltr'>se</span> <span class='ocrx_word' id='word_1_447' title='bbox 2035 4125 2270 4192; x_wconf 84' lang='lat' dir='ltr'>peccati</span> <span class='ocrx_word' id='word_1_448' title='bbox 2307 4126 2659 4196; x_wconf 71' lang='lat' dir='ltr'>originalis,</span> <span class='ocrx_word' id='word_1_449' title='bbox 2686 4136 2750 4188; x_wconf 91' lang='lat' dir='ltr'>ut</span> <span class='ocrx_word' id='word_1_450' title='bbox 2783 4141 3111 4206; x_wconf 89' lang='lat' dir='ltr'>propterea</span> <span class='ocrx_word' id='word_1_451' title='bbox 3138 4141 3501 4214; x_wconf 79' lang='lat' dir='ltr'>intelligen-</span> 
     </span>
     <span class='ocr_line' id='line_1_80' title="bbox 1942 4217 3491 4317; baseline 0.019 -44"><span class='ocrx_word' id='word_1_452' title='bbox 1942 4217 2018 4275; x_wconf 93' lang='lat' dir='ltr'>do</span> <span class='ocrx_word' id='word_1_453' title='bbox 2047 4218 2318 4279; x_wconf 89' lang='lat' dir='ltr'>demissa</span> <span class='ocrx_word' id='word_1_454' title='bbox 2352 4226 2430 4281; x_wconf 89' lang='lat' dir='ltr'>sit</span> <span class='ocrx_word' id='word_1_455' title='bbox 2462 4229 2695 4297; x_wconf 86' lang='lat' dir='ltr'>anima,</span> <span class='ocrx_word' id='word_1_456' title='bbox 2729 4234 2789 4287; x_wconf 89' lang='lat' dir='ltr'>et</span> <span class='ocrx_word' id='word_1_457' title='bbox 2829 4232 3058 4292; x_wconf 81' lang='lat' dir='ltr'>inflexa</span> <span class='ocrx_word' id='word_1_458' title='bbox 3108 4237 3186 4294; x_wconf 81' lang='lat' dir='ltr'>ad</span> <span class='ocrx_word' id='word_1_459' title='bbox 3243 4257 3491 4317; x_wconf 89' lang='lat' dir='ltr'>corpns;</span> 
     </span>
     <span class='ocr_line' id='line_1_81' title="bbox 1936 4318 3494 4408; baseline 0.019 -35"><span class='ocrx_word' id='word_1_460' title='bbox 1936 4318 2041 4375; x_wconf 79' lang='lat' dir='ltr'>vel</span> <span class='ocrx_word' id='word_1_461' title='bbox 2074 4321 2349 4379; x_wconf 85' lang='lat' dir='ltr'>secundo</span> <span class='ocrx_word' id='word_1_462' title='bbox 2382 4339 2457 4381; x_wconf 87' lang='lat' dir='ltr'>ex</span> <span class='ocrx_word' id='word_1_463' title='bbox 2489 4326 2707 4384; x_wconf 88' lang='lat' dir='ltr'>ordine</span> <span class='ocrx_word' id='word_1_464' title='bbox 2743 4334 3013 4390; x_wconf 81' lang='lat' dir='ltr'>naturali</span> <span class='ocrx_word' id='word_1_465' title='bbox 3038 4342 3494 4408; x_wconf 82' lang='lat' dir='ltr'>potentiarnm;</span> 
     </span>
     <span class='ocr_line' id='line_1_82' title="bbox 1940 4415 3491 4502; baseline 0.021 -32"><span class='ocrx_word' id='word_1_466' title='bbox 1940 4415 2041 4472; x_wconf 88' lang='lat' dir='ltr'>vel</span> <span class='ocrx_word' id='word_1_467' title='bbox 2094 4420 2278 4476; x_wconf 86' lang='lat' dir='ltr'>tertio</span> <span class='ocrx_word' id='word_1_468' title='bbox 2322 4437 2398 4477; x_wconf 84' lang='lat' dir='ltr'>ex</span> <span class='ocrx_word' id='word_1_469' title='bbox 2467 4424 2856 4497; x_wconf 82' lang='lat' dir='ltr'>infirmitate,</span> <span class='ocrx_word' id='word_1_470' title='bbox 2919 4438 2978 4490; x_wconf 88' lang='lat' dir='ltr'>et</span> <span class='ocrx_word' id='word_1_471' title='bbox 3026 4434 3138 4493; x_wconf 86' lang='lat' dir='ltr'>hoe</span> <span class='ocrx_word' id='word_1_472' title='bbox 3200 4437 3491 4502; x_wconf 88' lang='lat' dir='ltr'>ultimum</span> 
     </span>
     <span class='ocr_line' id='line_1_83' title="bbox 1938 4512 3497 4609; baseline 0.02 -42"><span class='ocrx_word' id='word_1_473' title='bbox 1938 4512 2251 4583; x_wconf 85' lang='lat' dir='ltr'>probatex</span> <span class='ocrx_word' id='word_1_474' title='bbox 2286 4521 2641 4589; x_wconf 84' lang='lat' dir='ltr'>Augustino</span> <span class='ocrx_word' id='word_1_475' title='bbox 2696 4525 2778 4582; x_wconf 87' lang='lat'>15.</span> <span class='ocrx_word' id='word_1_476' title='bbox 2830 4528 2908 4585; x_wconf 87' lang='lat' dir='ltr'>de</span> <span class='ocrx_word' id='word_1_477' title='bbox 2941 4531 3163 4589; x_wconf 87' lang='lat' dir='ltr'>Trinit.</span> <span class='ocrx_word' id='word_1_478' title='bbox 3213 4550 3348 4609; x_wconf 87' lang='lat' dir='ltr'>cap.</span> <span class='ocrx_word' id='word_1_479' title='bbox 3400 4542 3497 4600; x_wconf 88' lang='grc'>27.</span> 
     </span>
     <span class='ocr_line' id='line_1_84' title="bbox 1941 4609 3494 4695; baseline 0.021 -31"><span class='ocrx_word' id='word_1_480' title='bbox 1941 4609 2208 4669; x_wconf 82' lang='lat' dir='ltr'>Plurimi</span> <span class='ocrx_word' id='word_1_481' title='bbox 2247 4615 2358 4671; x_wconf 87' lang='lat' dir='ltr'>hoc</span> <span class='ocrx_word' id='word_1_482' title='bbox 2388 4620 2740 4680; x_wconf 84' lang='lat' dir='ltr'>attribuunt</span> <span class='ocrx_word' id='word_1_483' title='bbox 2795 4631 3066 4687; x_wconf 85' lang='lat' dir='ltr'>naturali</span> <span class='ocrx_word' id='word_1_484' title='bbox 3120 4634 3494 4695; x_wconf 86' lang='lat' dir='ltr'>subordina-</span> 
     </span>
    </p>
   </div>
   <div class='ocr_carea' id='block_1_8' title="bbox 1934 4903 3493 5199">
    <p class='ocr_par' dir='ltr' id='par_1_8' title="bbox 1934 4903 3493 5199">
     <span class='ocr_line' id='line_1_85' title="bbox 1938 4903 3492 5005; baseline 0.022 -48"><span class='ocrx_word' id='word_1_485' title='bbox 1938 4903 2084 4959; x_wconf 86' lang='lat' dir='ltr'>vide</span> <span class='ocrx_word' id='word_1_486' title='bbox 2119 4906 2323 4978; x_wconf 86' lang='lat' dir='ltr'>ipsum</span> <span class='ocrx_word' id='word_1_487' title='bbox 2361 4913 2605 4970; x_wconf 79' lang='lat' dir='ltr'>Scotum</span> <span class='ocrx_word' id='word_1_488' title='bbox 2640 4917 2792 4975; x_wconf 89' lang='lat' dir='ltr'>loeis</span> <span class='ocrx_word' id='word_1_489' title='bbox 2821 4922 3047 4991; x_wconf 77' lang='lat' dir='ltr'>citatiS,</span> <span class='ocrx_word' id='word_1_490' title='bbox 3081 4932 3141 4984; x_wconf 89' lang='lat' dir='ltr'>et</span> <span class='ocrx_word' id='word_1_491' title='bbox 3173 4935 3492 5005; x_wconf 56' lang='lat' dir='ltr'>praecipue</span> 
     </span>
     <span class='ocr_line' id='line_1_86' title="bbox 1940 5001 3493 5089; baseline 0.021 -35"><span class='ocrx_word' id='word_1_492' title='bbox 1940 5001 2005 5055; x_wconf 91' lang='lat' dir='ltr'>in</span> <span class='ocrx_word' id='word_1_493' title='bbox 2037 5004 2090 5057; x_wconf 89' lang='grc'><strong>2.</strong></span> <span class='ocrx_word' id='word_1_494' title='bbox 2116 5003 2238 5063; x_wconf 82' lang='lat' dir='ltr'>dist</span> <span class='ocrx_word' id='word_1_495' title='bbox 2269 5008 2321 5062; x_wconf 91' lang='lat'>3.</span> <span class='ocrx_word' id='word_1_496' title='bbox 2348 5016 2561 5080; x_wconf 78' lang='lat' dir='ltr'>quaesi.</span> <span class='ocrx_word' id='word_1_497' title='bbox 2592 5015 2645 5068; x_wconf 90' lang='lat'>8.</span> <span class='ocrx_word' id='word_1_498' title='bbox 2671 5020 2725 5081; x_wconf 65' lang='grc' dir='ltr'><strong>ἓ.</strong></span> <span class='ocrx_word' id='word_1_499' title='bbox 2751 5018 2853 5073; x_wconf 81' lang='lat' dir='ltr'>Sed</span> <span class='ocrx_word' id='word_1_500' title='bbox 2884 5025 3028 5089; x_wconf 83' lang='lat' dir='ltr'>quod</span> <span class='ocrx_word' id='word_1_501' title='bbox 3058 5030 3131 5079; x_wconf 79' lang='lat' dir='ltr'>est</span> <span class='ocrx_word' id='word_1_502' title='bbox 3180 5030 3331 5084; x_wconf 76' lang='lat' dir='ltr'>istud</span> <span class='ocrx_word' id='word_1_503' title='bbox 3378 5034 3493 5086; x_wconf 79' lang='lat' dir='ltr'>im-</span> 
     </span>
     <span class='ocr_line' id='line_1_87' title="bbox 1934 5100 3492 5199; baseline 0.024 -49"><span class='ocrx_word' id='word_1_504' title='bbox 1934 5100 2342 5170; x_wconf 76' lang='lat' dir='ltr'>pedimentum,</span> <span class='ocrx_word' id='word_1_505' title='bbox 2372 5108 2854 5172; x_wconf 79' lang='lat' dir='ltr'>conimbricem.</span> <span class='ocrx_word' id='word_1_506' title='bbox 2888 5118 2998 5176; x_wconf 91' lang='lat' dir='ltr'>lib.</span> <span class='ocrx_word' id='word_1_507' title='bbox 3052 5123 3104 5177; x_wconf 88' lang='lat'>3.</span> <span class='ocrx_word' id='word_1_508' title='bbox 3139 5122 3214 5178; x_wconf 91' lang='lat' dir='ltr'>de</span> <span class='ocrx_word' id='word_1_509' title='bbox 3244 5129 3492 5199; x_wconf 82' lang='lat' dir='ltr'>Anima,</span> 
     </span>
    </p>
   </div>
   <div class='ocr_carea' id='block_1_9' title="bbox 1940 5199 3491 5292">
    <p class='ocr_par' dir='ltr' id='par_1_9' title="bbox 1940 5199 3491 5292">
     <span class='ocr_line' id='line_1_88' title="bbox 1940 5199 3491 5292; baseline 0.022 -42"><span class='ocrx_word' id='word_1_510' title='bbox 1940 5209 2073 5267; x_wconf 85' lang='lat' dir='ltr'>cap.</span> <span class='ocrx_word' id='word_1_511' title='bbox 2108 5199 2163 5254; x_wconf 91' lang='grc'>8.</span> <span class='ocrx_word' id='word_1_512' title='bbox 2198 5206 2413 5271; x_wconf 85' lang='lat' dir='ltr'>qnaest.</span> <span class='ocrx_word' id='word_1_513' title='bbox 2447 5207 2500 5260; x_wconf 88' lang='lat'>8.</span> <span class='ocrx_word' id='word_1_514' title='bbox 2536 5213 2651 5265; x_wconf 85' lang='lat' dir='ltr'>art.</span> <span class='ocrx_word' id='word_1_515' title='bbox 2687 5215 2740 5268; x_wconf 83' lang='lat'>2.</span> <span class='ocrx_word' id='word_1_516' title='bbox 2784 5218 2845 5269; x_wconf 90' lang='lat' dir='ltr'>et</span> <span class='ocrx_word' id='word_1_517' title='bbox 2885 5216 3140 5275; x_wconf 83' lang='lat' dir='ltr'>citatum</span> <span class='ocrx_word' id='word_1_518' title='bbox 3172 5223 3491 5292; x_wconf 79' lang='lat' dir='ltr'>AEgidium</span> 
     </span>
    </p>
   </div>
   <div class='ocr_carea' id='block_1_10' title="bbox 1940 5290 3488 5460">
    <p class='ocr_par' dir='ltr' id='par_1_10' title="bbox 1940 5290 3488 5460">
     <span class='ocr_line' id='line_1_89' title="bbox 1944 5290 3488 5394; baseline 0.022 -49"><span class='ocrx_word' id='word_1_519' title='bbox 1944 5290 2054 5348; x_wconf 89' lang='lat' dir='ltr'>lib.</span> <span class='ocrx_word' id='word_1_520' title='bbox 2113 5296 2167 5350; x_wconf 81' lang='lat'>4.</span> <span class='ocrx_word' id='word_1_521' title='bbox 2220 5297 2295 5353; x_wconf 87' lang='lat' dir='ltr'>de</span> <span class='ocrx_word' id='word_1_522' title='bbox 2354 5302 2774 5365; x_wconf 82' lang='lat' dir='ltr'>Facultatibus</span> <span class='ocrx_word' id='word_1_523' title='bbox 2853 5315 3131 5384; x_wconf 90' lang='lat' dir='ltr'>corporis</span> <span class='ocrx_word' id='word_1_524' title='bbox 3209 5317 3488 5394; x_wconf 82' lang='lat' dir='ltr'>gloriosi,</span> 
     </span>
     <span class='ocr_line' id='line_1_90' title="bbox 1940 5395 2521 5460; baseline 0.029 -21"><span class='ocrx_word' id='word_1_525' title='bbox 1940 5397 2161 5460; x_wconf 82' lang='lat' dir='ltr'>qnaest.</span> <span class='ocrx_word' id='word_1_526' title='bbox 2205 5395 2287 5449; x_wconf 81' lang='grc'><strong>12.</strong></span> <span class='ocrx_word' id='word_1_527' title='bbox 2317 5403 2433 5454; x_wconf 84' lang='lat' dir='ltr'>art.</span> <span class='ocrx_word' id='word_1_528' title='bbox 2467 5402 2521 5456; x_wconf 88' lang='lat'>5.</span> 
     </span>
    </p>
   </div>
   <div class='ocr_carea' id='block_1_11' title="bbox 1943 5544 3490 5765">
    <p class='ocr_par' dir='ltr' id='par_1_11' title="bbox 1943 5544 3490 5765">
     <span class='ocr_line' id='line_1_91' title="bbox 2035 5544 3488 5666; baseline 0.025 -53"><span class='ocrx_word' id='word_1_529' title='bbox 2035 5544 2263 5627; x_wconf 87' lang='lat' dir='ltr'>Item,</span> <span class='ocrx_word' id='word_1_530' title='bbox 2301 5549 2394 5619; x_wconf 84' lang='lat' dir='ltr'>ad</span> <span class='ocrx_word' id='word_1_531' title='bbox 2439 5558 2951 5646; x_wconf 80' lang='lat' dir='ltr'>propositum</span> <span class='ocrx_word' id='word_1_532' title='bbox 2997 5572 3244 5658; x_wconf 88' lang='lat' dir='ltr'>patet,</span> <span class='ocrx_word' id='word_1_533' title='bbox 3283 5578 3488 5666; x_wconf 86' lang='lat' dir='ltr'>quod</span> 
     </span>
     <span class='ocr_line' id='line_1_92' title="bbox 1943 5666 3490 5765; baseline 0.026 -39"><span class='ocrx_word' id='word_1_534' title='bbox 1943 5666 2489 5752; x_wconf 81' lang='lat' dir='ltr'>comparando</span> <span class='ocrx_word' id='word_1_535' title='bbox 2545 5675 3038 5763; x_wconf 80' lang='lat' dir='ltr'>negativum,</span> <span class='ocrx_word' id='word_1_536' title='bbox 3111 5689 3190 5760; x_wconf 89' lang='lat' dir='ltr'>et</span> <span class='ocrx_word' id='word_1_537' title='bbox 3246 5692 3490 5765; x_wconf 87' lang='lat' dir='ltr'>sensi·</span> 
     </span>
    </p>
   </div>
   <div class='ocr_carea' id='block_1_12' title="bbox 3633 5596 3714 5649">
    <p class='ocr_par' dir='ltr' id='par_1_12' title="bbox 3633 5596 3714 5649">
     <span class='ocr_line' id='line_1_93' title="bbox 3633 5596 3714 5649; baseline 0.025 -2"><span class='ocrx_word' id='word_1_538' title='bbox 3633 5596 3714 5649; x_wconf 76' lang='lat'>50.</span> 
     </span>
    </p>
   </div>
  </div>
 </body>
</html>
