4252 6393
634 411 752 473 780

295 573 582 687 infletfjt‘um
629 593 791 644 non
826 573 923 645 ab
954 574 1116 646 alio
1152 575 1454 669 accipit
1489 575 1603 647 sic
1640 594 2006 647 movere:
2046 574 2181 645 sed

280 703 582 770 infinitum·
635 688 715 761 in
756 709 902 761 sua
948 691 1026 762 vi
1069 691 1337 765 activa
1380 693 1619 765 habet
1672 712 1911 764 suum
1952 691 2180 763 effec-

631 811 803 879 tum
885 806 1152 888 simul,
1235 809 1423 900 quia
1517 808 2173 902 independenter:

632 923 833 1014 quod
862 923 1105 996 simul
1153 925 1390 998 habet
1435 924 1910 999 virtualiter
1951 923 2177 995 effec-

630 1044 805 1112 tum
938 1040 1366 1122 infinitum,
1496 1045 1620 1114 est
1735 1041 2172 1121 infinitum;

629 1162 1018 1248 ergo‚etc.

743 1273 1008 1346 Aliter
1093 1276 1522 1347 coloratur
1605 1276 1819 1350 ratio
1889 1301 1902 1344 :
1988 1276 2177 1367 quia

633 1390 989 1481 primum
1070 1413 1397 1465 movens
1477 1393 1718 1465 simul
1789 1393 2026 1466 habet
2098 1393 2176 1465 in

628 1505 935 1579 virtute
987 1528 1130 1579 sua
1193 1529 1468 1582 omnes
1523 1509 1857 1583 effectus
1919 1508 2177 1602 possi-

631 1623 833 1695 biles
926 1626 1254 1717 produci
1353 1649 1494 1720 per
1597 1633 1912 1701 motum
1959 1652 1972 1695 ε
2053 1625 2174 1699 illi

628 1745 816 1814 sunt
890 1740 1206 1824 infiniti,
1263 1741 1329 1815 si
1408 1749 1676 1817 motus
1747 1744 2170 1828 infinitus;

281 1837 597 1957 assfflssran
625 1877 852 1948 erg0,
910 1863 1063 1934 etc.
1140 1859 1339 1932 Mihi
1401 1882 1561 1932 non
1628 1861 1949 1934 videtur
1990 1882 2174 1934 con-

279 1976 587 2094 ?essquvssffgss
625 1975 1048 2067 sequentia
1102 1977 1432 2070 probari
1486 1979 1707 2050 bene.
1780 1980 1963 2052 Non
2015 1980 2175 2072 pri-

625 2112 754 2162 mo
795 2093 1054 2174 mode,
1096 2093 1283 2185 quia
1313 2094 1637 2169 duratio
1673 2097 1942 2189 major
1971 2094 2172 2168 nihil

626 2206 1162 2299 perfectionis
1223 2210 1460 2293 addit,
1529 2210 1716 2303 quia
1776 2233 1936 2284 non
2002 2233 2172 2305 per·

622 2323 920 2397 fectior
969 2330 1095 2399 est
1151 2326 1453 2408 albedo,
1514 2331 1702 2420 quia
1753 2350 1910 2401 uno
1959 2349 2171 2404 anno

626 2446 898 2514 manet
956 2462 1197 2533 quam
1259 2443 1326 2515 si
1386 2464 1540 2515 uno
1586 2444 1709 2518 die
1764 2452 2168 2527 maneret;

622 2581 820 2650 ergo
899 2564 1172 2633 motus
1225 2564 1895 2654 quantaecumque
1939 2564 2173 2637 dura·

619 2675 879 2749 tionis
918 2733 933 2758 ,
970 2696 1132 2748 non
1183 2681 1306 2749 est
1355 2677 1797 2769 perfectior
1829 2678 2172 2753 effectus

625 2812 864 2885 quam
906 2795 1174 2864 motus
1208 2793 1444 2864 unius
1467 2793 1663 2874 diei;
1701 2813 1900 2885 ergo
1926 2815 2174 2887 agens

623 2931 720 2983 ex
758 2908 907 2981 hoc
944 2910 1149 3001 quod
1183 2909 1418 2983 habet
1454 2910 1532 2982 in
1561 2911 1871 2984 virtute
1904 2914 2173 2987 activa

621 3024 1006 3099 effectum
1058 3024 1324 3108 simul,
1376 3026 1498 3098 vel
1550 3048 1733 3109 non,
1790 3050 1949 3100 non
1993 3052 2172 3102 con-

620 3141 978 3217 cluditur
1009 3147 1278 3236 major
1312 3143 1704 3235 perfectio
1737 3144 1892 3228 hie,
1932 3167 2167 3238 quam

627 3259 775 3340 ibi,
832 3260 987 3332 nisi
1033 3260 1236 3350 quod
1280 3279 1526 3349 agens
1566 3261 1866 3335 diutius
1905 3269 2175 3340 movet

622 3398 720 3448 ex
782 3395 891 3455 se,
973 3380 1053 3448 et
1112 3375 1222 3449 ita
1291 3381 1508 3450 esset
1569 3379 2169 3464 ostendendum,

624 3491 830 3583 quod
862 3490 1284 3564 aeternitas
1310 3493 1627 3583 agentis
1652 3496 2175 3574 concluderet

626 3609 1110 3682 infinitatem
1153 3609 1353 3700 ejus,
1393 3611 1598 3682 alias
1639 3632 1736 3682 ex
1773 3610 2175 3687 infinitate

630 3728 899 3797 motus
951 3744 1109 3797 non
1174 3730 1440 3817 potest
1486 3726 1880 3799 concludi.
1955 3730 2172 3801 Tunc

628 3840 919 3914 ultima
962 3840 1420 3934 propositio
1463 3842 2000 3916 colorationis
2047 3865 2177 3915 ne-

625 3959 895 4048 gatur,
991 3956 1146 4029 nisi
1248 3958 1338 4029 de
1443 3957 1840 4032 infinitate
1943 3961 2175 4036 dura-

630 4073 879 4146 tionis
928 4130 941 4143 .

356 4208 500 4262 sz·
730 4192 1136 4264 Secundus
1215 4192 1448 4264 color
1518 4193 1900 4276 abluitur,
1990 4195 2179 4286 quia

277 4272 787 4391 ἷξῖῗὲςῗςῖἶζῖωοῐι
917 4306 1183 4399 major
1260 4306 1652 4399 perfectio
1770 4309 2175 4382 intensiva

276 4405 572 4520 {2523ssng
628 4423 1140 4496 concluditur
1209 4446 1306 4496 ex
1381 4423 1555 4506 hoc,
1632 4427 1837 4516 quod
1924 4447 2175 4517 agens

347 4536 491 4580 nem.

312 4588 569 4652 Infinua-
623 4545 1176 4634 quodcumque
1207 4543 1561 4632 ejusdem
1594 4544 1885 4635 speciei
1913 4549 2181 4637 potest

285 4658 537 4773 ’ἵζω-ξεῖ
624 4660 1069 4752 producere
1104 4658 1556 4731 successive
1599 4661 1972 4752 quamdiu
2011 4683 2179 4734 ma-

284 4795 577 4897 adast-‘lam
624 4779 782 4857 net,
830 4774 1018 4866 quia
1052 4776 1254 4866 quod
1294 4780 1558 4867 potest
1595 4776 1673 4847 in
1709 4797 1952 4849 unum
1987 4779 2172 4861 tale,

287 4902 601 4974 Philosophi·
634 4910 789 4961 uno
826 4894 1216 4981 tempore,
1256 4890 1530 4961 eadem
1563 4892 1781 4965 virtu
1801 4897 1871 4965 te
1909 4899 2176 4985 potest

637 5010 714 5081 in
768 5006 1010 5086 mille,
1060 5006 1125 5077 si
1183 5005 1399 5077 mille
1443 5008 1944 5100 temporibus
2018 5031 2175 5082 ma-

629 5130 840 5197 neat.
925 5125 1104 5195 Non
1154 5126 1277 5195 est
1331 5125 1604 5193 autem
1650 5126 1852 5216 apud
1901 5126 2173 5197 Philo-

630 5240 928 5333 sophos
1030 5237 1439 5331 possibilis
1548 5239 1927 5322 infinitaS‚
2011 5243 2171 5315 nisi

629 5355 1075 5427 numeralis
1183 5354 1614 5428 effectuum
1720 5357 2174 5448 producibi-

632 5474 828 5545 lium
888 5493 1027 5565 per
1087 5477 1422 5550 motum,
1488 5471 1557 5545 id
1611 5476 1760 5552 ost,
1842 5492 2173 5561 gencra-

632 5589 914 5663 bilium
979 5593 1058 5663 et
1108 5588 1791 5682 corruptibilium,
1846 5591 2032 5683 quia
2098 5592 2179 5664 in

1815 412 1914 475 DE
1957 411 2200 476 PRIMO
2247 412 2636 476 PRlNClPIO

2295 573 2713 666 speciebus
2803 572 3291 646 infinitatem
3362 593 3524 644 non
3606 591 3838 665 pone-

2292 688 2532 761 bant.
2584 690 2731 761 Sed
2764 689 2830 760 si
2868 690 3048 780 quis
3095 689 3305 761 alius
3355 690 3642 781 probet
3677 689 3842 760 infi-

2292 805 2634 878 nitatem
2742 806 3199 898 specierum
3300 806 3836 899 possibilium,

2294 921 2703 1014 probando
2764 923 3084 1016 aliquos
3144 929 3414 996 motus
3474 923 3840 996 coelestes

2291 1059 2468 1110 esse
2562 1038 3452 1123 incommensurabileS,
3529 1045 3609 1113 et
3727 1039 3841 1112 ita

2291 1176 2703 1247 nunquam
2760 1177 2995 1248 posse
3053 1157 3318 1230 redire
3383 1158 3477 1229 ad
3536 1157 3840 1230 unifor-

2295 1272 2689 1354 mitatem,
2762 1272 3091 1345 etiamsi
3193 1294 3339 1367 per
3431 1273 3837 1346 infinitum

2287 1387 2677 1460 durarent
2705 1412 2719 1469 ;
2756 1393 2837 1461 et
2870 1388 3204 1461 infinitae
3229 1390 3843 1483 conjunctiones

2292 1504 2559 1597 specie
2619 1511 3060 1580 causarent
3126 1507 3441 1579 infinita
3506 1527 3840 1597 genera-

2290 1621 2481 1693 bilia
2507 1625 2587 1694 et
2619 1622 3192 1715 corruptibilia
3229 1622 3518 1716 specie,
3559 1624 3651 1696 de
3692 1623 3839 1695 hoc

2290 1738 2665 1831 quidquid
2721 1739 2829 1813 sit
2884 1739 2963 1811 in
3008 1763 3117 1822 se,
3177 1741 3311 1813 sed
3350 1741 3551 1815 nihil
3585 1743 3679 1813 ad
3732 1741 3840 1813 in-

2290 1855 2738 1929 tentionem
2813 1857 3317 1939 Aristotelis,
3383 1859 3519 1950 qui
3587 1858 3840 1930 infini-

2290 1975 2544 2045 tatem
2585 1973 3046 2064 specierum
3099 1978 3481 2064 negaret.

2376 2088 2784 2180 Objicitur
2874 2089 3006 2162 hic
3108 2089 3482 2172 ulteriuS,
3589 2091 3840 2183 inqui·
3975 2100 4047 2150 2⁷·

2290 2205 2537 2276 rendo
2612 2206 3014 2296 quomodo
3098 2206 3179 2278 in
3253 2207 3524 2299 primo
3603 2227 3840 2299 argu-

2290 2326 2561 2395 mento
2607 2322 3025 2395 nitebatur
3066 2324 3550 2396 concludere
3594 2324 3846 2397 infini-

2289 2443 2569 2520 tatem,
2659 2439 2848 2530 quia
2933 2441 3292 2513 essentia
3366 2439 3639 2513 divina
3721 2448 3845 2516 est

2289 2575 2536 2627 causa
2607 2557 3207 2646 cognoscendi:
3274 2561 3351 2630 et
3402 2557 3535 2631 hic
3591 2579 3844 2650 negas

2288 2668 2437 2743 hoc
2509 2692 2748 2764 posse
2808 2672 3176 2745 concludi
3234 2694 3333 2744 ex
3401 2671 3579 2758 hoc,
3642 2675 3845 2765 quod

2287 2793 2413 2862 est
2465 2809 2715 2862 causa
2789 2790 3105 2862 essendi
3184 2790 3523 2873 infinita,
3611 2793 3843 2884 quasi

2291 2906 2554 2998 majus
2623 2905 2728 2979 sit
2788 2905 3055 2979 facere
3107 2907 3409 2999 aliquid
3449 2930 3627 2981 csse
3660 2929 3841 3001 eog-

2287 3022 2574 3104 nitum,
2643 3043 2884 3115 quam
2966 3045 3110 3095 ens
3171 3029 3530 3097 verum?
3606 3027 3836 3109 Item,

2290 3139 2687 3233 quomodo
2779 3139 2860 3212 in
2942 3143 3286 3214 secundo
3354 3149 3841 3233 argumento

2289 3256 2767 3331 concludere
2867 3257 3208 3330 voluisti
3316 3259 3836 3343 infinitatem,

2288 3395 2387 3445 ex
2431 3374 2579 3444 hoc
2608 3374 2784 3445 solo
2822 3376 3031 3465 quod
3065 3380 3365 3448 natura
3403 3375 3672 3468 primi,
3720 3382 3843 3451 est

2290 3490 2574 3562 totalis
2640 3490 2858 3563 ratio
2921 3494 3488 3583 cognoscendi,
3546 3494 3675 3565 vel
3733 3495 3842 3566 vi-

2289 3606 2515 3678 dendi
2566 3605 2811 3679 aliam
2855 3613 3240 3681 naturam
3287 3609 3837 3702 singularem:

2290 3725 2369 3793 et
2420 3742 2671 3811 negas
2736 3721 2886 3795 hoc
2953 3722 3082 3796 hic
3151 3746 3388 3817 posse
3448 3727 3840 3809 concludi,

2290 3858 2387 3907 ex
2425 3837 2573 3910 hoc
2610 3839 2816 3931 quod
2847 3845 2972 3913 est
3018 3841 3233 3913 ratio
3267 3842 3550 3915 totalis
3582 3864 3845 3916 essen-

2289 3954 2363 4026 di
2412 3960 2781 4048 respectu
2825 3957 2998 4046 ejus
3034 3964 3069 4029 ¹?
3105 3977 3293 4029 nam
3338 3962 3620 4033 saltem
3664 3981 3842 4053 pro-

2292 4071 2533 4143 ximae
2586 4077 2903 4146 naturae
2958 4073 3109 4146 sibi
3159 4080 3284 4147 est
3330 4076 3615 4150 totalis
3664 4097 3843 4149 cau-

2294 4209 2382 4259 sa
2414 4190 2752 4262 essendi.

2381 4305 2494 4377 Ad
2539 4305 2920 4398 primum,
2970 4307 3341 4399 quidquid
3388 4312 3655 4401 potest
3700 4308 3840 4380 ali·
3904 4333 4101 4413 ‘Plura

2294 4443 2443 4516 qua
2491 4424 2748 4497 multa
2794 4423 3061 4504 simul,
3134 4445 3479 4515 quorum
3536 4397 4149 4517 quodli-⁸¹'Z{,²,‘‡e‡'{⁰'

2290 4540 2421 4614 bet
2503 4541 2849 4633 requirit
2930 4541 3179 4612 aliam
3252 4541 3835 4633 perfectionem
3915 4523 4108 4659 QZ‘J?

2297 4659 2746 4751 propriam,
2820 4657 3007 4730 illud
3080 4658 3592 4731 concluditur
3668 4681 3840 4751 per·
3895 4662 4128 4712 ”¹⁰³⁰”0'm

3950 4719 4135 4760 rectio-

2294 4774 2581 4849 fectius
2636 4797 2731 4846 ex
2792 4774 3264 4867 pluralitate
3331 4774 3614 4846 talium
3665 4803 3680 4843 :
3729 4777 3839 4849 ita
3883 4713 4100 4824 pens-’¹⁷³'

2289 4897 2413 4965 est
2462 4892 2552 4963 de
2616 4894 2990 4980 intelliqcre
3053 4887 3368 4963 infinita
3429 4890 3697 4973 simul,
3761 4897 3839 4967 et

2294 5007 2397 5079 ita
2462 5006 3011 5086 concederem,
3079 5006 3145 5077 si
3211 5006 3600 5098 probares
3635 5010 3839 5099 quod

2290 5127 2561 5215 posset
2594 5142 2937 5193 causare
2972 5123 3213 5193 simul
3257 5122 3594 5205 infinita,
3637 5126 3840 5217 quod

2284 5242 2496 5312 essct
2522 5237 2785 5310 virtus
2821 5238 3156 5319 infinita,
3194 5259 3352 5309 non
3390 5239 3497 5312 ita
3534 5261 3842 5313 succes-

2288 5356 2479 5426 sive.
2532 5357 2863 5434 Contra,
2926 5353 3113 5444 quia
3162 5353 3406 5424 simul
3465 5353 3700 5428 habet
3757 5363 3835 5430 et

2290 5476 2678 5566 quantum
2724 5474 2989 5542 estex
3044 5492 3151 5551 se,
3219 5470 3460 5543 simul
3534 5479 3833 5564 posset,

2292 5591 2422 5663 sed
2457 5594 2754 5665 natura
2806 5587 3141 5663 effectus
3188 5608 3348 5661 non
3403 5591 3830 5681 permittit.
