4252 6393
1614 408 1976 486 QuAEswo
2027 398 2099 472 nl

322 569 713 655 gestiones
764 567 1368 641 considerandae
1439 570 1705 659 primo
1769 568 1851 639 in

324 687 857 771 generatione,
935 684 1126 776 quia
1206 684 1554 758 calidum
1618 684 1850 756 semi-

326 802 484 872 nale
544 804 783 876 habet
848 804 929 875 in
987 824 1072 875 se
1132 803 1529 876 virtutem
1581 804 1852 877 coeles-

328 916 471 990 tem
520 920 1114 1013 complexionis
1155 920 1559 1012 corporis,
1606 941 1649 991 a
1694 941 1850 1012 quo

331 1029 661 1108 decisum
697 1039 847 1118 est,
882 1035 1276 1108 virtutem
1319 1035 1848 1107 formativam

332 1163 412 1217 ex
447 1151 757 1224 virtute
799 1152 1110 1233 formae,
1157 1171 1204 1222 a
1240 1171 1396 1243 qua
1426 1151 1846 1231 deciditur,

334 1277 486 1348 quae
554 1268 828 1340 virtus
867 1272 990 1340 est
1060 1266 1326 1340 decisa
1388 1286 1532 1359 per
1586 1268 1880 1338 totum'

335 1395 604 1465 semen,
642 1404 791 1477 per
842 1385 1187 1477 spiritus
1231 1382 1642 1476 triplicem
1693 1383 1856 1454 vir-

333 1493 565 1573 tutem
625 1502 1014 1576 habentes
1090 1500 1452 1580 vitalem,
1527 1504 1857 1573 natura-

335 1601 490 1697 lem,
534 1619 1006 1701 animalem;
1043 1621 1124 1691 et
1163 1619 1355 1689 tunc
1395 1614 1856 1708 hujusmodi

339 1728 658 1808 calidum
693 1735 1055 1815 seminis,
1105 1732 1640 1806 mediantibus
1675 1730 1860 1805 istis

343 1843 778 1940 virtutibus,
825 1854 1124 1947 digerit
1168 1853 1582 1926 humidum
1624 1854 1856 1927 semi·

352 1962 526 2051 nale,
582 1977 659 2046 et
725 1976 1117 2053 maturat,
1163 1975 1242 2043 et
1297 1969 1713 2051 informat,
1778 1973 1856 2042 et

365 2088 767 2172 organizat,
839 2092 918 2161 ct
998 2088 1092 2160 ad
1178 2087 1860 2179 complementum

368 2182 622 2287 figurae,
691 2210 770 2279 et
840 2204 1332 2299 quantitatis
1417 2204 1861 2309 generandi

375 2306 668 2395 attrahit
708 2320 1129 2395 humidum
1190 2322 1700 2392 menstruum
1754 2319 1864 2391 in-

372 2413 791 2519 trinsecum,
878 2441 957 2509 et
1034 2437 1386 2529 complet
1482 2437 1865 2529 digestio-

364 2544 514 2609 nem
546 2548 623 2626 in
649 2553 978 2627 humido
1022 2554 1422 2636 seminali,
1452 2574 1865 2646 quousque

353 2647 586 2735 potest
650 2693 746 2744 ex
790 2672 969 2764 ipso
1030 2669 1300 2744 facere
1342 2670 1505 2744 tale
1556 2670 1866 2742 anima-

344 2756 481 2840 ssflffi
529 2774 625 2860 in
699 2792 913 2870 actu,
979 2788 1213 2880 quale
1270 2791 1394 2860 est
1466 2789 1733 2881 ipsum
1821 2807 1867 2858 a

349 2920 490 3017 {plo
530 2912 649 2980 est
696 2906 1056 2980 decisum
1112 2927 1427 2988 semen3
1482 2909 1561 2979 et
1599 2906 1713 2978 sic
1746 2925 1868 2977 ca·

352 3048 475 3110 ior
529 3023 809 3115 digerit
869 3022 1384 3096 terminando
1455 3021 1869 3094 humidum

372 3159 525 3214 cum
555 3138 755 3214 sicco
808 3140 1241 3214 miscendO.

189 3316 262 3364 μ·
449 3264 531 3335 Et
567 3263 726 3340 haec
765 3265 1114 3356 digestio
1172 3266 1295 3337 est
1361 3263 1649 3356 prima,
1697 3283 1870 3354 quae

379 3383 676 3453 vocatur
750 3386 1093 3471 pepansis,
1189 3380 1380 3473 quia
1466 3379 1872 3472 completa

375 3494 604 3571 forma
671 3500 790 3572 rei
848 3500 929 3572 in
987 3523 1122 3568 esse
1187 3498 1667 3591 producitur
1732 3517 1875 3589 per

375 3618 973 3701 generationem.
1067 3619 1166 3690 Et
1271 3616 1423 3690 hoc
1532 3615 1872 3689 intendit

371 3731 822 3807 Aristotcles
892 3755 1075 3807 cum
1115 3733 1334 3814 dicit,
1390 3736 1715 3822 completa
1753 3745 1868 3814 est,

365 3870 487 3915 cum
513 3853 580 3918 in
614 3855 973 3938 fructifero
1009 3855 1269 3921 semina
1314 3864 1590 3939 possunt
1647 3855 1874 3937 facere

363 3967 612 4036 aeterum
664 3973 817 4051 tale,
872 3972 1065 4059 quale
1116 3983 1208 4038 est
1261 3972 1499 4059 ipsum,
1563 3969 1874 4043 scilicet

364 4083 544 4171 quod
573 4106 844 4157 semen
888 4084 1104 4167 fecit,
1142 4088 1221 4157 et
1257 4084 1405 4158 1100
1437 4105 1535 4156 ex
1570 4085 1875 4156 semino

363 4215 488 4287 per
523 4201 877 4274 calorem
927 4202 1445 4292 degerentem
1515 4201 1594 4273 in
1647 4200 1871 4293 ipso;

362 4316 429 4385 et
493 4317 599 4390 sic
674 4318 1137 4411 hujusmodi
1224 4318 1574 4408 digestio
1660 4316 1874 4389 ducit

367 4450 516 4502 rem
579 4434 671 4505 ad
710 4433 1396 4527 complementum
1459 4435 1538 4507 in
1580 4433 1872 4515 forma,

366 4550 433 4619 ct
494 4551 780 4641 specie,
872 4554 951 4623 et
1018 4551 1418 4624 antecedit
1497 4574 1670 4632 esse:
1747 4549 1879 4621 sed

368 4659 496 4736 hac
540 4667 986 4759 digestione
1043 4669 1490 4741 terminata
1550 4687 1879 4759 genera-

371 4778 598 4855 tivum
628 4785 881 4858 adhuc
921 4784 1096 4857 fluit
1132 4785 1214 4857 in
1255 4781 1878 4856 humiditatibus

379 4901 794 4989 superfluis,
871 4901 953 4974 in
1016 4899 1304 4992 quibus
1365 4899 1594 4972 calor
1652 4902 1881 4972 natu-

386 5013 551 5087 ralis
583 5020 859 5112 incipit
900 5017 1273 5111 digerere
1311 5017 1875 5109 digestionem.

389 5127 1142 5219 Secunda,l1umidum
1175 5137 1674 5229 superfluum
1707 5156 1882 5208 con-

396 5254 747 5336 sumendo,
828 5256 906 5326 et
973 5253 1433 5344 digerendo,
1507 5255 1584 5324 et
1664 5273 1882 5325 com-

403 5356 617 5444 pletur
679 5370 821 5443 illa
886 5370 1264 5462 digestiO,
1350 5370 1665 5462 quando
1745 5368 1883 5439 hu·

407 5474 666 5558 miditas
759 5489 1172 5581 superflua
1292 5508 1438 5580 per
1534 5487 1881 5560 calidum

411 5582 711 5679 digerens
774 5606 1045 5699 potest
1111 5602 1510 5685 exhalari,
1555 5605 1633 5674 et
1703 5622 1883 5674 con-

3377 404 3493 477 255

1967 569 2205 650 sumi,
2250 574 2328 642 et
2388 575 2735 644 vocatur
2790 576 3099 662 hepsesis,
3165 574 3354 665 quia
3420 576 3508 647 fit

1966 686 2046 757 in
2083 688 2417 778 organis
2460 689 2974 761 naturalibus
3011 710 3154 782 per
3188 691 3510 763 modum

1965 802 2483 886 elixationis;
2558 807 2964 898 completa
3030 812 3302 879 autem
3358 807 3509 880 hac

1963 916 2441 1009 digestione,
2492 920 2815 994 humido
2869 923 3280 1016 superfluo
3322 943 3511 995 con-

1966 1039 2317 1127 sumpt0‚
2382 1039 2459 1108 et
2510 1039 3009 1111 terminante
3061 1038 3328 1132 ipsum
3373 1038 3512 1112 ali·

1965 1150 2096 1220 ter
2128 1151 2346 1241 viget
2389 1152 2618 1225 calor
2652 1154 2729 1228 in
2766 1155 3006 1237 51000,
3053 1159 3133 1228 et
3182 1174 3513 1245 genera-

1966 1268 2226 1340 tivum
2266 1270 2755 1355 exsiccatur,
2818 1275 2898 1344 et
2963 1272 3208 1361 viget,
3284 1272 3513 1344 calor

1969 1386 2050 1458 in
2120 1388 2334 1461 sicco
2371 1394 2493 1462 cst
2560 1391 2820 1481 magis
2888 1390 3340 1462 terminans
3383 1389 3514 1459 hu-

1971 1500 2273 1574 midum
2344 1505 2687 1576 mixtum
2776 1525 2954 1576 cum
3025 1504 3239 1576 sicco
3318 1524 3508 1583 suo;

1971 1618 2171 1690 unde
2214 1621 2645 1692 secundum
2695 1620 2962 1713 ipsum
3014 1619 3515 1692 fortificatur

1971 1738 2535 1825 generativum
2584 1738 2660 1809 in
2695 1759 2840 1809 suo
2873 1762 3006 1806 esse
3037 1737 3508 1810 formative

1973 1854 2073 1925 Et
2142 1851 2312 1925 haec
2380 1856 2503 1925 est
2599 1855 2849 1928 tertia
2914 1854 3289 1945 digestio,
3338 1872 3513 1944 quae

1972 1967 2273 2040 (licitur
2356 1972 2620 2056 optesis,
2699 1972 2778 2042 et
2847 1969 2935 2041 fit
3023 1969 3103 2063 in
3182 1968 3516 2059 organis

1973 2085 2487 2157 naturalibus
2575 2105 2719 2177 per
2791 2086 3114 2159 modum
3183 2086 3520 2158 assatio-

1974 2201 2126 2283 nis,
2216 2204 2295 2274 et
2390 2204 2850 2296 completur
2936 2205 3096 2277 ista
3168 2204 3519 2295 digestio

1977 2339 2159 2389 cum
2235 2320 2464 2392 calor
2555 2321 2988 2403 naturalis,
3084 2321 3519 2394 secundum

1979 2435 2359 2509 ultimum
2398 2436 2764 2519 virtutis,
2818 2438 3211 2511 terminat
3268 2437 3524 2510 humi-

1976 2551 2162 2622 dum
2261 2552 2610 2626 radicale
2704 2554 3245 2626 consumendo
3340 2572 3524 2625 cum

1981 2667 2242 2750 sicco;
2291 2670 2468 2761 ipsa
2509 2673 2780 2743 autem
2849 2670 3278 2762 completa,
3338 2691 3522 2744 eum

1979 2793 2328 2865 calidum
2412 2794 2747 2887 incipiat
2824 2794 3160 2868 fortiter
3244 2815 3529 2869 consu-

1984 2930 2205 2982 mere
2252 2909 2672 2982 humidum
2736 2911 3115 2995 radicale,
3161 2933 3343 2985 cum
3398 2933 3528 2986 ca-

1983 3026 2113 3098 lor
2181 3047 2341 3098 non
2398 3027 2657 3119 possit
2725 3050 2902 3100 esse
2974 3028 3289 3100 otiosus
3349 3049 3527 3101 con·

1985 3145 2369 3218 sumendo
2457 3144 2920 3228 humidum,
2993 3166 3321 3219 necesse
3404 3150 3527 3221 est

1985 3261 2252 3355 ipsum
2356 3262 2716 3344 deficere,
2798 3267 2876 3335 et
2974 3266 3166 3335 tunc
3248 3264 3529 3357 incipit

1988 3377 2490 3450 invalescere
2540 3375 2931 3468 frigidum
2994 3378 3076 3450 in
3145 3378 3385 3460 sicco,
3449 3382 3527 3451 et

1985 3499 2178 3568 tunc
2230 3495 2520 3569 accidit
2564 3495 3027 3585 indigestio,
3076 3516 3251 3587 quae
3294 3517 3531 3589 oppo-

1987 3612 2216 3683 nitur
2271 3615 2505 3700 optesi,
2572 3632 2746 3703 quae
2795 3610 3098 3684 dicitur
3156 3617 3465 3683 elaten-eis
3508 3642 3529 3682 .·

1989 3730 2122 3802 sed
2199 3729 2531 3822 proprie
2600 3749 2760 3801 non
2835 3729 2985 3802 sibi
3056 3733 3526 3823 opponitur,

1991 3845 2182 3938 quia
2215 3845 2528 3937 quando
2581 3845 2812 3918 calor
2860 3865 3019 3918 non
3054 3849 3177 3918 est
3220 3849 3525 3930 tantuS,

1986 3964 2064 4033 et
2099 3960 2449 4051 digestio
2498 3964 2621 4033 est
2667 3961 3034 4042 debilior,
3100 3961 3242 4035 illa
3283 3966 3534 4036 muta-

1987 4076 2107 4149 tio
2162 4080 2509 4149 vocatur
2565 4081 2757 4157 tunc
2821 4078 3280 4169 indigestio,
3347 4080 3536 4171 quia

1988 4212 2149 4265 non
2183 4193 2278 4264 ad
2309 4193 2551 4265 finem
2589 4194 2850 4276 venit;
2888 4197 2967 4266 et
3003 4194 3071 4267 si
3107 4195 3540 4268 remissior

1995 4307 2345 4381 mutatio
2413 4309 2734 4381 dicatur
2818 4310 3196 4403 opposita
3281 4310 3536 4383 inten-

1992 4424 2222 4506 siori,
2263 4423 2540 4497 51011ῑο
2572 4425 2725 4498 dici
2788 4429 3054 4518 potest
3100 4428 3536 4520 oppositio,

1991 4561 2154 4614 non
2196 4539 2465 4613 aliter.

2081 4660 2226 4732 Sed
2286 4658 2378 4730 de
2430 4657 2597 4739 illo,
2659 4658 2866 4748 quod
2925 4659 3540 4735 convalescente

1995 4795 2139 4867 per
2176 4779 2497 4845 seacousin
2537 4773 2834 4866 frigido
2879 4774 2961 4848 in
3011 4773 3226 4851 sicco
3267 4778 3538 4851 debili-

1991 4896 2167 4966 tato
2227 4893 2502 4964 calore
2569 4891 2953 4974 naturali,
3019 4895 3096 4964 et
3143 4911 3305 4966 non
3363 4916 3542 4987 pos-

1996 5009 2101 5082 sit
2195 5009 2697 5081 susficienter
2778 5007 3195 5080 humidum
3276 5013 3541 5085 nutri-

1997 5126 2351 5199 mentale
2403 5125 2803 5218 digerere,
2868 5129 2947 5197 et
3000 5124 3249 5199 aliter
3306 5130 3539 5204 unire

1997 5243 2428 5326 membris,
2514 5241 2799 5335 incipit
2879 5244 3539 5335 superabundare

1993 5361 2409 5435 humidum
2464 5362 2963 5454 superfluum
3025 5363 3537 5455 indigestum,

1993 5482 2071 5551 et
2107 5479 2390 5572 incipit
2423 5478 2854 5570 indigestio
2892 5480 3272 5571 opposita
3300 5485 3535 5571 optesi,

1996 5595 2309 5669 scilicet
2342 5599 2688 5686 molynsis‚
2729 5615 2873 5687 per
2922 5594 3312 5687 frigidum
3353 5616 3536 5671 con-

3678 4683 3753 4733 ¹5.
