4252 6393
687 460 767 522 20
1722 496 1725 499 Α
1857 439 2000 499 ma.
2053 439 2094 498 ι.
2145 431 2687 496 usmonoauu

681 615 890 710 quod
975 588 1340 706 quaedam
1421 620 1778 695 corpora
1836 592 2227 671 ‘coelestia
2341 592 2547 685 quod
2598 592 3068 683 generatur,
3111 591 3562 680 ‘generatur
3606 606 3705 659 ex
3738 607 3884 659 suo

683 729 1159 825 quandoque
1236 727 1424 798 sunt
1495 722 1577 794 in
1654 710 2228 815 propinquiori
2341 706 2791 789 contrario,
2827 710 3168 780 etomne
3202 704 3409 797 quod
3439 703 3892 797 corrumpi-

681 845 1073 921 distantia
1105 840 1538 916 secundum
1571 837 1869 911 lineam
1914 836 2230 907 rectam
2344 830 2506 908 tur,
2543 822 3115 919 corrumpitur
3147 841 3194 893 a
3228 843 3375 895 suo
3418 821 3884 895 contrario:

685 963 780 1037 ad
811 966 1150 1043 terram,
1222 962 1304 1032 et
1346 955 1819 1050 quandoque
1861 950 1942 1023 in
1976 967 2233 1022 remo·
2347 943 2580 1016 modo
2650 943 2940 1017 coelum
3018 962 3178 1015 non
3255 940 3498 1015 habet
3573 943 3891 1013 contra-

689 1077 940 1154 tiori?
2351 1060 2602 1141 rium3
2639 1059 2921 1151 igitur,
2959 1063 3114 1155 etc.

776 1194 896 1268 Ad
934 1191 1010 1265 id
1038 1190 1215 1265 dico
1258 1188 1465 1284 quod
1503 1187 1656 1260 hoc
1697 1204 1858 1259 non
1914 1187 2040 1258 est
2080 1198 2237 1256 me·
2444 1175 2804 1251 Secundo
2876 1172 3250 1267 sequitur
3327 1174 3534 1267 quod
3601 1172 3894 1246 coelum

688 1311 959 1386 diante
1014 1311 1241 1383 motu
1295 1311 1548 1388 recto,
1599 1324 1756 1398 quo
1806 1302 2014 1376 idem
2064 1322 2240 1375 cor·
2352 1313 2514 1366 non
2546 1297 2671 1367 est
2702 1290 3132 1366 alterabile
3190 1290 3682 1366 alteratione
3715 1310 3896 1383 pro·

693 1448 845 1522 pus
914 1425 1079 1499 alia
1153 1424 1333 1497 vice
1408 1420 1844 1502 descendit,
1918 1420 2000 1490 et
2077 1418 2245 1493 alia
2355 1409 2533 1503 prie
2577 1409 2817 1491 dicta,
2865 1406 3054 1501 quia
3100 1407 3292 1483 talis
3350 1406 3778 1482 ordinatur
3814 1408 3896 1480 fl-

693 1542 1082 1625 ascendit,
1138 1541 1274 1615 sed
1340 1539 1493 1613 hoc
1552 1541 1678 1612 est
1736 1542 2076 1631 propter
2137 1535 2244 1609 di·
2353 1527 2658 1602 naliter
2680 1526 2775 1600 ad
2798 1525 3539 1619 generationem,et
3562 1545 3897 1617 corrup-

691 1658 1177 1734 versitatem
1229 1656 1593 1751 partium
1649 1653 2114 1736 eccentrici,
2166 1656 2247 1727 et
2358 1642 2689 1725 tionem,
2739 1647 2825 1717 ut
2870 1645 3093 1736 patet
3121 1643 3233 1716 20.
3290 1644 3372 1711 de
3413 1644 3899 1712 Gener-atione.-

371 1182 627 1246 Dubium.

699 1776 1094 1871 Epicycli,
1150 1776 1232 1848 in
1287 1795 1443 1868 quo
1494 1794 1794 1866 corpus
1838 1771 2035 1847 illud
2076 1791 2239 1844 mo-

696 1899 941 1970 vetur
1023 1896 1245 1976 bene,
1321 1892 1389 1965 si
1457 1892 1959 1983 imaginetur
2036 1890 2251 1962 linea

700 2014 930 2085 recta
972 2008 1335 2086 transire
1390 2028 1536 2102 per
1583 2011 1960 2081 centrum
2000 2010 2250 2080 terrae

703 2129 804 2201 ab
834 2129 1165 2203 Oriente
1207 2126 1289 2200 in
1320 2126 1858 2207 Occidentem,
1896 2123 2248 2217 applica-

705 2249 792 2319 ta
849 2246 946 2319 ad
1003 2244 1572 2321 extremitates
1633 2242 1977 2336 sphaerae
2037 2240 2250 2316 Solis

705 2360 807 2431 ab
846 2364 1194 2454 utraque
1228 2364 1491 2454 parte,
1536 2363 1729 2434 tunc
1772 2377 1965 2452 pars
1999 2356 2250 2450 sphae-

707 2494 824 2548 rae
877 2476 1087 2551 Solis
1129 2496 1422 2550 versus
1462 2474 1902 2568 Tropicum
1954 2471 2251 2548 Cancri

704 2599 924 2669 esset
981 2593 1278 2688 major,
1347 2612 1586 2686 quam
1666 2611 1861 2686 pars
1934 2589 2252 2683 opposi-

705 2716 791 2786 ta
842 2716 1187 2805 propter
1244 2708 1945 2784 eccentricitatem
2011 2706 2253 2780 istius

708 2827 1079 2921 sphaerae,
1151 2831 1233 2902 et
1283 2827 1482 2909 ideo,
1556 2845 1741 2899 cum
1805 2816 1940 2898 Sol
2006 2822 2255 2896 fuerit

710 2945 792 3018 in
832 2942 1180 3037 Tropico
1224 2942 1520 3018 Cancri
1563 2940 1827 3033 magis
1855 2940 2105 3015 distat
2143 2960 2257 3011 se-

713 3061 1056 3134 cundum
1091 3059 1390 3132 lineam
1424 3062 1760 3140 rectam,
1800 3076 2040 3150 quam
2073 3075 2259 3128 cum

718 3176 967 3252 fuerit
1034 3175 1117 3248 in
1168 3174 1517 3269 Tropico
1585 3173 2094 3268 Capricorni.
2159 3174 2259 3246 Et

717 3294 1011 3369 existo
1054 3297 1325 3387 potest
1366 3291 1583 3364 reddi
1627 3311 1877 3365 causa
1929 3290 2259 3363 inclina·

708 3412 965 3486 ‘tionis
1013 3415 1538 3486 terrenorum
1596 3408 2128 3492 naturalium,
2179 3411 2262 3482 et

716 3530 993 3606 eodem
1060 3527 1292 3599 modo
1361 3529 1636 3620 potest
1709 3524 2262 3600 demonstrari

719 3646 800 3718 in
859 3642 1296 3738 Epicyclis,
1358 3664 1541 3717 cum
1604 3645 1831 3720 Luna
1879 3643 2130 3717 fuerit
2181 3642 2265 3714 in

719 3758 1133 3853 superiori
1211 3764 1445 3852 parte
1524 3757 1914 3851 Epicycli,
2000 3757 2264 3848 magis

718 3877 970 3950 distat
1011 3876 1448 3950 secundum
1501 3874 1800 3947 lineam
1862 3877 2176 3947 rectam
2218 3893 2267 3945 a

721 3998 977 4075 terra,
1025 4012 1266 4087 quam
1299 4012 1485 4065 cum
1526 3990 1777 4064 fuerit
1819 3991 1900 4062 in
1940 3989 2266 4064 inferio-

727 4111 823 4182 ri.

818 4227 1178 4302 Secunda
1226 4223 1645 4298 conclusio
1685 4227 1834 4307 est,
1883 4224 2089 4317 quod
2122 4245 2268 4298 coe-

729 4344 897 4415 lum
950 4362 1112 4415 non
1170 4341 1411 4416 habet
1471 4340 2012 4415 contrarium.
2079 4343 2269 4414 Pro-

726 4459 997 4543 batur,
1079 4457 1272 4551 quia
1335 4457 1595 4532 motui
1663 4458 1846 4532 coeli
1914 4478 2074 4530 non
2144 4461 2270 4532 est

727 4574 1275 4658 contrarium;
1351 4595 1553 4667 ergo
1610 4596 1754 4648 nec
1815 4575 1971 4669 ipsi
2040 4574 2267 4649 coelo.

726 4694 1325 4788 Consequentia
1382 4698 1628 4777 tenet,
1695 4695 1884 4787 quia
1945 4700 2268 4769 contra·

728 4813 986 4887 rietas
1015 4811 1097 4885 in
1127 4831 1379 4885 causa
1417 4810 1696 4902 arguit
1728 4812 2272 4886 contrarieta-

729 4935 894 5005 tem
942 4929 1025 5002 in
1065 4929 1383 5011 effectu,
1437 4931 1519 5001 et
1573 4948 1718 5020 per
1766 4949 2273 5021 consequens

731 5065 918 5118 cum
990 5046 1425 5119 secundum
1491 5042 1868 5118 effectum
1934 5065 2097 5118 non
2168 5045 2276 5119 sit

730 5159 1308 5243 contrarietas,
1345 5182 1489 5233 nec
1521 5160 1771 5235 etiam
1804 5160 1966 5234 erit
2000 5182 2276 5233 secun·

734 5279 920 5351 dum
963 5297 1322 5350 causam.
1378 5277 1875 5350 Antecedens
1934 5282 2278 5369 apparet

738 5415 885 5487 per
914 5395 1248 5468 tertiam
1281 5392 1946 5486 suppositionem.
1976 5396 2094 5465 Ex
2119 5392 2278 5466 isto

741 5515 967 5604 patet
1009 5511 1217 5603 quod
1256 5509 1545 5583 coelum
1584 5529 1747 5581 non
1787 5512 1912 5582 est
1945 5528 2281 5600 genera-

744 5627 925 5710 bile,
984 5647 1128 5699 nec
1189 5625 1747 5719 corruptibile,
1796 5625 1983 5718 quia
2044 5647 2280 5699 omne

2361 1759 2593 1831 modo
2653 1759 2943 1832 coelum
3002 1779 3164 1830 non
3226 1762 3696 1850 generatur,
3755 1779 3901 1831 nec

2357 1874 2961 1969 corrumpitur;
3002 1873 3282 1967 igitur,
3327 1879 3482 1949 etc.

2449 1992 2728 2067 Tertio
2771 1992 3144 2085 sequitur
3185 1994 3392 2086 quod
3423 1993 3712 2067 coelum
3744 2011 3906 2064 non

2361 2114 2488 2184 est
2520 2110 3143 2202 augmentabile,
3189 2132 3333 2184 nec
3374 2110 3903 2183 diminuibile.

2364 2226 2798 2309 Probatur,
2863 2227 3052 2319 quia
3111 2228 3373 2300 omnis
3435 2232 3907 2319 augmenta·

2363 2340 2505 2422 tio,
2551 2343 2679 2414 vel
2717 2342 3171 2427 diminutiO,
3215 2344 3306 2418 fit
3349 2344 3749 2418 mediante
3799 2340 3924 2415 al?

2363 2456 2768 2532 teratione
2813 2458 3143 2553 proprie
3175 2459 3419 2543 dicta,
3455 2461 3589 2533 sed
3619 2460 3908 2533 coelum

2363 2595 2523 2649 non
2571 2579 2697 2649 est
2737 2576 3165 2651 alterabile
3197 2576 3387 2651 tale.

2360 2745 2364 2749 .
2455 2694 2575 2765 Ex
2624 2692 2805 2767 istis
2843 2699 3067 2787 patet
3117 2696 3324 2786 quod
3377 2700 3679 2788 praeter
3720 2714 3908 2788 qua·

2365 2814 2558 2885 tuor
2624 2811 3027 2886 elementa
3104 2832 3433 2885 necesse
3517 2817 3642 2887 est
3722 2812 3910 2905 poni

2367 2946 2668 3019 corpus
2716 2927 3111 3019 quintum,
3148 2932 3228 3002 et
3278 2949 3452 3020 quae
3497 2932 3685 3002 sunt
3729 2949 3912 3001 con-

2363 3039 2714 3113 ditiones
2748 3041 3033 3133 ipsius.
3073 3043 3176 3116 Et
3207 3042 3355 3116 hoc
3397 3042 3491 3115 dc
3527 3042 3817 3135 primo.

2893 3379 3163 3435 ARTICU
3175 3376 3314 3436 LUS
3343 3374 3429 3436 11.'

2380 3562 2636 3649 Corpus
2664 3564 2970 3640 quintam
3013 3583 3150 3629 non
3179 3571 3271 3627 est
3309 3559 3391 3627 dc
3427 3570 3675 3627 natura
3706 3560 3912 3648 iynis.

2465 3759 2579 3832 De
2631 3760 2978 3832 secundo
3027 3764 3151 3833 est
3208 3759 3652 3841 dicendum,
3710 3759 3919 3850 quod
4089 3799 4137 3848 5,

2379 3873 2521 3947 illa
2563 3874 2945 3950 dicuntur
2972 3897 3149 3949 esse
3180 3875 3539 3969 ejusdem
3569 3879 3913 3957 naturae,
3954 3863 4153 3972 cusse‘ssfl
4177 3861 4233 3969 αξξ

2381 4012 2555 4085 quae
2637 4000 2824 4070 sunt
2892 3993 3342 4067 consimilis
3419 3993 3731 4075 formae,
3832 3986 4233 4098 utssssssjm

2378 4108 2533 4181 duo
2574 4108 2939 4184 homines
2970 4110 3352 4185 dicuntur
3400 4109 3757 4203 ejusdem
3787 4128 3920 4180 na-

2382 4232 2616 4311 turae,
2650 4248 2744 4300 eo
2798 4227 3004 4320 quod
3051 4226 3348 4300 habent
3392 4225 3708 4298 animas
3740 4245 3921 4298 con-

2383 4343 2728 4444 similes;
2773 4346 2854 4416 et
2914 4342 3087 4415 ideo
3155 4342 3522 4435 quamvis
3576 4342 3926 4416 materia

2385 4459 2491 4535 sit
2532 4443 2856 4541 natura,
2902 4463 3178 4533 tamen
3212 4459 3309 4531 ab
3349 4457 3771 4533 identitate
3813 4457 3924 4550 ip-

2387 4577 2553 4650 sius
2595 4597 2755 4649 non
2784 4576 3165 4650 dicuntur
3205 4576 3480 4667 aliqua
3511 4597 3689 4648 esse
3719 4575 3925 4667 ejus-

2384 4694 2560 4766 dem
2611 4697 2953 4776 naturae,
3008 4713 3103 4765 eo
3156 4693 3363 4785 quod
3412 4692 3495 4764 in
3558 4692 3926 4764 omnibus

2386 4815 2512 4886 est
2560 4812 2834 4884 eadem
2888 4810 3262 4892 materia,
3311 4811 3629 4884 scilicet
3680 4816 3926 4886 mate·

2390 4929 2515 5001 ria
2552 4928 2907 5021 ejusdem
2943 4927 3315 5002 rationis,

2482 5042 2928 5116 Secundum
2960 5040 3113 5116 hoc
3156 5042 3262 5115 sit
3302 5042 3720 5115 conclusio
3765 5044 3925 5136 pri·
4084 5057 4233 5126 corpu

2391 5176 2569 5231 ma:
2626 5163 2940 5252 Corpus
3015 5159 3341 5234 coeleste
3409 5179 3569 5231 non
3643 5164 3769 5233 est
3835 5161 3928 5234 de
3963 5129 4233 5264 ξξῖιῗιῗᾝ

2389 5279 2689 5349 natura
2744 5275 2980 5366 ignis,
3029 5275 3192 5347 imo
3235 5296 3378 5347 nec
3432 5275 3783 5368 alicujus
3826 5276 3926 5349 is·
3970 5262 4233 5316 “W‘'‘W

2391 5397 2666 5464 torum
2691 5392 3200 5465 inferiorum.
3231 5394 3642 5468 Probatur
3666 5394 3932 5486 primo

2391 5530 2489 5581 ex
2558 5510 2994 5602 praedictis,
3069 5509 3258 5602 quia
3325 5529 3560 5583 omne
3631 5532 3932 5604 corpus

2394 5627 2521 5699 hic
2556 5626 2894 5700 inserius
2964 5631 3087 5700 est
3117 5627 3246 5699 vel
3277 5646 3528 5718 grave
3559 5628 3686 5702 vel
3720 5629 3894 5703 leve
3914 5654 3932 5711 ;
