4252 6393
32 1262 43 1351 ¹.
158 1302 241 1352 52.

1672 415 2040 492 Qussss'mo
2089 388 2167 477 iv

724 780 970 837 ARTIC.
1034 779 1103 834 11.
1193 780 1394 836 SECT.
1448 781 1545 835 vl.

386 963 487 1027 Ex
528 983 719 1028 sacra
755 962 1109 1048 Scriptura
1154 960 1479 1047 probatur
1523 960 1660 1024 lucc
1710 960 1911 1024 libcr-

425 1090 537 1157 ιαε,
572 1089 631 1144 cc
664 1077 1173 1145 immutabilitas
1204 1076 1567 1141 voluntatis
1598 1074 1871 1141 divina».

470 1275 577 1344 Ex
634 1273 870 1365 parte
939 1268 1189 1341 etiam
1248 1267 1723 1348 voluntatis,
1791 1288 1909 1337 os-

387 1389 605 1463 tendo
647 1387 852 1479 quod
899 1385 978 1457 in
1027 1382 1506 1477 Scripturis,
1562 1382 1910 1475 prophe-

388 1508 539 1588 tiis,
573 1508 645 1578 et
690 1503 1127 1598 promissis
1158 1500 1452 1574 divinis
1489 1497 1592 1570 sit
1630 1498 1908 1568 immo-

391 1625 640 1698 bilitas
741 1624 820 1694 et
889 1625 1166 1693 tamen
1238 1639 1562 1710 semper
1636 1617 1904 1710 potest

397 1739 829 1834 oppositum
917 1737 1220 1817 facere,
1315 1756 1465 1827 pro
1547 1732 1903 1826 quolibet

397 1883 547 1927 nvenc
581 1856 924 1928 divisim.
972 1856 1307 1928 Certum
1358 1856 1506 1932 est,
1556 1851 1761 1942 quod
1795 1849 1905 1921 nil

394 1980 542 2048 tam
654 1974 1001 2046 liberum
1100 1990 1341 2062 quam
1429 1988 1744 2047 amare,
1828 1970 1905 2039 et

399 2094 669 2183 quanto
746 2110 984 2163 amor
1054 2087 1346 2177 major,
1422 2088 1652 2157 tanto
1725 2083 1908 2155 libo-

399 2208 583 2290 rior;
636 2209 936 2300 quanto
991 2204 1253 2295 magis
1304 2203 1676 2282 liberum,
1738 2205 1908 2273 tan-

396 2330 470 2399 to
516 2326 769 2398 minus
818 2321 1378 2396 necessarium
1422 2318 1909 2390 necessitate

400 2440 853 2520 coactionis3
907 2440 986 2525 et
1030 2436 1099 2508 si
1131 2434 1539 2508 efficiatur
1574 2432 1908 2504 effectus

399 2558 907 2636 extrinsecus,
992 2554 1107 2624 sic
1178 2555 1299 2624 est
1380 2571 1426 2622 a
1500 2550 1903 2630 libertate,

403 2675 562 2765 qnia
624 2673 969 2746 excludit
1042 2689 1362 2741 omnem
1415 2668 1738 2739 modum
1781 2685 1907 2736 ne-

407 2792 802 2872 cessitatis,
865 2792 1037 2861 tam
1135 2784 1585 2859 coactionis
1667 2800 1907 2874 quam

414 2905 1057 2980 immutabilitatis
1122 2905 1497 2995 respectu
1568 2898 1746 2981 Dei,
1820 2900 1906 2970 ut

417 3026 700 3096 ostendi.
745 3027 960 3096 Vera
1001 3026 1126 3093 est
1174 3039 1373 3110 ergo
1420 3016 1588 3088 haec
1637 3036 1908 3087 conse·

422 3142 695 3231 quentia
747 3141 839 3213 de
898 3141 1066 3213 Deo
1141 3137 1510 3228 respectu
1573 3131 1906 3204 effectus

422 3255 829 3338 extrinseci,
878 3256 1086 3350 quod
1121 3256 1424 3346 quanto
1466 3272 1564 3322 ex
1610 3248 1906 3339 maj0ri

425 3398 651 3451 amore
686 3378 1070 3473 procedit,
1117 3379 1347 3449 tanto
1416 3371 1736 3444 firmius
1782 3371 1904 3440 est

423 3497 482 3564 ct
525 3495 1118 3576 immutabiliuS,
1172 3496 1255 3565 ut
1312 3493 1533 3583 patet
1586 3488 1665 3559 in
1718 3488 1906 3557 Bea-

421 3610 527 3691 tis,
557 3615 670 3704 qui
710 3612 915 3686 certi
959 3614 1174 3691 sunt,
1221 3607 1428 3701 quod
1478 3627 1521 3678 a
1562 3603 1904 3676 beatitu-

410 3725 559 3800 dine
586 3734 855 3804 cadere
890 3749 1048 3800 non
1093 3729 1460 3819 possunt,
1510 3728 1587 3795 ct
1631 3726 1904 3793 tamen

410 3863 544 3916 non
570 3846 845 3920 habent
894 3846 1142 3918 aliam
1180 3840 1749 3916 certitudinem
1791 3838 1904 3908 ni-

406 3960 464 4031 si
493 3964 613 4036 Dei
645 3984 1035 4044 amorem,
1093 3962 1226 4054 qui
1271 3961 1571 4052 quanto
1608 3956 1898 4047 major,

402 4079 601 4152 tanto
654 4079 1022 4160 liberior,
1074 4082 1152 4151 et
1207 4078 1509 4169 quanto
1565 4071 1906 4144 liberior

396 4201 735 4289 respectu
772 4195 1194 4291 cujusdam
1236 4191 1567 4265 effectus
1600 4187 1906 4260 extrin-

388 4314 559 4398 seci,
597 4318 821 4388 tanto
867 4310 1128 4405 magis
1172 4311 1437 4403 potest
1480 4306 1751 4379 facere
1826 4306 1905 4376 et

382 4454 534 4507 non
564 4432 854 4506 facere.

464 4553 577 4622 Ex
611 4570 764 4642 quo
807 4549 1088 4641 aperte
1130 4545 1379 4637 patet,
1427 4542 1631 4633 quod
1671 4540 1909 4612 liber-

375 4670 501 4739 tas
538 4664 805 4737 divina
876 4663 971 4735 ad
1015 4681 1251 4753 posse
1306 4658 1575 4731 facere
1627 4660 1705 4729 et
1749 4675 1909 4726 non

374 4786 663 4862 facere,
708 4801 868 4851 non
916 4777 1136 4850 tollit
1188 4772 1783 4854 certitudinem,
1829 4774 1907 4844 et

371 4897 872 4976 firmitatem,
961 4897 1040 4966 et
1131 4889 1905 4967 immutabilitatem,

374 5016 505 5090 sed
592 5012 807 5086 tollit
898 5030 1219 5083 omnem
1306 5006 1907 5080 necessitatem.

375 5127 792 5204 Promissa
857 5128 1129 5198 autem
1198 5122 1469 5195 divina
1526 5125 1603 5194 et
1672 5120 1908 5200 dicta,

375 5249 512 5321 aut
549 5247 731 5315 sunt
774 5239 1466 5319 conditionaliter,
1513 5241 1590 5310 et
1638 5237 1753 5309 sic
1786 5238 1914 5308 fir-

377 5362 744 5436 mitatem
823 5356 1119 5427 habent
1204 5354 1417 5426 siout
1508 5352 1919 5446 promissa

380 5483 598 5557 sunt;
634 5480 773 5548 aut
807 5471 1296 5564 simpliciter
1326 5471 1566 5550 dicta,
1614 5474 1694 5542 et
1732 5474 1919 5542 tunc

383 5596 522 5671 illo
568 5593 794 5666 modo
827 5588 1310 5661 firmitatem
1342 5592 1423 5661 ct
1467 5585 1922 5659 immutabi-

3439 418 3556 481 325

2024 574 2347 648 litatem
2388 575 2684 650 habent
2732 578 3224 651 absolutam.
3282 578 3413 652 Sic
3464 578 3568 651 di-

2025 713 2120 763 co
2180 693 2271 763 de
2333 693 2789 786 Prophetis,
2854 695 3042 786 quia
3100 699 3240 768 aut
3291 695 3568 787 praedi-

2024 812 2217 880 cunt
2263 829 2419 890 res,
2455 809 2933 902 inquantum
2965 812 3180 883 Deus
3217 810 3569 884 ostendit

2021 924 2141 995 eis
2191 928 2568 998 eventum
2631 947 2906 998 rerum
2952 927 3392 998 secundum
3441 947 3566 998 or·
3617 989 3628 1002 .

2021 1041 2286 1113 dinem
2319 1063 2759 1114 causarum
2791 1042 3451 1135 particularium,
3488 1046 3569 1115 et

2025 1160 2214 1229 tunc
2278 1157 2490 1231 sicut
2551 1157 3023 1249 praedicunt,
3082 1156 3197 1229 sic
3274 1177 3566 1229 verum

2020 1273 2296 1345 dicunt
2350 1299 2364 1342 z
2421 1274 2620 1345 unde
2665 1271 3053 1345 Ezechias
3098 1272 3309 1344 mori
3346 1271 3566 1343 debe·
3632 1275 3762 1341 Res·
3794 1274 3872 1326 2⁰·

2018 1389 2156 1463 bat
2223 1391 2658 1463 secundum
2726 1390 3067 1481 gradum
3140 1390 3563 1463 infirmita·

2021 1506 2152 1587 tis,
2206 1512 2287 1579 et
2347 1507 2636 1579 Ninive
2706 1508 3069 1581 subverti
3127 1507 3563 1579 secundum
3592 1530 3739 1580 Jonae
3775 1547 3820 1581 ο.
3848 1529 3903 1584 5.

2022 1622 2426 1695 rationem
2485 1628 2564 1695 et
2617 1623 3102 1697 demeritum
3190 1624 3565 1715 iniquita-

2022 1740 2170 1820 tis;
2211 1740 2644 1811 secundum
2688 1743 2961 1811 tamen
3003 1760 3297 1812 causas
3340 1761 3565 1832 supe—

2023 1856 2312 1938 riores,
2361 1877 2535 1949 quae
2580 1860 2768 1929 sunt
2805 1855 2882 1927 in
2915 1856 3343 1931 voluntate
3384 1857 3558 1939 Dei,

2020 1977 2099 2046 et
2172 1992 2393 2043 mors
2426 1977 2506 2045 et
2550 1971 2971 2045 subversio
3013 1976 3390 2065 poterant
3423 1972 3565 2044 im·

2022 2090 2303 2183 pediri.
2340 2092 2502 2162 Nec
2539 2090 2861 2163 mentiti
2895 2096 3082 2164 sunt
3105 2090 3559 2184 Prophetae,

2022 2206 2087 2277 si
2159 2206 2404 2279 aliter
2454 2206 2818 2279 evenerit
2878 2228 3117 2298 quam
3186 2208 3566 2300 praedixe-

2023 2327 2239 2403 runt,
2277 2322 2691 2414 quiaillud
2741 2322 3184 2414 praevident
3229 2323 3309 2397 in
3354 2345 3565 2396 men-

2025 2444 2099 2513 te
2158 2446 2238 2514 et
2273 2440 2696 2513 voluntate
2737 2440 2883 2514 Dei
2937 2461 3116 2511 esse
3167 2439 3559 2522 futurum,

2022 2558 2225 2649 quod
2289 2557 2659 2649 quamvis
2719 2558 3027 2629 nullam
3087 2555 3379 2630 habeat
3439 2578 3566 2629 ne·

2020 2674 2491 2747 cessitatem
2545 2678 2634 2746 ut
2665 2674 2833 2756 fiat,
2891 2674 3078 2765 quia
3145 2675 3386 2756 Deus,
3440 2673 3570 2761 (si-

2020 2795 2158 2863 cut
2207 2791 2398 2881 dixi)
2449 2791 2621 2863 sine
2665 2791 2789 2863 sui
2835 2790 3330 2873 mutatione,-
3365 2791 3569 2882 quod

2024 2907 2254 2977 modo
2325 2907 2521 2989 vult,
2597 2911 2867 2999 *potest
2907 2905 3150 3008 ‚nolle
3214 2930 3228 2974 ε
3295 2908 3571 2980 tamen

2021 3027 2233 3097 Deus
2270 3023 2424 3096 scit
2467 3024 2674 3116 quod
2726 3022 2953 3095 nulla
3001 3043 3250 3095 causa
3293 3042 3570 3095 occur·

2023 3143 2173 3222 ret,
2239 3161 2490 3233 quare
2562 3140 2734 3233 ipse
2801 3139 3266 3234 oppositum
3325 3138 3565 3222 velit;

2017 3263 2097 3332 et
2144 3258 2342 3331 talia
2391 3258 2827 3330 secundum
2872 3278 3192 3329 omnem
3245 3257 3567 3329 modum

2018 3376 2489 3447 firmissime
2567 3374 2973 3455 eveniunt,
3070 3373 3332 3465 qualis
3411 3372 3564 3446 fuit

2021 3492 2162 3565 illa
2197 3490 2631 3585 prophetia
2669 3517 2682 3559 :
2721 3496 2888 3559 Ecce
2969 3493 3166 3578 Vir-qo
3205 3492 3552 3578 concipiet,
3589 3517 3731 3570 1³25ae
3765 3519 3820 3571 7·
3858 3538 3905 3572 v.

2017 3616 2169 3684 3¹³0·
2209 3609 2337 3682 Sic
2376 3608 2630 3698 igitur
2657 3608 2861 3690 (lico,
2901 3608 3108 3698 quod
3142 3609 3358 3680 Deus
3391 3606 3559 3677 nul-
3590 3582 3673 3634 ¹⁴·

2018 3728 2093 3798 la
2126 3725 2619 3799 necessitate
2664 3744 2838 3796 rem
2882 3725 3130 3796 aliam
3172 3744 3218 3796 a
3262 3744 3346 3797 se
3379 3743 3558 3816 pro-

2014 3845 2284 3916 ducat

2107 3961 2253 4033 Sed
2285 3962 2410 4036 est
2450 3957 2580 4030 hic
2621 3959 3090 4039 notandum,
3141 3956 3349 4049 quod
3418 3956 3560 4030 illa

2018 4098 2192 4168 quae
2263 4079 2450 4148 sunt
2509 4074 2672 4146 alia
2730 4095 2778 4146 a
2839 4075 3044 4156 Deo,
3126 4073 3564 4167 dupliciter

2021 4197 2362 4287 possunt
2401 4191 2944 4273 considerari;
2997 4192 3124 4265 vel
3169 4193 3564 4285 quantum

2018 4311 2113 4383 ad
2169 4308 2568 4383 essentias
2629 4327 2820 4380 suas
2878 4311 2959 4382 et
3047 4328 3226 4381 esse
3268 4306 3566 4399 quiddi-

2021 4426 2402 4507 tativum;
2473 4424 2600 4496 vel
2663 4424 2921 4515 quoad
2979 4445 3157 4497 esse
3215 4422 3565 4498 actualis

2019 4542 2505 4616 existentiae.
2609 4541 2882 4613 Primo
2954 4542 3224 4624 modo,
3291 4541 3567 4614 omnia

2022 4681 2196 4751 quae
2240 4661 2452 4740 sunt,
2500 4663 2580 4731 et
2621 4658 2801 4731 fieri
2854 4662 3223 4751 possunt,
3269 4658 3567 4732 habent

2022 4777 2117 4848 ad
2159 4779 2413 4849 Deum
2463 4775 2982 4848 essentialem
3025 4775 3571 4869 comparatio-

2024 4913 2206 4964 nem
2246 4917 2258 4959 :
2301 4891 2506 4982 quod
2547 4892 2762 4963 enim
2809 4911 2954 4984 per
2987 4891 3432 4965 essentiam
3492 4899 3573 4967 et

2026 5006 2553 5098 quidditatem
2586 5010 2711 5077 est
2744 5004 3072 5096 aliquid,
3110 5024 3270 5076 non
3306 5008 3575 5097 potest

2028 5122 2125 5193 ab
2166 5121 2436 5213 aliqua
2482 5121 2848 5213 potentia
2907 5142 3068 5194 non
3134 5142 3312 5193 esse
3375 5122 3564 5202 tale,

2030 5237 2218 5329 quia
2243 5236 2794 5327 quidditatem‚
2828 5237 2955 5309 vel
2982 5237 3424 5311 essentiam
3450 5236 3579 5309 ha-

2030 5355 2161 5426 bet
2213 5374 2371 5433 res,
2420 5353 2900 5444 inquantum
2936 5354 3191 5426 ideam
3217 5352 3459 5426 habet
3502 5353 3581 5425 in

2030 5473 2225 5542 Deo.
2259 5470 2477 5542 Unde
2536 5470 2746 5543 sicut
2799 5470 2972 5542 idea
3033 5469 3274 5543 habet
3315 5489 3585 5540 neces·

2037 5589 2261 5659 sario
2295 5609 2497 5668 esse,
2549 5587 2664 5659 sic
2716 5591 2796 5659 et
2849 5586 3245 5679 quidditas
3298 5585 3367 5659 ei
3411 5606 3583 5658 cor-

3695 4003 3776 4055 5⁴.
