4252 6393
256 1475 320 1528 ¹8.

304 3806 357 3861 29.

1774 362 2135 440 QUAEs'rlo
2176 363 2194 422 1

420 524 869 607 dictionem,
907 546 1052 598 nec
1091 529 1498 620 repugnat
1525 526 1951 618 principiis

420 643 945 724 naturalibus,
994 645 1126 717 sed
1178 646 1387 736 quod
1435 643 1839 716 videbitur
1872 642 1952 714 in

424 759 791 832 solvendo
855 760 1256 854 opposita,
1321 766 1401 833 et
1476 761 1635 834 isto
1715 761 1950 832 modo

424 897 795 968 expresse
858 877 1224 969 loquitur
1282 877 1800 956 Aristoteles,
1866 878 1952 949 li-

423 996 538 1064 cet
577 1012 734 1064 non
765 993 1363 1067 demonstravit
1399 999 1468 1063 in
1508 996 1574 1065 2.
1619 996 1702 1062 dc·
1744 998 1952 1062 Gene-

427 1114 694 1191 ratione,
729 1110 822 1183 de
859 1111 1394 1203 proportione
1430 1110 1946 1202 qualitatum,

431 1229 502 1296 et
563 1225 938 1317 analogia
996 1247 1157 1298 non
1220 1225 1684 1299 indivisibili
1746 1226 1949 1298 exis-

439 1345 655 1424 tente,
701 1343 833 1414 sed
869 1342 946 1415 in
979 1343 1406 1417 latitudine
1442 1344 1806 1435 quadam.

519 1458 693 1531 Istis
738 1459 1213 1551 praemissis,
1257 1464 1727 1552 potestesse
1768 1479 1948 1530 con-

449 1574 670 1645 clusio
743 1577 1244 1668 responsalis
1323 1576 1417 1647 ad
1487 1576 1943 1667 quaesitum,

449 1687 642 1761 haec:
703 1693 910 1782 quod
965 1692 1462 1784 putrefactio
1508 1696 1634 1766 est
1693 1691 1947 1783 possi-

453 1805 624 1887 bilis,
681 1808 804 1880 vel
887 1810 1273 1900 possibile
1313 1809 1516 1891 fieri,
1573 1810 1696 1881 vel
1770 1830 1948 1880 esse

456 1926 1113 2015 putrefactionem,
1154 1929 1342 2020 quia
1377 1949 1656 2001 omnes
1681 1948 1948 2001 causa}

444 2043 591 2134 ejus
654 2046 1151 2137 propinquae,
1208 2050 1289 2118 et
1359 2052 1699 2120 remotae
1759 2051 1948 2121 sunt

438 2159 833 2250 possibiles
879 2161 1053 2232 lieri
1079 2216 1094 2241 ,
1133 2162 1260 2234 vel
1301 2184 1479 2234 esse
1523 2188 1537 2232 ε
1572 2162 1829 2254 igitur
1867 2167 1945 2236 et

436 2274 767 2359 effectus,
800 2279 1074 2370 quiest
1100 2280 1620 2372 putrefactio.
1657 2285 1944 2353 Conse-

434 2393 732 2481 quentia
767 2399 991 2486 patet
1024 2417 1120 2466 ex
1153 2395 1616 2469 de.'.nitione
1648 2417 1940 2468 causae.

435 2511 901 2583 Antecedens
941 2516 1161 2605 patet
1203 2534 1302 2585 ex
1334 2514 1597 2587 dictis.
1645 2517 1762 2585 Ex
1790 2535 1944 2604 quo

443 2628 634 2714 patet
682 2627 890 2717 quod
944 2627 1330 2719 possibile
1384 2632 1507 2701 est
1560 2627 1765 2719 quod
1816 2649 1944 2721 pu-

441 2742 781 2816 trefactio
825 2743 933 2817 sit
974 2745 1064 2816 de
1125 2745 1369 2825 facto,
1407 2750 1487 2818 et
1540 2744 1717 2825 fuit,
1758 2744 1946 2836 quia

443 2859 786 2947 possibile
835 2865 962 2934 est
994 2862 1170 2953 ejus
1231 2882 1565 2934 causam
1624 2884 1826 2941 esse,
1865 2868 1945 2936 et

443 2974 658 3049 fuisse
718 2978 811 3050 de
895 2978 1159 3060 sacto;
1234 2979 1493 3069 igitur
1560 2984 1642 3053 et
1717 2980 1944 3052 effec-

443 3093 612 3174 tum,
653 3098 798 3167 etc.

894 3416 1312 3472 ARTICULUS
1385 3418 1449 3472 11.

679 3593 1015 3669 Quomodo
1050 3596 1172 3677 fiat
1210 3597 1618 3680 putrefactio
1643 3596 1675 3660 ζ)

522 3787 647 3857 Sed
707 3808 800 3859 ne
854 3788 1309 3878 redarguar
1371 3786 1447 3857 in
1521 3808 1933 3878 processu,

453 3897 727 3974 dicendo
763 3904 1443 3996 putrefactionem
1477 3925 1653 3974 esse
1691 3906 1939 3996 possi-

457 4009 675 4098 bilem,
732 4023 1167 4111 antequam
1227 4010 1688 4111 exponatur
1755 4023 1936 4113 quid

464 4133 777 4218 nominis,
807 4140 1136 4229 oportet
1161 4137 1583 4211 advertere
1608 4159 1936 4229 sequen-

466 4239 552 4309 tia
586 4268 740 4323 cum
791 4251 1475 4345 praecedentibuS,
1523 4256 1602 4325 et
1668 4254 1932 4345 primo

462 4351 528 4422 de
573 4370 888 4440 secunda
961 4371 1192 4460 parte
1261 4368 1738 4459 quaestionis
1809 4375 1933 4444 est

451 4482 614 4544 nunc
656 4484 1092 4563 dicendum,
1158 4483 1473 4556 scilicet
1533 4487 1930 4574 quomodo

426 4575 564 4697 fiat.
651 4601 889 4674 Circa
967 4597 1122 4671 hoc
1209 4599 1631 4672 dicendum
1728 4604 1932 4692 quod

420 4706 956 4792 imaginantur
1002 4718 1401 4790 Doctores
1465 4717 1541 4788 in
1585 4719 1927 4801 artibus,

414 4806 861 4907 etpPactici
909 4834 985 4905 in
1023 4832 1442 4914 medicina,
1482 4854 1931 4906 accommo-

407 4911 684 5043 dantur·
760 4950 860 5022 ab
927 4948 1114 5027 illis,
1187 4950 1394 5040 quod
1458 4949 1601 5021 sub
1660 4949 1933 5041 aliquo

399 5046 788 5140 exlstente
878 5062 1204 5135 humido
1302 5064 1934 5156 proportionato

394 5159 544 5229 ⁰⁰⁰1
625 5184 855 5256 sicco
911 5180 989 5253 in
1033 5179 1309 5270 aliqua
1360 5180 1928 5263 determinata,

392 5260 470 5330 “³¹
566 5287 1199 5371 determinabili
1290 5297 1830 5389 proportione
1892 5317 1936 5366 a.

387 5383 712 5506 mpura,
780 5414 860 5485 in
913 5411 1061 5485 tali
1130 5411 1505 5485 caliditas
1573 5416 1936 5505 quaedam

384 5508 710 5613 existat,
797 5551 972 5624 quae
1042 5531 1137 5606 ad
1235 5531 1425 5606 illud
1496 5531 1938 5617 humidum.

3480 356 3598 421 217

2067 525 2193 595 vel
2282 524 2846 599 humiditatem
2928 520 3362 596 secundum
3448 543 3607 604 esse,

2067 641 2305 714 habet
2393 646 2707 715 certam
2797 638 3443 733 proportionem.
3510 639 3612 709 Et

2067 758 2456 832 similiter
2496 758 2591 829 ad
2652 758 2983 836 siccum,
3045 756 3162 828 sic
3215 754 3422 847 quod
3467 754 3612 825 sub

2065 878 2295 945 certa
2377 873 2805 947 latitudine
2890 871 3428 952 humiditatis,
3531 875 3613 943 et

2063 990 2467 1064 siccitatis
2505 995 2778 1084 potest
2810 990 3183 1064 caliditas
3218 994 3468 1062 certae
3502 989 3609 1060 la·

2065 1107 2440 1181 titudinis
2492 1109 2969 1198 adcertum
3038 1112 3358 1199 tempus
3428 1126 3609 1178 con·

2065 1224 2388 1296 servari
2447 1224 2528 1296 in
2586 1248 2741 1306 esse,
2806 1228 2887 1296 et
2971 1224 3038 1295 si
3099 1223 3321 1297 ultra
3382 1222 3608 1294 illam

2066 1340 2688 1433 proportionem
2792 1340 3071 1414 veniat
3164 1340 3608 1412 humiditas

2061 1457 2307 1530 nimis
2363 1458 2826 1530 excellendo
2889 1457 3416 1539 caliditatem,
3480 1457 3608 1528 vel

2063 1574 2549 1655 siccitatem,
2574 1580 2653 1647 et
2679 1574 2793 1646 sic
2820 1573 3193 1646 caliditas
3220 1573 3605 1652 vincitur,

2062 1696 2142 1765 et
2175 1690 2727 1781 extinguitur;
2768 1695 2848 1764 et
2889 1712 2931 1762 e
2975 1695 3268 1765 contra
3302 1690 3369 1762 si
3419 1689 3609 1764 cali-

2060 1808 2270 1881 ditas
2340 1808 2583 1879 nimis
2659 1809 2993 1881 excedat
3093 1807 3607 1880 latitudinem

2067 1924 2630 2017 proportionis
2671 1924 2958 1996 dabilis
2996 1924 3209 1996 inter
3248 1944 3367 2005 ea,
3415 1928 3607 1999 tunc

2060 2041 2469 2113 consumit
2511 2040 3104 2121 humiditatem,
3155 2044 3234 2112 et
3286 2037 3400 2112 sic
3462 2059 3607 2132 per

2060 2176 2562 2247 consequens
2601 2156 3016 2229 deficiente
3042 2155 3192 2228 sibi
3226 2155 3600 2235 materia,

2065 2275 2141 2346 in
2204 2294 2361 2365 qua
2404 2274 2883 2346 conservari
2931 2275 3283 2357 deberet,
3361 2273 3599 2366 perit,

2059 2395 2139 2463 et
2210 2391 2324 2462 sic
2379 2390 2446 2462 si
2526 2390 2857 2464 siccitas
2921 2390 3030 2465 sit
3085 2390 3362 2473 nimia,
3422 2411 3605 2463 con-

2061 2507 2328 2579 simile
2389 2507 2819 2598 contingit,
2881 2508 3008 2578 vel
3081 2507 3150 2579 si
3191 2506 3602 2598 frigiditas

2059 2622 2304 2694 nimis
2365 2625 2737 2696 destruat
2796 2624 3186 2706 calorem,
3259 2626 3386 2697 vel
3450 2623 3603 2697 sibi

2059 2758 2217 2809 non
2264 2739 2547 2821 debite,
2595 2761 2738 2811 nec
2811 2740 3314 2814 sufficienter
3365 2741 3603 2814 resis-

2059 2858 2182 2927 tat
2226 2857 2321 2928 ad
2380 2857 2656 2938 talem,
2719 2858 2845 2930 vel
2896 2859 3143 2932 talem
3200 2860 3601 2952 operatio-

2059 2993 2268 3055 nem,
2318 2979 2512 3066 puta
2571 2976 2935 3059 vitalem,
3001 2976 3130 3047 vel
3200 2975 3601 3068 putrefac-

2060 3089 2364 3161 tionem
2420 3091 2896 3174 faciendam,
2978 3097 3167 3165 tunc
3225 3092 3605 3167 velocita-

2058 3210 2196 3279 tur
2245 3208 2461 3280 actio
2521 3209 2850 3290 caloris,
2930 3214 3010 3283 et
3088 3210 3604 3283 consumitur

2060 3324 2434 3405 materia,
2488 3329 2566 3398 et
2610 3325 2894 3399 finitur
2944 3326 3198 3408 calor,
3232 3326 3360 3397 vel
3402 3326 3595 3409 vita,

2055 3438 2181 3509 vel
2234 3441 2393 3511 alia
2441 3443 2840 3534 operatio,
2890 3464 3063 3535 quae
3113 3442 3356 3516 istam
3420 3463 3599 3535 pro-

2059 3557 2525 3646 portionem
2578 3559 2885 3641 taliter‚
2949 3561 3075 3633 vel
3133 3560 3416 3633 taliter
3463 3560 3596 3631 ha-

2054 3671 2425 3746 bentibus
2497 3675 2872 3767 quaelibet
2958 3677 3052 3747 ad
3142 3697 3377 3748 suum
3464 3699 3598 3743 esse

2058 3793 2488 3883 requirunt
2540 3796 2631 3866 ad
2674 3799 3081 3877 conservari,
3120 3796 3243 3867 vel
3283 3798 3590 3885 produci.

2144 3911 2243 3982 Et
2316 3909 2488 3982 ideo
2566 3916 2892 4003 oportet
2970 3912 3596 4004 proportionem

2053 4024 2300 4096 talem
2357 4027 2689 4099 omnino
2750 4050 2929 4100 esse
2994 4029 3348 4122 ejusdem
3427 4050 3596 4122 spe-

2051 4140 2204 4212 ciei
2257 4143 2897 4235 specialissimae,
2967 4149 3159 4237 puta
3212 4146 3596 4238 sesquial-

2051 4258 2341 4338 teram,
2371 4259 2495 4329 vel
2534 4280 2860 4352 semper
2895 4264 3397 4352 punctuatur
3439 4283 3597 4333 ses-

2051 4371 2469 4464 quitertia,
2515 4375 2646 4446 vel
2688 4376 2996 4467 {equale
3057 4377 3152 4448 ad
3228 4377 3596 4469 produci-

2047 4486 2230 4569 bile,
2325 4489 2538 4562 sicut
2597 4492 2691 4562 ad
2760 4491 3372 4585 concipiendum
3451 4495 3598 4566 sub

2047 4609 2277 4677 certo
2314 4607 2568 4697 gradu
2610 4608 3108 4700 opinionum,
3172 4610 3300 4682 vel
3342 4613 3436 4682 ad
3484 4611 3593 4683 in-

2047 4720 2553 4803 tendendum,
2595 4724 2727 4794 sed
2764 4724 3064 4798 sufficit
3099 4726 3305 4817 quod
3340 4747 3592 4819 prope

2049 4837 2274 4909 illam
2330 4839 2437 4913 sit
2512 4840 2676 4920 illa,
2734 4843 2941 4933 quod
3020 4863 3179 4914 non
3249 4843 3590 4916 nimium

2045 4955 2379 5028 excedat
2456 4956 2704 5028 talem
2775 4958 3422 5049 proportionem,
3505 4965 3592 5034 ut

2050 5075 2243 5161 puta
2304 5073 2509 5163 quod
2557 5074 2663 5147 sit
2699 5075 3131 5167 proportio
3183 5075 3587 5168 centupla,

2048 5187 2182 5258 ubi
2227 5189 2454 5279 prius
2491 5191 2754 5261 solum
2790 5192 3354 5282 sesquialtera,
3405 5194 3592 5287 quia

2051 5303 2168 5374 sic
2197 5303 2264 5375 si
2310 5312 2753 5396 poneretur
2797 5310 3110 5398 quando
3155 5310 3345 5385 licet
3386 5313 3592 5385 exis-

2054 5421 2563 5494 timationem
2610 5424 2920 5497 variari
2954 5426 3175 5498 nulla
3219 5428 3585 5513 scientia,

2052 5557 2196 5608 nec
2250 5538 2693 5614 {estimatio
2741 5542 3000 5633 possit
3042 5543 3218 5620 fidie
3281 5546 3585 5623 reistis.
