4252 6393
147 3156 202 3210 37.

101 3223 245 3272 Βαιω.

92 3295 293 3349 ιιι-μψ-

99 3348 178 3404 νὰα.
201 3361 240 3400 et

92 3409 139 3483 §ne
158 3417 286 3478 impe-

92 3486 165 3522 tunt
202 3494 286 3539 pu·

92 3537 265 3596 resectio-

110 3614 209 3651 m.

1651 392 2013 479 QUAESTlO
2064 396 2082 463 i

313 573 582 647 fortius
642 570 997 663 impedit,
1059 572 1142 643 et
1212 565 1646 641 secundum
1723 562 1831 634 di-

311 690 759 762 versitatem
785 686 1085 760 fortius
1108 684 1619 775 contingunt.
1648 679 1830 753 Alia

314 825 561 887 causa3
598 805 784 896 quia
815 806 957 877 aut
988 801 1383 877 fortitudo
1416 804 1541 874 est
1575 799 1653 871 in
1687 797 1829 870 illa

311 922 690 997 caliditate
737 924 1074 1014 propter
1113 919 1290 1012 ejus
1334 917 1686 992 acutiem
1728 934 1826 985 ex

310 1039 638 1113 naturali
698 1035 1262 1130 complexione
1326 1034 1469 1116 rei,
1534 1036 1676 1105 aut
1726 1053 1824 1104 ex

310 1156 444 1228 alio
463 1156 874 1229 accidente
908 1152 1376 1227 extrinseco
1411 1150 1823 1223 excitante

313 1274 562 1365 ipsam,
610 1277 753 1346 aut
819 1293 917 1343 ex
961 1269 1422 1364 quantitate
1481 1267 1605 1339 sui
1649 1267 1822 1339 sub-

305 1389 494 1481 jecti,
541 1389 728 1481 quia
779 1388 858 1459 in
898 1386 1196 1478 majori
1258 1403 1634 1478 corpore,
1680 1403 1824 1455 cae-

312 1506 482 1578 teris
557 1506 913 1599 paribus,
979 1507 1103 1577 est
1180 1503 1452 1595 major
1526 1501 1819 1574 virtuS.

314 1622 383 1695 Si
443 1624 702 1715 primo
772 1623 1007 1694 modo
1081 1621 1460 1701 istorum,
1527 1620 1643 1691 sic
1700 1621 1826 1692 est

315 1739 620 1813 tertium
684 1738 1376 1832 impedimentum,
1450 1737 1825 1810 videlicet

313 1852 603 1927 fervens
689 1854 1067 1928 caliditas
1139 1854 1259 1926 rei
1336 1874 1383 1925 a
1461 1853 1825 1927 naturali

312 1971 870 2064 complexione,
945 1971 1156 2044 sicut
1224 1970 1305 2043 in
1365 1971 1668 2064 pipere.
1744 1969 1825 2043 si

309 2108 482 2160 vero
515 2089 861 2161 secundo
897 2087 1156 2170 modo,
1193 2092 1387 2163 tunc
1427 2092 1553 2161 est
1589 2108 1826 2178 quar·

311 2207 461 2276 tum
582 2203 1271 2296 impedimentum,
1390 2204 1826 2275 secundum

311 2321 496 2409 quod
539 2323 853 2392 motum
902 2323 982 2394 et
1024 2319 1278 2392 fluens
1327 2318 1659 2391 minime
1694 2338 1829 2411 pu-

308 2438 681 2519 trescunt,
720 2437 911 2529 quia
947 2442 1172 2513 motu
1205 2437 1568 2512 excitato
1601 2437 1832 2509 calor

309 2554 690 2627 naturalis
726 2554 1022 2634 intrat;
1072 2555 1205 2627 sed
1259 2554 1328 2626 si
1372 2554 1623 2627 tertio
1668 2573 1832 2625 mo-

307 2670 415 2751 do,
475 2674 662 2743 tunc
730 2675 857 2744 est
899 2671 1271 2762 quintum
1319 2670 1833 2762 impedimen-

308 2788 489 2867 tum,
540 2786 673 2858 sed
718 2788 910 2878 quia
962 2787 1310 2860 multum
1374 2806 1630 2878 pauco
1693 2784 1832 2856 mi-

308 2920 442 2973 nus
475 2902 901 2994 putrescit,
948 2908 1028 2977 et
1061 2923 1221 2974 non
1254 2907 1378 2976 est
1419 2901 1636 2975 aliud
1680 2924 1834 2976 me-

306 3018 508 3090 dium
553 3019 992 3111 reperibile
1043 3025 1406 3112 expertae
1460 3019 1607 3091 rei.

386 3137 529 3209 Sed
571 3140 764 3212 nota
806 3137 1014 3229 quod
1084 3136 1248 3210 tria
1320 3139 1508 3211 sunt
1577 3136 1837 3210 adhuc

311 3251 458 3323 alia
483 3258 786 3346 praeter
810 3254 995 3335 ista,
1022 3274 1195 3344 quae
1228 3253 1674 3346 impediunt
1706 3274 1839 3347 pu-

311 3368 896 3451 trefactionem,
944 3375 1029 3442 ut
1086 3370 1568 3453 balsamum,
1627 3389 1841 3460 myr-

311 3482 469 3567 rha,
541 3490 622 3559 et
677 3485 898 3566 aloe;
950 3486 1082 3558 sed
1145 3486 1305 3558 ista
1346 3506 1508 3558 non
1569 3506 1714 3578 per
1756 3507 1841 3557 se

305 3600 763 3692 impediunt,
789 3623 934 3674 nec
971 3601 1434 3674 immediate
1458 3601 1840 3676 resisten-

303 3716 390 3788 do
429 3718 857 3800 caliditati,
892 3717 1021 3790 vel
1057 3717 1668 3810 putrefactioni,
1709 3722 1843 3792 sed

305 3832 694 3906 mediante
737 3833 1082 3925 quadam
1127 3832 1291 3904 alia
1334 3833 1838 3925 operatione.

308 3946 464 4021 Ista
531 3950 749 4022 enim
809 3948 1337 4022 vehementer
1396 3948 1843 4032 exsiccant,

306 4061 412 4136 sic
472 4068 678 4158 quod
748 4086 894 4159 per
943 4065 1584 4139 exsiccationem
1664 4086 1844 4138 con·

304 4180 638 4255 trahunt
704 4182 1281 4256 extremitates
1370 4201 1841 4274 corporum,

307 4295 588 4387 quibus
666 4297 1215 4390 applicantur,
1305 4302 1385 4371 et
1463 4299 1848 4373 claudunt

307 4432 548 4504 poros
598 4435 885 4486 eorum
923 4435 1227 4494 omnes,
1286 4415 1401 4486 sic
1456 4415 1661 4504 quod
1713 4414 1848 4485 hu-

308 4527 654 4611 miditas,
700 4551 877 4621 quae
918 4533 1042 4602 est
1097 4530 1340 4610 intra,
1386 4550 1545 4601 non
1581 4535 1851 4622 potest

308 4646 553 4729 exire,
603 4648 774 4720 ideo
823 4652 1216 4728 remanet,
1254 4651 1334 4720 et
1380 4668 1537 4719 non
1587 4652 1850 4740 putre-

309 4759 416 4843 fit,
452 4768 535 4836 et
585 4764 754 4835 ideo
797 4763 1000 4837 talia
1052 4783 1411 4855 corpora
1452 4769 1854 4856 apparent

313 4875 550 4961 sicca,
619 4881 1022 4972 irrugata,
1092 4880 1412 4961 durata,
1493 4885 1572 4953 et
1641 4901 1853 4952 com-

313 4998 574 5084 pacta,
613 5001 688 5068 et
723 4997 839 5068 sic
867 4995 1018 5067 hoc
1051 4999 1175 5067 est
1202 5016 1345 5087 per
1376 4996 1856 5069 exsiccatio-

311 5129 514 5193 nem,
563 5114 646 5183 et
687 5111 904 5186 forte
938 5131 983 5182 a
1016 5115 1192 5184 tota-
1227 5111 1492 5202 specie
1527 5112 1856 5184 illarum

317 5245 623 5308 rerum,
669 5231 906 5301 modo
950 5248 1105 5320 quo
1173 5227 1643 5302 discernunt
1706 5251 1860 5301 me-

3350 397 3468 458 225

1947 560 2081 632 ubi
2123 560 2621 653 putrefactio
2663 557 2884 629 nulla
2924 558 3014 630 fit
3056 576 3201 650 per
3241 556 3493 630 virtu-

1946 679 2067 751 tes
2101 677 2457 770 lapidum
2493 675 2886 768 speciales
2920 679 3000 747 et
3020 673 3486 753 verborum,

1942 795 2158 868 sicut
2217 797 2617 865 narratur
2674 793 2764 863 de
2824 789 3313 883 corporibus
3362 809 3490 858 ex-

1940 909 2597 991 communicatis,
2662 907 2832 981 haec
2902 927 3061 978 non
3120 909 3306 977 sunt
3377 925 3490 975 se-

1939 1028 2286 1100 cundum
2351 1030 2734 1099 naturam
2799 1026 3300 1101 consuetam,
3358 1021 3492 1093 sed

1939 1144 2232 1216 saltem
2296 1140 2553 1234 quoad
2600 1141 2973 1214 ultimum
3009 1141 3489 1231 supernatu-

1939 1260 2258 1332 raliter.

2029 1389 2175 1462 Sed
2236 1388 2489 1460 adhuc
2552 1391 2675 1459 est
2727 1385 2943 1457 aliud
3009 1383 3478 1464 remedium,

1935 1505 2064 1576 vel
2136 1504 2575 1596 impediens
2620 1501 3328 1595 putrefactionem,
3396 1502 3483 1570 ut

1939 1623 2274 1704 salsata,
2330 1621 2703 1693 videlicet
2739 1620 2884 1701 sal,
2922 1624 3000 1692 et
3035 1618 3483 1691 condimen-

1940 1744 2024 1812 ta
2059 1739 2361 1813 sallita.
2404 1741 2503 1811 Et
2542 1737 2693 1809 hoc
2740 1737 2833 1807 ad
2887 1734 3483 1827 experientiam
3510 1743 3610 1856 Ἦ
3664 1744 3825 1854 {²²:13⁶-

1946 1856 2325 1935 videmus,
2384 1855 2572 1947 quia
2622 1873 2914 1927 carnes
2977 1851 3270 1924 sallitae
3324 1873 3482 1924 non
3506 1820 3823 1933 tasstssss‘ae'vfs.

1941 1976 2448 2066 putrescunt,
2524 1971 2711 2062 quia
2768 1970 2889 2041 sal
2960 1973 3083 2041 est
3135 1967 3482 2040 calidum

1940 2096 2020 2164 et
2081 2090 2413 2170 siccum,
2467 2089 2635 2160 ideo
2698 2087 3020 2159 ratione
3083 2085 3485 2158 siccitatis

1942 2206 2353 2281 consumit
2396 2203 2962 2277 humiditatem
3011 2204 3087 2275 in
3137 2202 3487 2274 exterio·

1945 2326 2192 2405 ribus,
2241 2328 2320 2397 et
2362 2343 2608 2416 poros
2634 2322 3101 2401 condensat,
3154 2323 3234 2392 et
3276 2319 3489 2391 clau-

1942 2443 2083 2521 dit,
2152 2461 2250 2513 ne
2299 2438 2741 2511 humiditas
2813 2438 3161 2510 interior
3234 2434 3491 2528 possit

1945 2559 2199 2638 exire,
2237 2562 2316 2631 et
2359 2556 2473 2628 sic
2526 2575 2684 2627 non
2729 2556 3209 2647 putrescunt
3264 2551 3462 2624 talia

1950 2677 2050 2747 Et
2097 2672 2551 2745 consimilis
2594 2691 2842 2743 causa
2901 2674 3026 2749 est
3089 2688 3338 2761 quare
3381 2668 3493 2738 fu-

1952 2812 2131 2864 mus
2169 2790 2406 2881 juvat
2465 2787 2768 2860 diutius
2836 2787 3136 2857 durare
3204 2804 3492 2857 carnes

1951 2908 2305 2980 salsatas
2378 2905 2633 2999 priuS,
2716 2904 2904 2996 quia
2970 2901 3496 2975 vehementer

1951 3024 2337 3097 exsiccat.
2442 3024 2670 3102 Item,
2751 3020 3113 3091 videmus
3201 3038 3494 3109 aquam

1953 3140 2433 3214 conservari
2479 3160 2525 3210 a
2571 3137 3198 3231 putrefactione,
3265 3135 3333 3208 si
3390 3134 3497 3208 sit

1954 3257 2409 3346 congelata,
2455 3261 2534 3329 et
2591 3255 2855 3347 posita
2919 3255 2998 3325 in
3056 3254 3247 3325 fimo
3318 3274 3499 3344 pro-

1956 3375 2221 3455 fundo,
2259 3374 2468 3446 sicut
2510 3372 2758 3445 etiam
2789 3371 3152 3443 videmus
3197 3369 3500 3461 glacies

1958 3490 2035 3562 in
2072 3488 2343 3568 melle;
2387 3487 2705 3579 pruina,
2753 3484 2877 3557 vel
2913 3489 3190 3557 terusa-
3237 3481 3503 3575 posita

1957 3606 2037 3677 in
2084 3605 2356 3685 melle;
2406 3603 2526 3674 vel
2573 3606 2829 3684 aceto,
2876 3605 3161 3674 causat
3206 3601 3503 3672 durare

1959 3723 2181 3794 ultra
2243 3726 2562 3812 tempus
2613 3719 2991 3792 naturale
3055 3738 3219 3788 suae
3269 3716 3473 3788 dura
3566 3793 3567 3796 ,

1956 3837 2231 3919 tioniS,
2271 3835 2641 3907 videlicet
2675 3835 2769 3906 ad
2808 3834 3151 3905 medium
3185 3832 3501 3924 hyemis

1957 3975 2003 4025 a
2076 3953 2335 4024 medio
2377 3951 2721 4032 aestatis,
2778 3956 2856 4024 et
2932 3951 3162 4042 pedes
3222 3969 3502 4042 porco-

1963 4089 2145 4139 rum
2188 4067 2429 4148 cocti,
2477 4072 2556 4140 et
2600 4066 3146 4151 compositum
3182 4070 3504 4138 coctum

1958 4182 2201 4257 durat
2251 4205 2393 4276 per
2435 4203 2760 4264 annum,
2807 4188 2885 4256 et
2936 4182 3182 4262 ultra,
3240 4181 3508 4274 posita

1962 4301 2044 4372 in
2086 4321 2297 4392 aqua
2341 4302 2582 4381 salsa,
2628 4300 2754 4370 vel
2817 4304 3172 4372 acetosa.
3238 4298 3508 4372 Etiam

1963 4417 2228 4510 pisces
2284 4418 2632 4509 quidam,
2693 4417 2827 4508 qui
2872 4420 3280 4489 vocantur
3319 4417 3510 4502 stipi-

1963 4540 2092 4618 οῖα,
2134 4537 2301 4608 sive
2341 4539 2544 4615 salsa,
2591 4533 3010 4614 exsiccati,
3056 4533 3351 4604 durant
3400 4535 3512 4602 ta·

1968 4672 2149 4723 men
2206 4671 2348 4743 per
2400 4650 2627 4721 valde
2683 4650 2927 4738 longa
2988 4654 3387 4740 tempora,
3435 4649 3514 4718 et

1968 4789 2128 4840 non
2202 4769 2709 4859 putrescunt.
2791 4768 3038 4845 Item,
3123 4765 3347 4844 ficus,
3438 4768 3518 4836 et

1969 4907 2145 4957 uvoe
2178 4904 2457 4976 passm,
2494 4882 2617 4952 vel
2657 4881 2983 4953 racemi.
3023 4884 3122 4954 Et
3158 4880 3517 4952 omnium

1974 5002 2327 5074 istarum
2426 4997 3126 5090 experientiarum
3224 5017 3517 5070 causas

1975 5118 2302 5190 reddere
2348 5114 3117 5208 propinquissimaS,
3155 5119 3235 5186 et
3272 5113 3519 5185 maxi-

1978 5254 2102 5304 me
2175 5231 2677 5323 superioreS,
2745 5229 3076 5320 longum
3140 5233 3379 5310 esset,
3444 5231 3523 5300 et

317 5340 464 5412 dici
509 5345 889 5437 tempore
957 5342 1502 5417 necessitatis.
1578 5346 1723 5418 Sed
1795 5345 1864 5416 si
1976 5347 2577 5421 difficillimum.

323 5474 489 5548 quae
548 5459 716 5531 alia
779 5460 945 5533 sint
1018 5463 1321 5551 praeter
1403 5459 1865 5533 influentias

319 5574 687 5649 coelestes
725 5577 804 5649 in
840 5576 1321 5670 quibusdam
1355 5576 1556 5649 locis
1591 5582 1865 5663 terrae,

496 5712 652 5763 Tom.
676 5711 764 5765 1v.

2070 5465 2215 5536 Sed
2270 5484 2366 5535 ex
2435 5461 2846 5555 praedictis
2906 5459 3329 5543 habentur,
3398 5463 3527 5535 vel

1983 5575 2268 5648 haberi
2348 5579 2687 5669 possunt
2757 5574 3181 5667 generales
3260 5596 3529 5651 causae

3315 5710 3373 5763 15

3635 1374 3716 1427 38.
