4252 6393
1640 451 2000 528 QUAESTIO
2048 455 2126 517 lx
3357 463 3473 527 403

273 594 425 668 bile
475 601 601 672 est
663 604 868 694 quod
938 608 1288 681 materia
1355 611 1818 703 spiritualis

276 730 417 802 per
474 714 727 789 talem
785 718 1144 795 formam
1187 723 1266 796 in
1316 745 1495 799 esse
1540 748 1816 823 perpe·

278 829 411 899 tuo
463 833 965 910 stabiliatur.

363 945 593 1031 Item,
660 950 729 1022 si
790 952 1290 1032 intellectiva
1347 966 1677 1055 cstfper
1731 987 1815 1038 88

280 1056 573 1136 habens
641 1087 820 1140 esse
890 1071 1400 1160 immortale;
1473 1099 1674 1172 ergo
1745 1083 1813 1155 si

282 1179 710 1255 secundum
787 1206 872 1258 se
948 1194 1495 1269 communicat
1578 1220 1811 1272 suum

280 1313 445 1367 esse
477 1301 840 1392 corpori,
882 1306 1091 1380 sicut
1132 1309 1308 1402 ejus
1355 1311 1647 1397 forma,
1685 1337 1814 1389 ne-

280 1413 636 1487 cessario
670 1425 1220 1498 communicat
1256 1427 1409 1501 sibi
1450 1450 1630 1503 8888
1663 1432 1812 1505 im-

280 1531 655 1614 mortale;
708 1539 846 1609 aut
900 1538 968 1611 si
1011 1561 1198 1625 non,
1256 1565 1416 1617 non
1457 1551 1584 1621 est
1634 1550 1813 1643 ejus

278 1644 557 1720 forma.

354 1764 533 1835 Non
578 1770 847 1858 potest
898 1776 1173 1845 autem
1221 1775 1405 1859 dici,
1453 1781 1662 1870 quod
1705 1783 1812 1854 sit

280 1877 533 1953 forma
580 1885 836 1958 totius
877 1892 1286 1985 corporis,
1338 1899 1418 1968 et
1461 1916 1622 1968 non
1663 1898 1813 1971 ali-

280 1996 497 2089 cujus
560 2003 856 2092 partis;
933 2007 1228 2098 primo,
1285 2012 1476 2103 quia
1534 2015 1810 2087 eadem

281 2111 915 2194 inconvenientia
1033 2132 1506 2218 sequuntur,
1608 2131 1812 2223 quod

284 2231 580 2307 scilicet
610 2239 880 2311 totum
925 2262 1225 2335 corpus
1277 2244 1382 2318 sit
1431 2246 1813 2340 intelligi-

282 2343 448 2430 bile,
493 2349 840 2426 liberum
910 2361 992 2430 et
1034 2358 1529 2435 immortale.
1568 2365 1668 2435 Et
1710 2385 1809 2436 ex

284 2465 501 2549 parte
557 2466 852 2542 animae
910 2473 1184 2546 eadem
1249 2475 1811 2551 inconvenien-

283 2575 409 2662 tia,
463 2584 667 2673 quod
720 2586 1031 2663 scilicet
1089 2612 1250 2664 non
1304 2594 1411 2667 sit
1454 2594 1808 2669 intellec-

284 2697 426 2778 tus,
496 2719 639 2773 nec
707 2702 989 2789 libera,
1061 2728 1205 2782 888
1278 2710 1804 2787 immortalis,

284 2809 545 2886 Primo
591 2821 854 2892 omnis
904 2822 1197 2908 forma,
1245 2847 1419 2920 quae
1464 2833 1587 2902 est
1622 2830 1808 2902 sim-

284 2927 453 3017 plex
528 2932 798 3007 forma
866 2939 1122 3013 totius
1196 2946 1601 3028 materiae,
1683 2951 1809 3022 est

284 3044 535 3120 forma
563 3051 994 3144 cujuslibet
1027 3060 1292 3150 partis
1323 3061 1532 3154 ejus;
1574 3085 1809 3156 opor-

282 3165 387 3237 tet
418 3167 657 3252 enim,
697 3173 905 3264 quod
938 3180 1217 3266 partes
1252 3179 1597 3255 habeant
1629 3204 1808 3256 8888

282 3286 354 3355 et
417 3286 811 3361 unitatem
879 3312 926 3364 a
995 3292 1267 3369 forma
1343 3300 1644 3384 totius;
1729 3307 1809 3377 et

285 3405 591 3490 oportet
652 3408 858 3497 quod
914 3407 1185 3484 forma
1244 3414 1809 3493 substantialis

285 3514 382 3586 sit
421 3522 591 3591 tota
639 3521 718 3593 in
760 3524 1120 3614 qualibet
1164 3535 1397 3621 parte
1440 3554 1605 3605 suae
1649 3555 1809 3608 ma-

284 3633 500 3707 teriae
569 3663 585 3707 :
655 3642 831 3713 tum
900 3643 1189 3729 etiam,
1264 3647 1454 3738 quia
1533 3656 1811 3744 partes

282 3746 559 3828 habent
621 3757 986 3830 eamdem
1057 3763 1488 3850 rationem,
1571 3790 1811 3860 quam

280 3862 504 3940 habet
545 3871 834 3944 totum.

361 3983 580 4069 Item,
618 3988 688 4061 si
745 3994 923 4064 tota
981 3997 1327 4069 materia
1384 4001 1507 4071 est
1556 4020 1816 4094 capax

276 4097 603 4193 alicujus
636 4103 948 4189 formae,
985 4113 1065 4183 et
1095 4130 1255 4184 non
1287 4118 1561 4204 partes
1610 4116 1811 4209 ejuS,

277 4215 455 4289 tunc
494 4223 954 4296 necessario
988 4231 1212 4301 esset
1260 4230 1453 4303 darc
1506 4226 1597 4305 in‘
1640 4234 1817 4327 ipsa

281 4330 617 4424 aliquam
661 4341 1120 4431 potentiam
1167 4348 1667 4439 receptivam
1736 4354 1814 4424 et

283 4451 807 4537 materialem,
874 4462 1120 4547 prout
1162 4465 1377 4533 esset
1427 4462 1819 4539 distincta

286 4562 445 4635 suis
480 4569 868 4656 partibus,
906 4575 989 4645 et
1021 4572 1138 4646 ita
1174 4574 1350 4667 ipsa
1382 4582 1597 4651 esset
1634 4600 1820 4671 quo-

284 4675 688 4757 dammodo
726 4686 1207 4778 inquantum
1254 4694 1626 4778 materia,
1664 4696 1815 4768 dis-

284 4792 530 4869 tincta
565 4821 611 4872 a
651 4805 1004 4877 materia
1038 4827 1376 4880 suarum
1424 4814 1813 4903 partium,

287 4911 487 4999 quod
551 4921 668 4991 est
742 4919 1274 5012 impossibile.
1362 4926 1491 4999 Sic
1561 4927 1820 5019 igitur

283 5025 663 5105 concludit
734 5033 879 5107 illa
938 5039 1263 5130 positio,
1347 5042 1556 5134 quod
1624 5063 1820 5135 pars

298 5140 779 5225 intellectiva
834 5157 956 5226 est
1006 5156 1441 5250 conjuncta
1484 5159 1821 5251 corpori

286 5262 1108 5353 consubstantialiter,
1163 5291 1325 5343 non
1368 5275 1642 5345 autem
1693 5277 1820 5347 est

292 5369 571 5446 forma.
1482 5470 1487 5477 ,

377 5494 776 5572 Quomodo
837 5503 1110 5599 autem
1155 5505 1418 5597 possit
1477 5505 1550 5578 ei
1604 5506 1824 5581 uniri

298 5608 1113 5705 consubstantialiter,
1179 5624 1258 5694 et
1310 5642 1472 5699 non
1524 5622 1823 5698 forma-

1935 614 2151 699 liter,
2179 617 2648 695 declaratur
2672 623 2789 697 sic
2826 648 2840 692 :
2876 627 3358 717 Vegetativu
3375 648 3476 710 m,

1932 734 2447 820 sensitivum,
2512 738 3101 816 intellectivum
3185 745 3474 817 uniun-

1928 847 2070 918 tur
2100 852 2917 930 consubstantialiter
2971 859 3051 930 in
3103 880 3261 931 una
3315 880 3475 933 ma·

1927 963 2144 1037 teria
2179 967 2620 1060 spirituali,
2669 994 2807 1045 seu
2857 975 2939 1049 in
2979 997 3137 1048 uno
3184 997 3478 1071 suppo-

1930 1077 2090 1150 sito
2173 1082 2607 1158 rationalis
2683 1088 3001 1171 animae,
3079 1092 3471 1181 tanquam

1927 1198 2247 1268 naturae
2299 1201 2693 1291 partiales
2764 1204 3122 1277 animam
3191 1205 3473 1278 huma-

1928 1328 2116 1382 nam
2165 1316 2782 1392 constituentes.
2842 1323 2960 1393 Ex
3013 1343 3167 1414 quo
3225 1327 3469 1415 patet,

1929 1429 2138 1515 quod
2194 1433 2746 1520 vegetativum
2822 1440 2901 1510 et
2989 1439 3471 1511 sensitivum

1926 1541 2125 1615 nulli
2165 1547 2477 1636 possint
2521 1548 2739 1622 uniri
2782 1551 3465 1637 substantialiter,

1928 1657 2116 1746 quin
2158 1660 2233 1733 ei
2281 1663 2614 1735 uniatur
2658 1666 3249 1742 intellectivum
3290 1692 3470 1744 con-

1927 1773 2609 1862 substantialiter,
2683 1782 2813 1853 sed
2880 1803 3040 1855 non
3108 1785 3469 1861 formali-

1925 1888 2055 1960 ter
2114 1897 2455 1986 propter
2524 1897 2933 1988 praedicta,
3001 1905 3078 1973 et
3132 1901 3248 1975 sic
3296 1925 3469 1977 cor-

1926 2025 2075 2097 pus
2106 2011 2186 2080 et
2231 2009 2690 2085 intellectus
2742 2016 3139 2090 uniuntur
3188 2020 3268 2093 in
3311 2041 3469 2095 uno

1926 2127 2352 2217 supposito
2387 2127 2740 2203 hominis
2777 2133 3465 2219 substantialiter;

1926 2236 2076 2312 hoc
2114 2242 2329 2314 enim
2377 2244 2674 2319 sufficit
2715 2247 2808 2318 ad
2852 2248 3026 2332 hoc,
3082 2254 3289 2343 quod
3333 2254 3472 2327 ali-

1926 2377 2081 2448 qua
2120 2358 2273 2429 duo
2309 2359 2470 2432 sint
2515 2362 3174 2439 substantialiter
3214 2371 3464 2454 unita,

1925 2473 2262 2557 scilicet,
2311 2479 2516 2567 quod
2581 2479 3239 2558 substantialiter
3289 2509 3469 2561 coe-

1922 2589 2238 2664 xistant
2289 2593 2368 2665 in
2412 2615 2569 2667 uno
2613 2601 3066 2690 supposito,
3119 2603 3245 2675 vel
3306 2605 3468 2678 sint

1926 2710 2203 2795 partes
2235 2707 2592 2800 ejusdcm
2625 2712 2835 2783 entis
2872 2715 3159 2799 reales,
3199 2739 3469 2809 quam-

1920 2820 2046 2892 vis
2088 2844 2335 2896 unum
2395 2846 2556 2898 non
2611 2828 2718 2900 sit
2775 2828 3045 2903 forma
3098 2834 3466 2919 alterium,

1919 2936 2045 3008 vel
2084 2941 2456 3012 materia.
2496 2944 2975 3037 Exemplum
3010 2950 3103 3020 ad
3138 2949 3287 3024 hoc
3318 2957 3467 3035 est,

1923 3071 2104 3124 cum
2139 3055 2352 3127 onim
2397 3077 2791 3149 ponamus
2838 3064 2920 3135 in
2971 3086 3128 3138 uno
3183 3073 3468 3162 suppo-

1926 3171 2085 3245 sito
2148 3176 2448 3249 multas
2509 3177 2846 3263 formas,
2914 3183 3121 3257 sicut
3184 3184 3470 3259 formae

1924 3292 2401 3382 corporales
2495 3296 2942 3374 informant
3038 3305 3470 3376 materiam

1924 3409 2476 3499 corporalem,
2569 3416 2701 3487 sed
2788 3439 2950 3491 non
3038 3422 3472 3495 materiam

1927 3523 2444 3615 spiritualem
2531 3532 2857 3617 animae,
2935 3558 3110 3628 quac
3198 3543 3468 3613 tamen

1927 3636 2234 3713 faciunt
2304 3664 2553 3717 unum
2624 3652 3139 3741 suppositum
3218 3653 3471 3728 homi-

1926 3756 2085 3835 nis;
2126 3777 2377 3847 quare
2420 3762 2920 3854 spirituales,
2976 3772 3061 3842 ut
3118 3791 3308 3864 pars
3363 3772 3471 3844 in-

1927 3870 2368 3957 tellectiva,
2415 3899 2573 3949 non
2625 3881 3181 3958 informabunt
3229 3893 3471 3961 mate-

1933 3985 2144 4057 riam
2206 3990 2721 4081 spiritualem
2755 3999 2833 4069 et
2879 4020 3037 4071 non
3091 4025 3477 4097 corpora-

1933 4101 2114 4184 lem,
2171 4109 2248 4176 et
2300 4107 2828 4186 nihilominus
2880 4116 3177 4194 facient
3230 4143 3476 4195 unum

1934 4220 2447 4309 suppositum
2481 4246 2663 4296 cum
2700 4230 3049 4302 materia
3091 4254 3479 4325 corpora-

1932 4330 2016 4412 li,
2073 4332 2282 4405 sicut
2338 4341 2556 4427 patet
2599 4361 2695 4411 cx
2748 4342 3053 4417 duabus
3111 4351 3478 4440 partibus

1936 4446 2175 4537 igniS,
2224 4472 2397 4541 quae
2434 4459 2616 4527 sunt
2668 4463 2944 4551 partes
2990 4464 3482 4541 substantia-

1936 4562 2050 4635 les
2088 4564 2323 4655 igniS,
2361 4590 2504 4642 nec
2544 4593 2701 4644 una
2733 4579 2858 4649 est
2903 4582 3251 4653 matoria
3288 4584 3481 4658 alte-

1936 4680 2136 4764 rius,
2191 4685 2317 4755 vel
2374 4685 2665 4771 forma,
2717 4712 2860 4765 ncc
2934 4715 2976 4766 e
3026 4702 3478 4774 contrario.

1939 4796 2107 4870 Hoc
2143 4803 2362 4891 patet
2401 4803 2479 4874 in
2515 4808 2884 4880 omnibus
2931 4816 3298 4903 partibus
3341 4820 3482 4893 ali-

1936 4915 2166 5005 cujus
2205 4918 2483 5001 totius,
2531 4942 2667 4993 scu
2713 4926 2817 4998 sit
2860 4926 3478 5022 homogencum,

1940 5033 2025 5102 ut
2062 5037 2340 5123 partes
2374 5056 2600 5128 aquae
2632 5040 2757 5112 vel
2820 5043 3065 5133 ignis;
3107 5070 3243 5120 seu
3274 5050 3487 5125 hete-

1940 5166 2410 5237 rogeneum,
2466 5156 2550 5224 ut
2600 5164 2847 5230 nasus
2889 5164 2966 5232 et
3019 5164 3229 5237 oculi
3300 5173 3487 5244 sunt

1940 5266 2218 5354 partes
2262 5268 2840 5346 substantiales
2883 5281 3287 5371 corporis,
3328 5304 3488 5357 non

1937 5380 2214 5450 tamen
2259 5403 2504 5456 unum
2549 5390 2673 5459 est
2729 5394 3101 5478 materia,
3152 5398 3278 5469 vel
3326 5399 3492 5473 for-

1946 5523 2075 5574 ma
2114 5512 2481 5597 respectu
2527 5511 2897 5587 alterius.

2032 5630 2204 5703 Hoc
2236 5632 2485 5705 ctiam
2518 5641 2741 5730 patet
2787 5642 2869 5713 in
2916 5648 3287 5736 partibus
3332 5652 3493 5726 for-

3651 5665 3733 5717 22.
