4252 6393
664 398 789 462 410

656 581 930 645 nasus,
989 565 1409 657 corporis;
1457 567 1645 658 quia
1685 567 1948 640 omnis
2000 587 2195 660 pars

658 676 1222 752 substantialis
1292 682 1753 774 compositi,
1844 670 1986 756 aut
2071 687 2196 756 est

657 795 1009 869 materia
1086 802 1226 871 aut
1286 818 1480 891 pairs
1542 799 1915 872 materiae
1966 824 1980 881 ;
2054 803 2198 874 aut

655 910 925 983 forma
1018 913 1145 985 vel
1234 934 1427 1007 pars
1496 913 1811 998 formae,
1878 920 1966 989 ut
2051 937 2199 1010 per

651 1029 1025 1121 exempla
1065 1034 1290 1123 patet
1326 1056 1340 1112 ;
1378 1051 1577 1123 ergo
1615 1052 1805 1126 pars
1841 1032 2197 1105 intellec·

655 1146 849 1226 tiva,
891 1166 1073 1218 cum
1099 1167 1259 1219 non
1294 1148 1794 1231 sitmateria,
1822 1169 1966 1222 nec
2005 1142 2196 1242 pars'

656 1263 1050 1345 materiae,
1094 1267 1234 1338 aut
1273 1266 1739 1338 necessario
1772 1267 1894 1336 est
1929 1263 2199 1337 forma

658 1378 1015 1453 hominis
1067 1384 1207 1453 aut
1242 1402 1434 1474 pars
1475 1381 1790 1464 formae,
1830 1388 1919 1456 ut
1950 1383 2195 1455 homo

658 1499 832 1570 est:
881 1497 950 1568 si
991 1500 1114 1569 est
1172 1495 1464 1581 forma,
1510 1496 1762 1572 habeo
1834 1499 2197 1593 proposi-

657 1614 873 1694 tum;
914 1613 981 1686 si
1024 1632 1241 1705 pars,
1280 1613 1535 1705 igitur
1568 1616 1785 1698 illud,
1823 1616 2052 1708 cujus
2089 1616 2198 1687 in-

660 1729 1033 1803 tellectus
1106 1733 1231 1802 est
1290 1749 1484 1822 pars
1570 1751 1715 1824 per
1791 1731 2197 1805 rationem

656 1847 905 1918 aliam
948 1846 1044 1918 ab
1080 1845 1523 1929 intellectu,
1561 1849 1720 1921 erit
1755 1848 2024 1920 forma
2066 1847 2197 1918 ho-

660 1960 900 2034 minis
998 1962 1476 2054 inquantum
1573 1963 1816 2035 homo
1874 1989 1887 2033 ε
1982 1962 2196 2035 ratio

656 2079 869 2150 enim
912 2079 1167 2152 totius
1207 2082 1331 2153 est
1366 2080 1528 2152 alia
1569 2101 1615 2152 a
1658 2080 1979 2153 ratione
2040 2080 2198 2151 sin-

659 2194 971 2284 gularis
1041 2196 1301 2288 partis
1338 2222 1352 2278 ;
1388 2216 1587 2288 ergo
1649 2197 1897 2270 etiam
1971 2196 2198 2269 intel-

657 2308 916 2382 lectus
995 2312 1079 2381 ut
1135 2311 1619 2394 intellectus,
1652 2314 1824 2401 jnon
1857 2317 1981 2385 est
2022 2317 2198 2386 tota

657 2428 737 2499 et
780 2426 1141 2519 perfecta
1186 2427 1398 2500 ratio
1435 2427 1814 2509 hominis,
1863 2428 2199 2520 inqua-n-

660 2546 832 2615 tum
874 2547 997 2616 est
1040 2543 1308 2624 homo,
1373 2544 1586 2617 sicut
1621 2545 1838 2619 ratio
1883 2566 2194 2628 manuS,

662 2663 747 2733 ut
787 2665 912 2733 εει
954 2680 1264 2741 manuS,
1303 2680 1463 2732 non
1507 2666 1632 2735 εει
1667 2661 1879 2736 ratio
1914 2681 2200 2754 corpo-

665 2775 779 2847 ris
820 2774 1177 2857 humani,
1222 2781 1309 2850 ut
1342 2776 1783 2849 humanum
1824 2783 1975 2852 est.

751 2895 981 2975 Item,
1055 2894 1554 2988 accipiamus
1614 2897 1984 2988 exempla
2028 2897 2200 2988 jam

655 3010 871 3083 dieta
916 3010 1007 3082 dc
1068 3011 1437 3102 partibus
1491 3011 2202 3088 consubstantiali·

655 3127 803 3200 bus
841 3154 855 3198 :
894 3148 1142 3201 nasus
1174 3132 1255 3204 et
1291 3130 1574 3202 oculus
1607 3135 1686 3204 et
1717 3130 1888 3202 duae
1923 3136 2201 3224 partes

659 3257 870 3345 ignis
977 3261 1166 3331 sunt
1242 3257 2021 3340 consubstantialeS,
2122 3263 2203 3332 et

657 3394 904 3445 unum
946 3375 1258 3448 faciunt
1292 3375 1830 3467 suppositum,
1867 3396 2011 3447 nec
2047 3396 2205 3447 una

654 3494 776 3563 est
832 3490 1101 3563 forma
1169 3495 1309 3564 aut
1367 3492 1716 3565 materia
1802 3493 2198 3573 alterius;

658 3628 934 3700 quaero
1007 3611 1288 3680 utrum
1355 3629 1541 3681 cum
1611 3608 1948 3690 dicitur,
2013 3613 2206 3676 homo

657 3727 836 3793 videl
861 3750 984 3813 per
1014 3730 1300 3807 oculum,
1336 3725 1461 3797 vel
1500 3726 1704 3816 quod
1746 3729 1971 3793 oculus
1994 3728 2197 3809 videt,

659 3845 940 3915 utrum
983 3842 1093 3919 sit
1151 3842 1370 3916 actio
1419 3842 1673 3915 totius
1735 3843 2199 3934 compositi,

664 3962 748 4030 ut
808 3962 931 4030 est
991 3961 1256 4032 totum
1320 3957 1855 4051 specificam?
1924 3959 2202 4032 Primo

660 4077 884 4165 patet
946 4076 1149 4165 quod
1192 4095 1378 4156 non,
1434 4095 1580 4167 per
1621 4072 2205 4167 Philosophum

661 4190 742 4262 in
804 4190 1208 4283 principio
1262 4194 1322 4263 4.
1370 4196 1639 4280 Plzysic.
1686 4205 1844 4261 text.
1899 4196 2009 4263 32.
2072 4194 2204 4265 ubi

659 4327 1048 4398 expresse
1088 4307 1307 4391 dicit,
1352 4310 1557 4401 quod
1598 4330 1757 4381 non
1818 4315 1940 4383 est
1998 4310 2203 4382 idem

664 4443 990 4496 movere
1047 4427 1184 4496 aut
1213 4425 1550 4507 moveri,
1590 4426 1769 4517 quia
1798 4425 1972 4517 ejus
2010 4447 2203 4518 pars

662 4543 930 4613 movet
1020 4546 1160 4616 aut
1233 4546 1631 4624 movetur,
1695 4547 1772 4615 et
1847 4564 2199 4625 movere,

660 4658 784 4729 vel
822 4658 1134 4730 moveri
1172 4658 1460 4750 primo,
1507 4663 1585 4733 et
1632 4680 1774 4752 per
1816 4683 1924 4733 se.
1971 4663 2202 4733 Nunc

664 4775 1095 4847 secundum
1139 4774 1719 4867 Philosophum
1761 4779 1866 4863 (et
1907 4776 2205 4849 verita-

658 4895 854 4981 tem)
924 4896 986 4964 1.
1066 4896 1321 4960 Foster.
1394 4905 1553 4960 least.
1600 4880 1706 4963 114
1766 4893 2203 4965 secundum

663 5011 868 5104 quod
937 5013 1178 5097 ipsum,
1238 5031 1359 5096 per
1412 5032 1479 5075 se
1548 5011 1628 5079 et
1697 5012 1920 5097 primo
1998 5008 2201 5080 idem

662 5129 847 5199 sunt
881 5145 1116 5215 3ergo
1144 5124 1213 5194 si
1238 5123 1505 5205 home,
1536 5125 1968 5195 secundum
1997 5127 2202 5215 quod

663 5244 933 5323 homo,
975 5239 1390 5330 intelligit,
1428 5241 1896 5313 necessario
1940 5263 2083 5333 per
2119 5264 2202 5313 se

658 5364 738 5432 ct
786 5358 1048 5452 primo
1118 5358 1529 5449 intelligit,
1596 5378 1756 5430 non
1808 5378 2009 5447 ergo
2062 5380 2206 5450 ρει*

664 5480 983 5572 partem
1017 5473 1521 5558 substantiae,
1561 5477 1748 5568 quia
1783 5476 2044 5548 omnis
2082 5496 2206 5547 ac·

663 5593 779 5669 tio
814 5596 939 5665 est
973 5610 1119 5685 per
1158 5596 1499 5695 partem,
1537 5592 1747 5667 sicut
1783 5614 1937 5686 quo
1974 5592 2150 5685 agit
2187 5619 2200 5663 :

1818 404 1922 470 ΒΕ
1967 393 2235 472 RERUM
2277 395 2661 472 rainelmo

2308 566 2460 642 hoe
2493 571 2765 642 autem
2790 567 3672 658 distinguunturagere
3705 580 3838 655 per

2311 689 2654 778 partem,
2693 691 2772 758 ει
2809 685 3240 757 secundum
3284 687 3577 756 totum.

2402 802 2483 875 Si
2545 802 2758 874 forte
2797 804 3042 883 dicas,
3117 800 3323 893 quod
3383 798 3626 870 homo
3691 816 3839 868 non

2310 939 2456 1011 per
2525 940 2608 990 se
2658 924 2734 991 et
2809 920 3076 1012 primo
3140 916 3556 1006 intelligit,
3639 915 3840 987 sicut

2311 1053 2455 1106 nec
2501 1034 2738 1107 homo
2787 1035 3050 1127 primo
3084 1033 3323 1113 videt,
3362 1033 3497 1104 sed
3541 1031 3834 1112 oculus,

2312 1156 2529 1233 tunc,
2576 1173 2758 1224 cum
2806 1171 3041 1224 omne
3103 1151 3332 1243 prius
3395 1171 3442 1222 a
3485 1170 3632 1220 suo
3674 1168 3843 1241 pos·

2312 1269 2641 1351 teriori,
2717 1269 3008 1341 saltem
3099 1287 3243 1360 per
3346 1266 3842 1340 intellectum

2314 1389 2577 1484 possit
2617 1388 3016 1480 separari,
3087 1385 3408 1458 videtur
3468 1385 3672 1477 quod
3713 1384 3847 1457 ho-

2316 1527 2445 1579 mo
2491 1506 2751 1598 possit
2803 1503 3152 1593 intelligi
3199 1503 3496 1593 absque
3533 1500 3848 1574 ratione

2316 1621 3083 1701 intellectualitatis,
3131 1619 3342 1692 sicut
3407 1622 3677 1710 potest
3746 1618 3850 1689 in·

2314 1742 2574 1832 tclligi
2619 1740 2917 1832 absque
2970 1739 3289 1811 ratione
3356 1735 3725 1816 visionis,
3776 1741 3851 1810 et

2313 1858 2612 1948 absque
2677 1856 2993 1930 ratione
3058 1853 3414 1925 omnium
3499 1849 3848 1931 illorum,

2316 1996 2490 2066 quae
2537 1976 2810 2047 insunt
2872 1972 3023 2044 sibi
3076 1991 3221 2064 per
3267 1972 3608 2062 partem,
3652 1965 3849 2052 (dieo

2308 2105 2568 2182 partem
2619 2093 3053 2178 subjective,·)
3107 2087 3368 2160 omnis
3420 2089 3695 2158 autem
3730 2104 3850 2155 ac-

2310 2207 2430 2280 tio
2501 2208 2708 2278 inest
2773 2205 2920 2278 sibi
3004 2227 3150 2298 per
3219 2204 3567 2282 oculum,
3643 2200 3852 2273 sicut

2315 2342 2470 2414 quo
2511 2322 2846 2402 videret,
2891 2326 2972 2394 et
3014 2320 3218 2412 quod
3251 2319 3488 2391 videt.
3764 2317 3777 2330 '

2407 2442 2610 2511 Item
2653 2456 2956 2530 quaerO,
3008 2441 3284 2510 utrum
3346 2433 3454 2507 sit
3492 2433 3848 2525 ejusdem

2318 2557 2667 2629 rationis
2728 2555 2943 2627 uniri
3015 2552 3510 2633 formaliter,
3557 2554 3638 2624 et
3683 2550 3854 2622 sub-

2316 2673 2871 2746 stantialiter?
2897 2676 2975 2745 et
3000 2671 3105 2743 sit
3125 2671 3519 2742 idemessc
3539 2673 3856 2760 partem

2315 2790 2748 2863 formalem
2783 2794 2859 2862 et
2900 2787 3573 2861 substantialem?
3611 2785 3680 2858 si
3716 2786 3855 2865 sic,

2319 2908 2836 3005 propositum
2897 2906 3195 2987 habeo;
3271 2905 3336 2977 si
3406 2923 3592 2985 non,
3659 2922 3859 2992 ergo

2318 3044 2566 3097 unum
2641 3025 3313 3116 p1·aesupponerct
3367 3019 3625 3092 aliud:
3684 3038 3860 3091 esse

2315 3142 2530 3215 enim
2586 3141 2903 3215 unitum
2964 3138 3457 3221 formaliter,
3511 3140 3639 3211 εει
3685 3157 3862 3209 εεεε

2320 3261 2639 3333 unitum
2703 3257 3382 3338 substantialiter,
3456 3260 3535 3328 et
3605 3276 3769 3328 non
3822 3276 3863 3326 e

2317 3376 2770 3458 contrario,
2845 3380 2930 3448 ut
3033 3375 3282 3454 (licis3
3363 3392 3564 3464 ergo
3645 3372 3864 3445 uniri

2322 3495 2790 3570 formaliter
2867 3496 2989 3564 est
3056 3492 3493 3585 posteriuS,
3558 3489 3866 3581 aliquid

2320 3613 2637 3692 addens,
2687 3610 2876 3703 quia
2917 3614 3107 3698 prius
3171 3613 3320 3688 est,
3377 3628 3423 3679 a
3484 3628 3642 3699 quo
3706 3626 3868 3679 non

2321 3728 2838 3802 convertitur
2864 3724 3345 3797 subsistendi
3373 3744 3867 3816 consequen-

2320 3845 2479 3925 tia;
2553 3864 2753 3933 ergo
2830 3841 3000 3913 haec
3064 3841 3249 3911 nnio
3302 3839 3683 3912 formalis
3744 3843 3870 3914 est

2323 3961 2770 4056 perfectior
2807 3959 3117 4031 unitate
3154 3958 3329 4028 sola
3372 3956 3869 4030 substantia-

2322 4081 2414 4162 li;
2492 4079 2624 4150 sed
2683 4099 2778 4148 ex
2852 4076 3147 4147 unione
3217 4075 3483 4164 surgit
3554 4098 3692 4143 esse
3789 4078 3870 4146 et

2320 4221 2526 4267 unum
2565 4219 2734 4275 esse,·
2768 4212 2968 4282 ergo
3003 4212 3181 4264 cum
3229 4190 3742 4272 sensitivum,
3784 4196 3872 4263 ut

2320 4312 2548 4392 ᾱίεἰε,
2636 4310 2972 4381 uniatur
3040 4308 3510 4379 formaliter
3562 4313 3644 4382 ct
3689 4306 3868 4379 sub·

2321 4426 3044 4506 stantialitcr,cum
3079 4445 3123 4495 a
3158 4423 3547 4497 sensitivo
3575 4424 3684 4497 sit
3710 4423 3875 4495 ani·

2324 4545 2509 4624 mal,
2557 4543 2653 4614 ab
2716 4542 3217 4615 intellectivo
3263 4540 3368 4613 sit
3438 4540 3710 4623 homo,
3761 4561 3874 4611 se-

2323 4660 2605 4753 quitur
2675 4659 2880 4750 quod
2968 4661 3352 4730 Socrates
3412 4658 3695 4728 verius
3795 4659 3877 4728 et

2321 4775 2764 4871 perfectius
2798 4779 2921 4847 est
2984 4773 3285 4845 animal
3323 4793 3562 4864 quam
3590 4771 3877 4851 homo;

2323 4893 2694 4984 sequitur
2743 4892 2993 4964 etiam
3056 4891 3260 4982 quod
3310 4894 3544 4963 actus
3600 4909 3882 4961 conse-

2322 5012 2659 5102 quentes
2723 5008 2986 5100 ipsum
3030 5011 3118 5079 ut
3161 5009 3283 5078 est
3325 5005 3656 5085 animal,
3716 5004 3883 5077 sint

2327 5126 2591 5217 magis
2658 5125 2891 5208 uniti,
2938 5146 3029 5197 ac
3101 5144 3245 5217 per
3304 5121 3454 5195 hoc
3527 5122 3879 5214 majoris

2319 5248 2693 5337 aspectus
2727 5246 2803 5314 et
2821 5240 3359 5320 certitudinis,
3384 5244 3624 5330 quam
3648 5243 3886 5311 actus

2324 5356 2834 5430 intellectivi.

2417 5476 2647 5553 Item,
2715 5471 2882 5542 haec
2945 5473 3068 5541 est
3131 5466 3595 5541 differentia
3655 5470 3881 5543 inter

2326 5596 2645 5684 partem
2717 5588 3149 5661 formalem
3222 5591 3300 5659 et
3381 5588 3879 5664 substantia-
