4252 6393
353 2653 589 2706 Dubium
628 2650 673 2702 1.

365 2716 673 2782 Responsio,

352 3932 585 3984 Dubium
619 3926 667 3978 2.

352 3996 661 4058 Ε”εμοηεῐα

702 362 802 424 ῦὶτ
1898 359 2048 419 Lm:
2092 359 2159 418 1..
2184 356 2727 427 METE'ORORUM

691 518 855 589 illis
887 516 1306 598 lateribus,
1337 517 1417 588 in
1439 517 1695 589 medio
1721 537 1906 598 non,
1944 522 2024 590 et
2049 521 2239 590 tune

693 636 1038 725 apparet
1062 653 1406 723 vorag03
1431 633 1564 704 sed
1600 632 1667 703 si
1695 633 2045 705 materia
2077 633 2241 704 sue-

696 749 807 823 rit
844 739 1304 830 uniformis,
1334 737 1489 823 ‘ita'
1514 739 1894 842 quod'lux
1947 749 2239 841 ubique

694 868 1405 960 incorporetur,.et
1432 868 1903 942 reflectatur
1938 867 2240 940 unifor-

699 985 968 1067 miter,
1007 989 1196 1058 tunc
1242 985 1588 1078 apparet
1628 984 1928 1058 hiatus.

754 1111 757 1112 ’
788 1101 933 1173 Sed
955 1111 1208 1192 quare
1253 1100 1513 1191 magis
1545 1101 2233 1194 apparetiuxbedo,

697 1216 874 1289 dico
911 1217 1115 1308 quod
1149 1237 1399 1289 causa
1438 1223 1590 1297 est,
1630 1218 1819 1308 quia
1869 1237 2027 1288 non
2115 1237 2238 1287 so-

701 1334 868 1405 lum
902 1335 1039 1406 lux
1077 1334 1533 1408 reflectitur
1575 1335 1668 1406 ad
1716 1334 1939 1407 illam
1993 1339 2237 1408 mate-

703 1446 937 1528 riam,
978 1446 1140 1519 imo
1183 1468 1368 1520 cum
1407 1447 1757 1521 materia
1801 1447 1907 1519 sit
1968 1447 2237 1520 minus

697 1562 941 1636 densa
971 1564 1199 1646 nube,
1229 1568 1419 1637 tunc
1458 1564 1533 1636 in
1558 1565 1733 1657 ipsa
1768 1564 2236 1655 incorpora-

698 1685 838 1754 tur
873 1681 1169 1761 lumen,
1222 1681 1392 1753 ideo
1437 1703 1533 1753 ex
1573 1682 2069 1756 admixtione
2125 1682 2237 1752 lu-

703 1796 943 1869 minis
989 1802 1178 1870 tunc
1218 1798 1358 1870 illa
1428 1801 1805 1881 materia,
1879 1820 2054 1890 qnae
2113 1803 2238 1872 est

696 1913 1126 1985 terrestris
1159 1916 1568 1998 ctadusta‚
1607 1921 1949 2009 apparet
2005 1915 2239 1989 color

698 2031 1022 2111 rubeus,
1087 2031 1399 2105 namin
1464 2032 1645 2106 istis
1708 2032 2236 2105 inferioribus

692 2145 1056 2226 videmus
1154 2147 1617 2221 rubedinem
1676 2149 2059 2238 generari
2139 2172 2238 2221 ex

695 2264 1332 2346 terrestreitate,
1360 2265 1484 2336 vel
1531 2265 1918 2338 terrestri
1951 2265 2237 2338 adusto

696 2379 1141 2453 commixto
1175 2381 1361 2463 luci,
1403 2387 1488 2455 ut
1549 2386 1772 2474 patet
1801 2382 1893 2452 de
1961 2382 2239 2454 carbo-

699 2491 933 2565 nibus
968 2495 1277 2585 ignitis.

792 2612 935 2683 Sed
958 2613 1379 2687 dubitatur
1425 2614 1686 2707 primo
1714 2619 1991 2688 utrum
2034 2617 2240 2689 tales

704 2730 1206 2820 apparentiae
1239 2737 1581 2823 possunt
1633 2732 1963 2803 causari
2018 2754 2064 2803 a
2128 2733 2241 2804 lu-

703 2843 913 2916 mine
947 2844 1208 2917 Solis‘?
1264 2847 1829 2939 Respondetur
1856 2848 2062 2938 quod
2096 2848 2237 2928 sic,

699 2958 889 3049 quia
940 2960 1184 3050 longo
1223 2966 1592 3053 tempore
1642 2967 1821 3055 post
1859 2982 2241 3035 occasum

698 3076 938 3159 Solis,
985 3083 1065 3151 et
1108 3083 1295 3151 ante
1328 3080 1502 3172 ejus
1540 3084 1814 3154 ortum
1850 3082 1984 3152 Sol
2031 3083 2245 3156 lucet

697 3190 775 3275 in
815 3194 1071 3268 media
1108 3195 1857 3287 1²egioneaeriS‚11bi
1895 3199 2246 3272 materia

696 3307 840 3380 illa
900 3310 1299 3394 elevatur,
1396 3334 1494 3384 ex
1565 3335 1721 3404 qua
1792 3314 1995 3388 fiunt
2064 3315 2243 3389 istae

691 3429 1220 3520 apparentiae.
1266 3431 1436 3501 Imo
1490 3429 1739 3504 etiam
1776 3437 1959 3523 post
2021 3454 2246 3505 occa-

692 3563 871 3614 sum
905 3544 1141 3625 Solis,
1183 3546 1317 3616 Sol
1357 3546 1544 3616 dum
1590 3548 1801 3620 lucet
1848 3548 1928 3619 in
1986 3549 2248 3622 media

698 3656 1028 3747 regione

693 3775 1118 3847 montium.

786 3892 1156 3965 Secundo
1216 3892 1660 3975 dubitatur,
1704 3915 1955 3985 quare
2034 3898 2243 3971 tales

694 4008 1195 4098 apparentiae
1228 4008 1393 4081 cito
1435 4009 1850 4101 disparent
1901 4033 1948 4084 a
2014 4014 2245 4088 visu?

700 4122 915 4196 Dicit
968 4123 1457 4198 Aristoteles
1530 4128 1738 4218 quod
1805 4136 2239 4211 causaest,

1152 3659 1371 3730 aeris
1464 3682 1715 3753 supra
1815 3663 2247 3737 cacumina

616 4286 619 4291 -
699 4239 888 4329 quia
925 4244 1195 4313 motus
1231 4261 1567 4314 suarum
1602 4262 2046 4318 causarum
2117 4254 2242 4321 est

355 4758 493 4805 1)an
499 4773 583 4806 tem
611 4755 660 4807 3.

694 4354 920 4426 valde
951 4356 1216 4437 velox,
1257 4357 1571 4430 scilicet
1633 4364 1902 4433 motus
1946 4364 2234 4445 stellzr,

693 4471 926 4563 cujus
986 4471 1248 4544 stellfe
1312 4472 1584 4544 lumen
1648 4474 2239 4570 incorporatur

700 4588 777 4659 in
821 4587 962 4660 illa
1016 4589 1391 4674 materia,

779 4704 1053 4778 Tertio
1085 4705 1525 4789 dubitatur,
1563 4729 1813 4801 quare
1836 4713 2013 4804 plus
2037 4714 2241 4789 fiunt

351 4819 777 4896 Responsio-(10
811 4828 1074 4905 nocte,
1141 4830 1220 4898 et
1290 4827 1733 4902 serenitate
1804 4831 2232 4917 existente,

691 4960 932 5032 quam
966 4941 1172 5013 alias
1211 4969 1223 5010 :
1264 4947 1529 5017 Causa
1566 4945 1808 5038 primi
1843 4954 1992 5032 est,
2043 4951 2234 5042 quia

689 5057 909 5130 luces
949 5057 1308 5148 majores
1354 5061 1784 5138 obfuscant
1839 5066 2228 5150 minore&

688 5173 858 5245 ideo
918 5175 1010 5246 de
1076 5174 1198 5245 dic
1267 5196 1425 5247 non
1466 5177 1825 5251 videmus
1885 5182 2228 5265 stellas;

690 5290 921 5361 modo
968 5291 1105 5361 lux
1173 5290 1325 5362 diei
1418 5298 1542 5367 est
1628 5317 1926 5386 magna
2002 5298 2234 5371 valde

642 5406 767 5477 in
847 5407 1470 5499 comparatione
1542 5412 1636 5482 ad
1715 5412 1976 5486 lucem
2041 5418 2232 5488 talis

690 5518 1222 5614 apparentiam
1295 5528 1375 5599 et
1408 5524 1579 5599 idco
1614 5529 1802 5603 dato
1847 5532 2054 5622 quod
2088 5532 2234 5608 fiat

2356 516 2435 588 in
2474 516 2622 598 die,
2679 519 2853 589 tum
2884 513 3069 586 non'
3114 514 3553 607 appareret
3628 507 3884 580 nobis,
3943 529 3960 614 ‚⁹
4119 519 4120 522 ’
4179 545 4180 552 1

2354 638 2620 708 Causa
2663 631 2984 704 secundi
3027 636 3177 710 est,
3224 628 3413 721 quia
3443 627 3692 698 nubes
3752 624 3888 696 im·

2357 748 2666 842 pediret
2695 746 3094 834 visionem
3130 745 3322 818 tal-is
3383 739 3887 835 apparentiae

2327 863 2484 955 ‘ubi
2522 847 2754 942 inest,
2804 867 3075 935 tamen
3147 861 3356 952 quod
3415 859 3891 950 quandoque

2353 978 2603 1052 fuerit
2631 979 3032 1052 existente
3093 976 3324 1057 nube,
3385 980 3564 1048 tum
3644 973 3892 1045 nubes

2351 1116 2511 1167 non
2569 1099 2694 1167 est
2766 1095 3110 1187 undique
3180 1092 3594 1165 includens
3666 1089 3888 1162 illam

2354 1211 2812 1293 materiam,
2866 1212 3036 1284 ideo
3107 1209 3362 1283 adhuc
3423 1212 3549 1282 est
3620 1206 3892 1299 aliqua

2352 1329 2782 1402 serenitas.

2440 1446 2840 1520 Similiter
2904 1445 3347 1526 dubitatur,
3434 1446 3713 1516 utrum
3786 1438 3891 1512 ibi

3924 1480 4127 1556 Dubito-m
4152 1503 4202 1558 4.,

2350 1563 2457 1639 sit
2515 1584 2724 1635 nova
2800 1561 3069 1634 forma
3147 1557 3712 1634 substantialis
3783 1556 3891 1628 in·
3954 1568 4157 1621 samso.

2349 1685 2613 1762 ducta,
2649 1681 2776 1752 vel
2810 1685 3019 1752 non?
3065 1677 3635 1772 Respondetur
3686 1675 3894 1767 quod

2352 1819 2538 1879 non,
2623 1796 3085 1868 secundum·
3129 1792 3686 1876 Aristotelem,
3733 1791 3897 1862 imo

2354 1915 2620 1987 solum
2653 1916 2777 1985 est
2827 1911 3312 2004 apparentia
3373 1909 3764 2000 quaedam,
3804 1906 3902 1977 si-

2350 2028 2720 2103 cutestin
2741 2025 2948 2099 Iride
2979 2026 3196 2099 facta
3232 2043 3375 2118 per
3399 2023 3902 2103 mixtionem,

2352 2153 2431 2221 et
2469 2125 3226 2237 incorporationem
3281 2140 3485 2214 lucis
3539 2140 3634 2212 ad
3719 2159 3902 2231 opa-

2352 2286 2537 2337 cum
2568 2265 2980 2336 terrestre
3040 2260 3447 2339 adustum,
3512 2257 3901 2329 commix-

2353 2385 2529 2454 tum
2564 2378 3041 2471 aliqualiter
3076 2376 3368 2469 vapori
3403 2394 3736 2466 aquoso,
3775 2372 3898 2445 vel

2355 2499 2451 2570 ad
2484 2519 2765 2570 aerem
2811 2498 3408 2587 ingrossatum.

2447 2616 2566 2685 Ex
2602 2613 2784 2687 istis
2821 2616 3087 2705 potest
3120 2610 3302 2683 elici
3335 2629 3610 2690 causa,
3647 2627 3900 2699 quare

2352 2735 2754 2822 apparent
2788 2727 3217 2818 sanguinei
3252 2726 3581 2799 colores
3629 2724 3705 2797 in
3749 2746 3897 2796 οω-

2357 2845 2462 2927 10,
2486 2845 3081 2919 etmutationcs
3101 2845 3476 2917 colorum
3505 2842 3585 2914 in
3609 2840 3899 2920 stellis,

2357 2982 2546 3034 nam
2578 2984 2762 3035 cum
2797 2963 3044 3034 nubes
3087 2961 3449 3035 existens
3482 2979 3732 3053 supra
3794 2958 3904 3050 ip-

2360 3101 2536 3154 sam
2608 3079 2857 3153 sucrit
2937 3079 3206 3160 fortis,
3280 3083 3471 3151 tunc
3558 3079 3907 3169 apparet

2358 3201 2590 3274 color
2622 3198 2855 3270 albus
2893 3223 2908 3281 ;
2944 3220 3127 3272 cum
3161 3196 3411 3268 nubes
3452 3193 3702 3267 fuerit
3778 3192 3906 3264 ad-

2364 3316 2620 3388 mixta
2655 3313 3161 3387 exlialationi
3214 3313 3452 3386 siccae
3486 3309 3901 3391 terrestri,

2359 3438 2440 3508 et
2479 3434 2814 3515 adustae,
2865 3437 3055 3505 tunc
3095 3451 3237 3524 per
3306 3427 3906 3522 incorporatio-

2363 3571 2542 3623 nem
2607 3548 2812 3621 lucis
2882 3552 3229 3642 apparet
3292 3547 3525 3620 color
3583 3543 3907 3635 sangui·

2362 3687 2586 3747 neus
2626 3664 2739 3737 ita
2775 3664 2981 3755 quod
3015 3663 3083 3735 si
3118 3663 3254 3735 lux
3324 3661 3573 3734 fuerit
3634 3660 3906 3742 fortis,

2360 3787 2439 3855 et
2477 3780 2822 3853 materia
2848 3779 3134 3853 adusta
3160 3777 3361 3851 satis
3387 3776 3678 3857 tenuis,
3717 3779 3911 3849 tunc

2360 3902 2709 3990 apparet
2740 3899 2975 3970 color
2995 3895 3389 3990 puniceus
3417 3919 3431 3976 ;
3463 3892 3596 3966 sed
3640 3891 3709 3964 s‘i
3746 3912 3911 3964 ma-

2361 4014 2574 4086 teria
2608 4012 2857 4086 fuerit
2900 4033 3217 4105 grossa,
3273 4016 3352 4084 et
3398 4011 3535 4083 lux
3603 4008 3913 4101 aliqua-

2358 4130 2552 4206 liter
2609 4132 2891 4204 debilis
2972 4132 3052 4203 in
3121 4128 3745 4222 comparatione
3813 4128 3913 4199 ad

2362 4248 2822 4332 materiam,
2905 4253 3096 4321 tunc
3194 4249 3590 4319 causatur
3676 4244 3914 4317 color

2359 4385 2880 4458 purpureus;
2965 4364 3637 4455 quemadmodum
3700 4362 3914 4435 vide-

2357 4502 2534 4554 mus
2586 4482 2791 4573 quod
2861 4482 3021 4564 Sol,
3082 4481 3209 4554 vel
3293 4479 3509 4553 aliud
3590 4483 3915 4553 astrum

2353 4596 2620 4671 visum
2655 4618 2798 4692 per
2829 4598 2906 4671 fu
2924 4620 3139 4670 mum
3165 4602 3510 4691 apparet
3545 4596 3912 4678 rubeum,

2354 4719 2435 4789 et
2478 4715 2545 4787 si
2589 4713 2861 4787 fumus
2895 4715 3144 4788 suerit
3178 4715 3530 4788 multum
3571 4711 3914 4807 spissus,

2353 4837 2698 4924 apparet
2818 4837 3137 4905 astrum
3272 4832 3467 4903 illud
3589 4829 3923 4904 tendere

2352 4949 2447 5020 ad
2472 4947 2999 5040 nigredinem.
3031 4952 3214 5024 Istae
3240 4949 3441 5039 igitu
3457 4970 3496 5019 r
3528 4951 3715 5021 sunt
3733 4967 3922 5019 cau·

2352 5085 2460 5136 sae
2497 5063 2845 5138 istarum
2892 5066 3327 5139 secundum
3379 5064 3917 5138 Aristotelem

2353 5183 3058 5274 apparentiarum,
3115 5202 3290 5274 quae
3358 5180 3587 5273 prius
3630 5201 3916 5254 nume-

2354 5304 2558 5372 ratae
2610 5299 2969 5373 suerunt.

2446 5417 2593 5490 Sed
2635 5420 2930 5491 contra
2967 5416 3215 5490 istum
3263 5434 3740 5509 processum
3777 5414 3909 5487 Ob·
3976 5446 4203 5513 objecta

2341 5534 2659 5627 jicitnr,
2739 5534 2924 5628 quia
3014 5534 3541 5626 imaginabile
3581 5532 3908 5607 videtur
