4252 6393
657 397 778 465 712

343 583 477 657 ymo
509 588 635 638 scot
695 564 956 656 magis
989 564 1267 638 debeat
1327 566 1508 649 dici,
1574 570 1651 639 et
1717 564 1901 659 quid
1935 565 2230 637 horum

339 648 629 778 m},{'‚⁶'
688 681 1180 774 simpliciter
1211 682 1556 766 dicatur,
1604 686 1681 755 et
1729 683 1913 775 quid
1958 704 2233 756 secun-

683 800 868 872 dum
934 800 1143 893 quid,
1211 821 1396 874 cum
1468 802 1847 876 Christus
1927 801 2234 873 dicitur

685 936 958 999 unum,
996 918 1124 989 vel
1160 918 1447 1011 plura?
1486 920 1764 991 Potest
1806 916 1986 999 dici,
2027 915 2234 1007 quod

686 1034 846 1108 ista
881 1039 1068 1109 sunt
1099 1036 1613 1108 diversarum
1650 1036 2090 1118 rationum,
2154 1038 2233 1107 et

681 1151 772 1223 de
796 1171 1274 1244 unaquaque
1306 1153 1939 1245 respondendum
1966 1172 2237 1223 secun-

682 1267 868 1341 dum
937 1269 1361 1363 propriam
1440 1270 1867 1341 rationem.
1937 1272 2037 1343 Et
2108 1272 2234 1341 est

685 1385 1060 1477 quaelibet
1100 1386 1369 1460 unitas
1433 1386 1923 1479 simpliciter
1978 1386 2055 1457 in
2108 1406 2232 1477 ge-

682 1522 875 1575 nere
929 1524 1100 1586 suc,
1166 1508 1245 1577 et
1295 1503 1682 1577 similiter
1728 1504 2165 1597 pluralitas
2210 1532 2225 1577 ε

682 1620 918 1711 plura
943 1620 1157 1693 enim
1179 1621 1605 1693 secundum
1636 1627 1928 1695 natura
1943 1642 2018 1692 m
2046 1626 2231 1695 sunt

683 1736 1194 1829 simpliciter,
1298 1740 1378 1812 et
1476 1758 1722 1810 unum
1794 1739 2232 1811 secundum

686 1854 1199 1947 suppositum
1234 1859 1357 1928 est
1411 1874 1655 1925 unum
1712 1854 2227 1947 simpliciter.

772 1972 1129 2044 Secundo
1156 1970 1566 2042 sciendum
1604 1974 1751 2052 est,
1779 1972 2037 2062 quoad
2070 1996 2225 2054 esse,

683 2088 890 2179 quod
937 2107 1209 2170 unum,
1264 2090 1342 2160 et
1415 2108 1557 2160 ens
1600 2089 2226 2169 convertuntur,

684 2203 897 2276 sicut
935 2203 1302 2277 Christus
1337 2208 1462 2278 est
1497 2225 1770 2287 unum,
1798 2204 1927 2276 vel
1959 2204 2225 2297 plura;

684 2311 797 2386 sic
834 2310 913 2384 in
959 2312 1135 2404 ipso
1171 2314 1294 2383 cst
1332 2331 1580 2384 unum
1604 2336 1761 2395 esse,
1798 2313 1924 2383 vel
1963 2312 2224 2405 plura.

797 2429 1134 2512 Quidam
1191 2432 1468 2502 tamen
1532 2429 1834 2509 dicunt,
1892 2430 2098 2521 quod
2151 2429 2232 2501 in

700 2546 1031 2621 Christo
1050 2567 1209 2618 non
1246 2550 1371 2620 est
1397 2544 1551 2617 nisi
1573 2567 1817 2617 unum
1837 2571 1992 2629 esse,
2019 2544 2231 2619 scili-

682 2666 810 2735 oot
835 2687 970 2731 esse
1004 2661 1481 2735 substantiae
1515 2662 1764 2734 divini
1795 2660 2224 2755 suppositi,

556 2784 563 2791 ’
674 2773 2228 2871 perquodexistithumana'naturamul·

676 2896 847 2967 lum
882 2894 1098 2967 aliud
1151 2918 1287 2963 esse
1324 2893 1651 2966 habens.
1689 2894 1910 2966 Unde
1946 2894 2010 2965 si
2066 2917 2226 2968 non

673 3014 1113 3104 caperetur
1144 3030 1192 3083 a
1221 3010 1516 3094 VerbO,
1578 3010 2226 3084 communicare-

674 3133 813 3203 tur
847 3124 999 3202 sibi
1036 3127 1359 3220 aliquod
1382 3152 1517 3195 esse
1548 3131 1953 3210 creatum;
1992 3131 2069 3201 et
2109 3129 2224 3204 ita

671 3243 948 3318 dicunt
996 3245 1086 3316 de
1148 3243 1697 3317 accidentibus
1763 3264 2223 3316 sacramen-

682 3360 983 3432 talibus
1077 3359 1686 3432 remanentibus
1770 3364 1954 3451 post
2041 3382 2223 3433 eon-

669 3476 1156 3558 versionem,
1194 3477 1397 3568 quod
1426 3475 1541 3548 eis
1567 3476 2222 3550 communicatur

671 3591 997 3683 aliquod
1029 3615 1186 3661 esse.
1241 3593 1562 3665 Ponunt
1605 3591 1819 3663 enim
1868 3592 2073 3683 quod
2119 3594 2219 3666 si-

671 3711 807 3782 cut
845 3709 926 3780 in
962 3728 1120 3780 uno
1167 3707 1530 3799 subjecto
1569 3711 1752 3780 sunt
1800 3710 2056 3782 multa
2089 3731 2218 3780 ex-

673 3830 905 3900 tensa
958 3824 1197 3896 unica
1229 3823 1730 3907 extensione,
1778 3826 1894 3898 sic
1957 3827 2216 3901 multa

671 3941 1111 4015 existentia
1148 3940 1226 4012 in
1263 3962 1421 4014 uno
1459 3941 1848 4034 subJ’ecto,
1895 3943 2020 4014 vel
2058 3965 2216 4016 uno

674 4058 1099 4150 supposito
1148 4078 1295 4150 per
1351 4079 1595 4130 unum
1652 4082 1786 4127 esse
1844 4059 2211 4154 subjecti,

671 4175 798 4246 vel
835 4174 1268 4267 suppositi.

325 4294 459 4407 {¹33⁰
485 4295 639 4407 {0⁴5²-
762 4291 907 4364 Sed
938 4290 1091 4364 hoc
1122 4309 1281 4361 non
1324 4288 1645 4363 videtur
1682 4310 1915 4382 posse
1952 4297 2209 4367 stare:

327 4436 382 4483 q.
409 4419 456 4471 3.
487 4436 540 4472 n.
570 4420 624 4473 2.
673 4429 857 4480 cum
899 4407 1116 4479 enim
1156 4405 1539 4491 essentia,
1574 4410 1654 4481 et
1688 4431 1824 4475 esse
1867 4409 2215 4483 existen·

674 4525 808 4599 tiae
845 4523 951 4599 sit
986 4543 1141 4594 una
1174 4521 1425 4604 ratio;
1465 4523 1942 4617 ubicumque
1998 4546 2216 4618 repe-

678 4642 893 4716 ritur
946 4639 1160 4715 ratio
1206 4640 1607 4724 essentize,
1647 4640 1753 4713 ibi
1801 4643 2218 4734 reperitur

671 4762 752 4833 et
781 4782 917 4827 esse
955 4756 1454 4830 existentiae:
1497 4758 1697 4831 unde
1736 4758 1814 4830 in
1849 4759 2215 4852 subjecto

673 4873 806 4946 ubi
861 4875 1046 4946 sunt
1114 4873 1584 4958 accidentia,
1641 4879 1836 4965 quot
1870 4880 2055 4948 sunt
2108 4877 2214 4949 ibi

674 4989 1141 5082 1·eS,quibus
1204 4989 1752 5062 communicat
1813 4991 2215 5064 rationem

667 5107 1064 5188 essentiae,
1111 5110 1235 5181 tot
1269 5109 1455 5180 sunt
1487 5105 1967 5180 existentife.
2003 5110 2214 5183 Dato

670 5225 946 5306 etiam,
985 5224 1189 5317 quod
1232 5223 1665 5295 secundum
1697 5223 1900 5297 istos
1932 5248 2067 5294 esse
2108 5225 2214 5300 sit

671 5340 911 5423 aliud,
948 5361 1130 5412 cum
1192 5344 1464 5414 tamen
1527 5338 1634 5411 sit
1698 5339 1881 5431 quid
1946 5345 2216 5413 actua-

672 5456 855 5538 lius,
894 5458 973 5529 et
1010 5455 1315 5547 sitipsa
1339 5454 1780 5527 actualitas
1808 5457 2209 5536 essentiae,

678 5572 1415 5666 unicuique-autem
1458 5573 1839 5646 convenit
1876 5575 2208 5669 propria

402 2011 441 2060 A
454 2025 489 2058 n
521 2011 579 2057 in

395 2072 607 2123 Christo

334 2136 387 2185 si
398 2144 446 2183 ‘tt
486 2135 654 2197 plura

423 2213 551 2248 esse.

1867 405 1970 468 DE
2014 404 2283 468 RERUM
2326 401 2713 467 PRINCIPIO

2346 564 2815 639 actualitas.
2874 562 3338 656 Subjeetum
3404 560 3676 633 autem
3728 575 3896 628 non

2347 683 2702 758 sehabet
2763 684 2842 756 in
2897 681 3222 756 ratione
3272 676 3651 751 formalis
3707 698 3894 769 per-

2344 799 2720 874 fectionis
2743 803 3115 893 respectu
3152 796 3620 877 accidentiS,
3657 812 3899 886 opor·

2347 922 2464 993 tet
2545 919 2878 993 cuilibet
2948 918 3324 991 essentiae
3405 912 3898 1007 respondere

2347 1037 2772 1130 proprium
2806 1061 2960 1107 esse.
2999 1036 3218 1108 Unde
3269 1033 3474 1127 quod
3520 1030 3899 1104 accidens

2342 1150 2640 1226 dicitur
2692 1174 2894 1234 0550,
2956 1152 3165 1244 quod
3214 1153 3337 1223 est
3391 1147 3601 1223 entis
3659 1173 3674 1216 ε
3734 1146 3896 1219 hoc

2347 1290 2505 1342 non
2593 1273 2716 1343 est
2778 1268 3008 1361 quasi
3072 1268 3178 1341 sit
3231 1265 3695 1339 formaliter
3747 1283 3900 1355 per

2343 1385 2772 1459 entitatem
2826 1384 3197 1465 alterius,
3285 1382 3418 1454 sed
3492 1379 3679 1472 quia
3740 1398 3896 1449 sua

2345 1502 2645 1576 entitas
2681 1523 2841 1575 non
2873 1507 2996 1576 est
3029 1522 3170 1574 ens
3211 1521 3355 1593 per
3400 1519 3508 1580 50,
3553 1501 3706 1570 etc.

2440 1623 2665 1702 Item,
2722 1640 2821 1690 ex
2854 1620 3067 1694 dicto
3113 1619 3443 1690 illorum
3489 1613 3893 1706 sequitur,

2346 1736 2551 1827 quod
2587 1735 2665 1807 in
2691 1736 3077 1827 subjecto,
3119 1734 3198 1806 in
3234 1755 3389 1826 quo
3427 1736 3614 1804 sunt
3649 1729 3896 1822 plura

2343 1853 2814 1933 accidentia,
2875 1872 3033 1924 non
3100 1854 3371 1923 essent
3433 1848 3710 1941 plures
3769 1865 3895 1916 05-

2346 1968 2627 2043 sentiae
2665 1992 2678 2036 ε
2720 1966 3169 2041 sicutenim
3203 1964 3651 2039 accidentia
3682 1963 3894 2035 exis·

2346 2088 2549 2166 tunt,
2607 2085 2794 2177 quia
2848 2089 3035 2158 sunt
3120 2084 3198 2157 in
3262 2083 3688 2163 existente,
3770 2080 3892 2154 ita

2342 2203 2591 2276 etiam
2658 2202 3092 2274 secundum
3158 2196 3741 2291 Philosophum
3814 2199 3883 2268 7.

2345 2317 2699 2410 Metaph.
2738 2324 2755 2341 ·
2802 2338 2963 2388 non
3018 2319 3203 2389 sunt
3254 2315 3476 2387 entia
3530 2312 3689 2385 nisi
3741 2332 4139 2405 pe1··1en.u

2342 2435 2552 2508 entis
2587 2433 3088 2506 beneficium.

2467 2552 2860 2643 Exempla
2920 2550 3168 2622 etiam
3231 2570 3404 2641 quae
3475 2548 3876 2622 adducunt
4027 2570 4066 2617 ⁴.

2340 2672 2528 2741 sunt
2560 2671 2850 2740 contra
2882 2689 3058 2749 eos;
3117 2687 3303 2739 nam
3336 2687 3517 2739 cum
3552 2667 3875 2759 aliquod

2341 2806 2589 2856 unum
2651 2785 2740 2859 fit
2775 2790 3203 2859 extensum
3247 2784 3340 2857 fit
3387 2783 3879 2866 formaliter,

2341 2905 2732 2993 quantum
2757 2902 2851 2972 ad
2876 2898 3264 2973 continua
3297 2898 3376 2972 in
3411 2921 3504 2972 eo
3537 2901 3881 2975 extensi-

2337 3016 2554 3100 bilia,
2623 3016 2734 3089 ita
2771 3018 2975 3110 quod
3013 3016 3283 3089 omnia
3318 3022 3505 3092 sunt
3545 3022 3880 3091 extensa

2336 3133 2811 3207 extensione
2837 3134 3072 3207 unius
3107 3134 3466 3218 formali,
3502 3139 3581 3209 et
3613 3136 3879 3208 omnia

2334 3252 2515 3324 alba
2552 3272 2708 3323 una
2764 3251 3148 3333 albedine,
3212 3254 3290 3324 et
3347 3253 3463 3324 sic
3507 3253 3600 3324 de
3641 3253 3874 3326 aliis:

2333 3388 2423 3439 cu
2442 3388 2517 3439 m
2544 3368 2649 3442 sit
2670 3368 2883 3440 aliud
2907 3388 3084 3440 esse
3109 3367 3402 3449 album,
3432 3367 3602 3440 sive
3620 3371 3880 3441 exten·

2335 3503 2513 3555 sum
2573 3482 2983 3575 huj11s,et
3048 3484 3284 3576 hujus
3345 3484 3425 3557 in
3485 3482 3662 3566 hoc,
3730 3485 3875 3578 ipsi

2334 3603 2640 3692 ponunt
2705 3600 2942 3693 plura
3005 3625 3160 3670 esse.
3236 3601 3438 3682 Quia
3498 3585 3699 3691 ergo
3749 3625 3877 3670 esse

2331 3737 2487 3788 non
2512 3722 2635 3790 est
2658 3716 3311 3799 determinatum,
3337 3717 3547 3790 sicut
3573 3739 3716 3790 nec
3738 3742 3868 3795 ens,

2334 3833 2464 3904 sed
2534 3831 3148 3923 comprehendit
3219 3833 3366 3906 sub
3440 3855 3522 3904 se
3598 3855 3870 3907 omnes

2332 3949 2632 4040 gradus
2669 3949 2906 4031 entiS,
2945 3949 3138 4023 dicit
3175 3950 3451 4042 plures
3487 3949 3672 4023 illos
3718 3977 3731 4020 :
3779 3950 3866 4022 si-

2331 4078 2470 4148 cut
2509 4077 2759 4167 patet,
2800 4075 3005 4166 quod
3054 4074 3303 4148 etiam
3354 4075 3654 4148 dieitur
3702 4096 3872 4148 esse

2330 4200 2541 4273 aliud
2572 4199 3008 4273 secundum
3043 4201 3516 4283 albedinem,
3553 4205 3630 4274 et
3665 4202 3870 4274 aliud

2332 4326 2766 4398 secundum
2809 4325 3315 4409 divisionem,
3371 4331 3524 4400 ete.
3587 4327 3700 4401 ita
3752 4327 3863 4398 de-

2330 4450 2459 4523 bet
2492 4451 2645 4524 dici
2695 4452 2930 4544 plura
2967 4453 3402 4524 secundum
3444 4477 3601 4521 esse.

2420 4580 2584 4651 Nec
2626 4578 2845 4652 valet
2881 4577 3171 4661 simile,
3213 4581 3418 4671 quod
3461 4580 3859 4664 inducunt,

2332 4703 2536 4794 quod
2577 4702 2848 4775 dicunt
2890 4704 3144 4777 multa
3177 4729 3310 4773 esse
3348 4710 3684 4778 extensa
3716 4725 3861 4777 una

2328 4826 2836 4899 extensione:
2885 4828 3072 4918 quia
3107 4848 3264 4900 non
3310 4832 3495 4902 sunt
3537 4833 3859 4908 extensa

2329 4951 2819 5034 formaliter,
2879 4953 3149 5034 idest,
3219 4973 3378 5024 non
3444 4957 3632 5028 sunt
3697 4955 3860 5046 ipsa

2328 5077 2718 5158 extensio,
2813 5080 2944 5149 sed
3023 5077 3625 5169 participative,
3714 5083 3855 5150 etc.

2331 5202 2578 5272 Plura
2629 5205 2902 5274 autem
2957 5203 3177 5274 entia
3231 5223 3387 5273 non
3442 5225 3526 5274 50
3580 5202 3857 5274 liabent

2329 5327 2610 5407 adesse,
2652 5327 2859 5401 sicut
2893 5329 2984 5400 ad
3020 5328 3337 5421 aliquos
3363 5330 3664 5420 gradus
3691 5347 3854 5420 par·

2329 5452 2772 5543 ticipative‚
2841 5455 2968 5526 sod
3031 5459 3216 5528 sunt
3276 5455 3345 5528 id
3399 5455 3662 5548 ipsum
3707 5454 3850 5525 sor-

2332 5576 2662 5649 maliter
2708 5604 2721 5647 :
2762 5578 2934 5651 ideo
2981 5582 3420 5655 secundum
3485 5577 3849 5671 multipli—
