4252 6393
1783 428 2152 505 QUAESTIO
2200 430 2254 492 X

367 605 454 657 ex
495 605 654 677 qua
732 586 1136 679 pullulant
1186 589 1625 661 naturalia.
1681 588 1902 671 Quod

370 706 583 795 patet
642 703 909 796 primo
982 703 1100 776 sic
1165 704 1457 785 :Illud,
1533 705 1736 797 quod
1812 704 1904 776 de

367 819 678 893 ratione
750 841 897 893 sua
973 841 1240 914 pruna
1312 821 1552 895 habet
1628 825 1903 895 actum

362 937 838 1020 existentiae,
922 959 1085 1010 non
1173 939 1439 1011 solum
1526 938 1903 1012 essentiae

358 1054 696 1128 divisum
759 1060 1053 1130 contra
1120 1055 1360 1138 aliud,
1443 1076 1603 1128 non
1663 1056 1903 1130 estin

362 1172 721 1264 potentia
764 1179 850 1248 ut
902 1195 1001 1246 ex
1033 1195 1127 1246 eo
1173 1175 1340 1255 fiat,
1406 1174 1595 1265 quia
1638 1174 1902 1246 omnis

362 1288 645 1371 forma,
730 1310 904 1382 quae
969 1291 1061 1363 de
1125 1291 1489 1383 potentia
1556 1291 1902 1364 alterius

359 1405 747 1489 educitur,
787 1411 1061 1480 actum
1103 1405 1416 1478 essendi
1453 1427 1597 1498 per
1653 1426 1902 1498 agens

360 1522 647 1614 recipit
695 1544 793 1594 ex
864 1522 1006 1595 illo
1050 1548 1066 1592 t
1114 1543 1324 1596 nunc
1395 1527 1671 1595 autem
1716 1543 1901 1616 qua-

363 1643 545 1712 tuor
602 1639 1005 1714 elementa
1048 1643 1237 1713 sunt
1292 1643 1651 1731 quatuor
1718 1661 1903 1713 cor-

358 1775 555 1847 pora
624 1756 1061 1829 secundum
1125 1775 1313 1828 suas
1373 1755 1900 1830 actualitatcs

356 1869 735 1945 distincta
775 1893 875 1944 ex
918 1871 1187 1964 prima
1257 1871 1526 1943 mundi
1583 1870 1901 1945 institu-

360 1987 597 2062 tione.
683 1990 865 2063 Ideo
935 1989 1004 2062 si
1070 1988 1532 2081 accipiatur
1609 2008 1901 2060 cursus

362 2105 911 2195 generationis
946 2108 1287 2199 propter
1318 2102 1728 2177 hominem
1763 2103 1902 2176 ha-

364 2222 720 2306 bendum,
781 2243 941 2296 non
999 2223 1090 2298 fit
1158 2221 1492 2315 proprie
1561 2222 1903 2295 elemen-

366 2343 532 2412 tum
587 2363 684 2414 ex
729 2361 937 2434 puro
996 2341 1399 2414 elemento
1442 2367 1457 2411 ε
1507 2342 1641 2414 sed
1690 2361 1903 2414 com-

364 2456 716 2548 positum
761 2459 1245 2551 productum
1277 2477 1324 2529 a
1364 2460 1690 2538 natura,
1743 2477 1905 2529 non

362 2570 592 2647 habet
613 2595 713 2646 ex
748 2574 1015 2666 prima
1041 2572 1558 2649 institutione
1581 2573 1905 2665 aliquod

361 2713 486 2758 esse
511 2690 1014 2772 distinctum,
1063 2692 1196 2764 sed
1240 2690 1415 2782 ejus
1476 2689 1902 2781 generatio

362 2808 690 2881 dimissa
730 2807 886 2881 fuit
925 2813 1280 2890 naturae;
1327 2827 1526 2900 ergo
1589 2807 1657 2880 si
1720 2806 1906 2879 sim-

364 2925 539 3018 plex
581 2945 744 2997 non
777 2923 973 2999 facit
1011 2923 1589 3016 compositum,
1637 2943 1904 2996 neces-

362 3062 441 3113 se
469 3046 619 3123 est,
658 3045 747 3115 ut
778 3045 1033 3124 terra,
1068 3062 1167 3114 ex
1213 3062 1370 3133 qua
1404 3044 1905 3132 generantur

361 3157 841 3252 composita,
898 3155 1192 3231 habeat
1261 3156 1444 3229 illas
1503 3154 1904 3250 composi-

363 3274 623 3349 tiones
657 3274 1059 3369 primario
1120 3277 1201 3347 et
1238 3272 1709 3367 perfectiori
1744 3292 1903 3344 mo·

357 3392 473 3476 do,
529 3392 612 3465 in
673 3413 759 3466 se
826 3412 873 3464 a
917 3392 1365 3465 creatione.
1438 3390 1657 3462 Unde
1719 3392 1903 3483 post

358 3510 559 3582 diem
594 3508 920 3591 Judicii,
980 3508 1294 3601 quando
1338 3507 1742 3581 elementa
1784 3528 1901 3579 re·

359 3629 792 3701 manebunt
847 3626 928 3698 in
971 3646 1117 3698 sua
1162 3626 1522 3718 puritate
1572 3628 1655 3697 et
1716 3623 1902 3697 sim·

362 3743 745 3835 plicitate,
795 3743 934 3816 illa
975 3741 1494 3835 compositiO,
1543 3763 1719 3833 quae
1777 3745 1902 3816 cst

360 3859 434 3931 in
500 3865 759 3944 terra,
834 3881 1015 3952 quae
1083 3862 1207 3932 est
1289 3858 1901 3933 fundamentum

359 3978 614 4050 omnis
649 3976 1206 4070 generationis
1240 3981 1583 4055 naturae,
1620 3975 1902 4047 dissol-

356 4099 638 4168 vetur:
684 4117 783 4167 ex
826 4098 1056 4169 terra
1120 4092 1336 4165 enim
1405 4092 1607 4165 nihil
1671 4112 1901 4183 gene-

356 4210 695 4294 rabitur,
772 4210 957 4303 quia
992 4209 1163 4283 sive
1211 4209 1472 4302 pisces
1518 4229 1903 4301 generem,

357 4329 486 4399 tur
535 4349 635 4401 ex
678 4347 914 4419 aqua,
950 4326 1120 4398 sive
1163 4325 1551 4398 animalia
1583 4346 1680 4397 ex
1741 4329 1899 4398 ter·

358 4463 470 4525 ra,
544 4464 879 4517 necesse
938 4447 1088 4525 est,
1162 4446 1250 4516 ut
1306 4441 1604 4523 dicunt,
1672 4440 1898 4513 illam

356 4579 643 4652 aquam
686 4564 828 4634 aut
871 4564 1184 4633 terram
1262 4581 1440 4631 esse
1500 4556 1899 4651 composi-

357 4678 540 4761 tam,
588 4684 668 4752 et
712 4677 857 4749 sub
886 4677 1032 4750 tali
1076 4675 1675 4769 compositione
1739 4695 1897 4746 ma-

357 4794 560 4867 teria
601 4793 1070 4887 corporalis
1112 4798 1237 4867 est
1281 4793 1736 4884 subjectum
1774 4811 1899 4882 ge-

355 4911 827 4986 nerationis.

442 5028 670 5111 Item,
720 5026 1144 5122 productio
1215 5030 1532 5101 naturae
1592 5028 1716 5098 est
1772 5043 1897 5096 or·

356 5142 654 5226 dinata;
702 5165 901 5236 ergo
944 5149 1069 5218 est
1126 5145 1217 5217 de
1278 5140 1758 5235 imperfecto
1802 5140 1897 5212 ad

360 5259 800 5350 perfectum
836 5287 849 5330 :
900 5282 1135 5332 omne
1168 5280 1263 5331 au
1284 5264 1437 5332 tem
1477 5254 1898 5349 imperfec-

358 5378 547 5459 tum,
585 5399 684 5448 ex
719 5397 873 5470 quo
909 5377 996 5450 fit
1032 5376 1507 5470 perfectum,
1567 5371 1896 5466 partici-

360 5500 488 5584 pat
529 5496 899 5588 quamvis
962 5494 1451 5588 incomplete
1510 5496 1895 5566 naturam

360 5607 567 5684 illius
611 5612 974 5707 perfecti.
1042 5614 1211 5685 Hoc
1256 5615 1478 5705 patet
1524 5609 1599 5681 in
1647 5606 1896 5680 omni-

3503 435 3626 498 447

2015 588 2188 668 bus,
2254 587 2443 680 quia
2504 589 2848 664 scientia
2905 591 3269 684 perfecta
3343 613 3572 685 gene-

2017 708 2259 778 ratur
2296 726 2394 777 ex
2437 705 2919 800 imperfecta
2961 710 3327 792 scientia,
3385 712 3574 803 quia

2019 821 2282 893 omnis
2332 824 2707 898 doctrina
2757 829 2838 899 et
2916 826 3180 898 omnis
3223 827 3573 920 discipli-

2014 953 2142 1016 na,
2189 957 2287 1008 ex
2343 939 2892 1030 praeexistenti
2941 941 3032 1014 fit
3073 941 3565 1033 cognitione,

2014 1055 2088 1118 in
2128 1055 2649 1142 posterioribus5
2693 1075 2892 1148 ergo
2936 1078 3118 1129 cum
3186 1061 3411 1129 terra
3463 1057 3571 1132 sit
3639 1077 3865 1130 arose.

2020 1168 2510 1262 principium
2547 1172 2988 1265 passivum,
3024 1174 3115 1246 de
3151 1194 3305 1265 quo
3340 1178 3569 1248 natu·
3662 1148 3792 1192 ’ω’
3827 1141 3873 1193 ¹·

2020 1303 2110 1355 ra
2188 1291 2528 1374 generat
2587 1289 3165 1381 compositum,
3237 1310 3568 1363 necesse

2013 1404 2139 1473 est
2228 1399 2454 1474 illam
2533 1407 2849 1477 terram
2928 1403 3222 1479 habere
3320 1405 3567 1480 istam

2013 1518 2692 1610 compositionem
2758 1521 3250 1604 inchoatam,
3305 1528 3384 1597 et
3454 1522 3569 1595 sic

2014 1652 2194 1705 esse
2228 1637 2799 1728 compositam.
2839 1641 2941 1712 Et
2973 1638 3221 1711 istam
3267 1638 3568 1732 persec-

2014 1752 2186 1822 tam
2262 1753 2967 1846 compositionem,
3040 1756 3317 1831 dicunt
3392 1778 3570 1831 esse

2017 1866 2424 1941 rationem
2509 1870 3009 1955 seminalem,
3082 1895 3181 1946 ex
3260 1894 3416 1967 qua
3480 1875 3570 1950 fit

2014 1982 2211 2057 illud
2280 1988 2485 2078 quod
2554 1994 3022 2079 generatur.
3112 1993 3341 2074 Item,
3429 2012 3568 2064 ars

2017 2098 2401 2176 imitatur
2497 2109 2920 2188 naturam,
3019 2110 3086 2180 2.
3187 2107 3568 2200 Physico-

2019 2222 2268 2299 rum,*
2341 2220 2473 2293 sed
2562 2219 3070 2314 impossibile
3138 2228 3289 2306 est,
3362 2225 3566 2316 quod
3597 2233 3752 2286 “e-vt·
3796 2231 3878 2283 22·

2018 2333 2320 2425 aliquid
2410 2341 2843 2410 moveatur
2938 2339 3034 2411 ad
3119 2340 3569 2433 perfectam

2018 2450 2473 2535 scientiam,
2513 2452 2672 2524 nisi
2724 2453 2864 2526 illa
2895 2455 3242 2529 'scientia
3291 2477 3570 2530 secun-

2014 2567 2200 2639 dum
2238 2572 2513 2643 actum
2546 2569 3113 2663 imperfectum
3160 2572 3567 2655 inchoata,

2018 2689 2106 2757 ut
2141 2683 2316 2775 jam
2383 2685 2573 2759 dixi.
2635 2690 2736 2762 Et
2798 2688 3100 2763 iterum
3162 2695 3228 2764 5.
3287 2689 3574 2782 Physi-

2016 2804 2381 2883 corum,*
2458 2824 2692 2876 omne
2768 2806 2977 2897 quod
3072 2807 3573 2881 naturaliter

2021 2921 2399 2991 movetur
2471 2921 2567 2992 ad
2648 2920 3006 3013 aliquem
3093 2921 3566 3007 terminum,

2016 3034 2485 3106 necessario
2527 3035 2768 3112 habet
2811 3037 3117 3129 aliquid
3148 3039 3239 3111 de
3288 3039 3566 3114 tormi-

2015 3167 2163 3231 no;
2227 3170 2427 3243 ergo
2488 3155 2719 3226 terra
2793 3173 3206 3245 nunquam
3296 3160 3573 3249 posset

2017 3267 2591 3351 transmutari,
2666 3275 2756 3345 ut
2802 3272 2893 3343 de
2937 3270 3116 3365 ipsa
3156 3271 3297 3345 fiat
3359 3294 3571 3345 com-

2017 3384 2401 3477 positum,
2486 3391 2770 3479 utpote
2813 3387 3150 3479 lignum,
3221 3388 3351 3461 vel
3393 3388 3573 3461 her·

2014 3503 2141 3586 ba,
2180 3504 2248 3576 si
2281 3504 2965 3596 compositionem
2998 3506 3241 3598 hujus
3279 3506 3573 3600 imper-

2015 3620 2312 3694 fectam
2375 3621 2454 3693 in
2525 3643 2610 3695 se
2678 3643 2838 3695 non
2914 3622 3276 3707 haberet,
3359 3624 3573 3697 sicut

2013 3735 2181 3808 dixi
2220 3737 2311 3808 de
2363 3737 2752 3829 praedicta
2800 3738 3300 3821 deductione,
3366 3740 3573 3832 quod

2014 3873 2176 3924 non
2244 3853 2470 3926 clare
2535 3853 2791 3937 video,
2868 3855 3076 3948 quod
3151 3854 3573 3930 contineat

2014 3969 2480 4053 veritatem,
2555 3970 2670 4045 sic
2736 3971 2911 4044 dico
2982 3972 3073 4045 de
3137 3970 3298 4047 ista
3358 3998 3373 4043 :
3439 3973 3573 4045 sed

2017 4086 2190 4159 ideo
2239 4089 2580 4161 recitavi
2622 4089 2926 4163 dictum
2987 4089 3428 4182 cujusdam,
3484 4092 3574 4164 ut

2016 4203 2083 4275 si
2129 4203 2747 4297 improbandum
2819 4205 2951 4288 sit,
3027 4205 3568 4299 improbetur.

2103 4325 2414 4403 Quarto
2477 4322 2836 4405 ostendo,
2886 4323 3093 4415 quod
3154 4328 3455 4398 natura
3491 4324 3570 4397 in
3707 4364 3792 4420 ¹7.

2014 4457 2161 4508 sua
2196 4437 2673 4530 operatione
2716 4438 3060 4513 intendit
3100 4439 3405 4512 vivum.
3448 4442 3570 4513 In·
3606 4429 3863 4505 flamm

2010 4552 2270 4627 tentio
2315 4558 2634 4628 naturae
2677 4557 2800 4627 est
2838 4555 3273 4628 seeundum
3310 4554 3566 4630 inten-
3594 4505 3894 4607 ”333⁶

2011 4668 2317 4742 tionem
2359 4671 2839 4766 principalis
2874 4671 3276 4747 moventis
3320 4673 3401 4744 in
3434 4694 3566 4747 na·
3632 4619 3866 4736 'Zffssss‘f

2013 4790 2229 4868 tura,
2278 4788 2405 4861 cui
2442 4790 2924 4881 productum
2963 4789 3207 4861 simul
3249 4789 3568 4863 assimi-

2011 4900 2291 4975 latur:
2341 4903 2475 4975 sed
2529 4904 2798 4977 virtus
2858 4903 3339 4998 principalis
3402 4927 3568 4979 mo-

2007 5037 2205 5090 vens
2247 5019 2578 5110 agentia
2625 5020 3066 5103 naturalia,
3134 5025 3261 5096 est
3298 5022 3568 5097 virtus

2008 5134 2314 5217 vitalis,
2375 5136 2714 5219 scilicet,
2768 5135 3038 5212 virtus
3106 5138 3567 5230 Intelligen-

2011 5252 2172 5335 tiae‚
2212 5273 2386 5345 quae
2425 5254 2824 5327 medianto
2862 5255 3079 5337 orbe,
3117 5259 3241 5329 est
3277 5254 3568 5348 princi·

2012 5369 2218 5463 palis
2257 5370 2336 5443 in
2368 5371 2675 5463 agendo
2708 5370 3123 5444 naturalia
3155 5397 3170 5453 ;
3208 5390 3409 5463 ergo
3435 5392 3566 5445 na·

2008 5488 2205 5559 tura
2250 5490 2428 5561 tota
2481 5486 2560 5559 in
2599 5508 2745 5560 sua
2772 5487 3399 5561 universalitate
3441 5510 3568 5562 ac-

2009 5605 2246 5696 cepta
2290 5603 2631 5677 intendit
2674 5603 3226 5698 compositum
3287 5606 3564 5682 vivum

3657 2825 3676 2848 ·
3702 2828 3833 2875 text.

3627 2901 3755 2938 com.
3785 2887 3868 2939 65.
