4252 6393
1598 423 1958 501 QUAESTto
1999 425 2188 488 Xvnl

352 584 801 680 proposito,
850 589 1120 660 motus
1163 585 1711 668 alterationis,
1761 584 1895 679 qui

347 712 469 780 est
538 706 974 798 acquisitio
1021 705 1279 798 partis
1334 708 1514 799 post
1582 708 1896 799 partem

349 820 632 894 formae
700 822 1150 915 acquisitae‚
1223 842 1382 895 non
1448 822 1717 896 ‹litiert
1782 844 1891 905 re,

350 942 479 1011 sed
522 941 698 1012 sola
730 940 1049 1013 ratione
1083 939 1390 1032 abipso
1436 944 1656 1013 motu
1703 940 1894 1014 alte-

352 1057 725 1131 rationis.

439 1177 671 1259 Item,
742 1179 1143 1250 terminus
1205 1178 1695 1252 intrinsecus
1763 1197 1893 1250 cu-

340 1291 676 1383 juslibet
744 1295 862 1365 rei
939 1315 1098 1366 non
1191 1294 1511 1367 videtur
1605 1295 1892 1368 addere

345 1408 702 1501 aliquam
766 1431 936 1482 rem
981 1411 1438 1484 absolutam
1491 1431 1743 1504 supra
1792 1412 1886 1491 id,

344 1526 577 1619 cujus
620 1530 742 1598 est
801 1528 1226 1609 terminus,
1291 1528 1477 1619 quia
1528 1534 1717 1602 tunc
1769 1550 1893 1601 es-

346 1647 520 1716 sent
566 1664 696 1715 res
751 1644 1182 1727 distincta),
1228 1650 1307 1718 et
1350 1648 1561 1718 Deus
1616 1651 1891 1739 posset

348 1780 592 1831 unum
664 1759 761 1832 ab
820 1761 1084 1833 altero
1157 1781 1544 1854 separare
1609 1789 1622 1832 :
1691 1763 1890 1835 unde

352 1882 735 1969 punctum
770 1897 816 1947 a
857 1878 1071 1949 linea
1124 1880 1498 1971 separari
1549 1901 1707 1951 non
1753 1902 1889 1974 po-

352 1996 528 2074 test,
576 1999 664 2067 ut
696 1996 819 2065 est
872 1994 1273 2068 terminus
1309 1994 1564 2075 linere,
1605 2001 1690 2069 ut
1738 1997 1890 2068 ins-

350 2112 525 2181 tans
559 2131 605 2181 a
639 2113 1035 2203 tempore,
1077 2117 1161 2186 ut
1203 2112 1451 2186 etiam
1486 2115 1889 2187 terminus

352 2227 544 2319 ejuS,
578 2227 704 2298 vel
778 2228 1296 2321 principium,
1359 2231 1721 2322 alioquin
1772 2257 1890 2307 es-

353 2348 467 2416 set
501 2343 712 2415 linea
755 2344 1093 2425 infinita,
1148 2350 1228 2418 et
1273 2352 1592 2441 tempus
1637 2351 1890 2424 intini-

356 2464 540 2531 tum.
579 2463 778 2533 Cum
817 2480 1017 2552 ergo
1082 2461 1352 2534 forma
1399 2487 1540 2557 per
1578 2472 1888 2540 motum

354 2572 834 2656 introducta,
903 2579 1009 2651 sit
1049 2580 1449 2652 terminus
1515 2581 1888 2653 intrinse-

348 2712 482 2762 cus
518 2697 831 2775 motus;
883 2716 1083 2787 ergo
1127 2718 1286 2770 non
1320 2698 1514 2770 dicit
1550 2699 1678 2771 liic
1716 2718 1887 2769 rem

348 2810 698 2901 aliquam
784 2812 1191 2887 diversam
1251 2835 1296 2886 a
1342 2819 1625 2889 motu:
1694 2817 1890 2889 alio·

350 2927 530 3018 quin
582 2930 648 3002 si
694 2930 998 3004 diceret
1052 2953 1182 3002 res
1224 2932 1615 3014 diversas,
1676 2934 1888 3005 Deus

354 3050 617 3136 posset
653 3046 921 3119 facere
970 3052 1281 3122 motum
1338 3051 1884 3130 alterationis,

354 3162 641 3255 absquo
710 3163 860 3237 hoe
932 3167 1137 3258 quod
1205 3167 1477 3260 aliqua.
1539 3168 1891 3261 qualitas

354 3298 641 3369 genera
657 3287 827 3355 retu
845 3303 904 3353 r.

437 3398 664 3478 Item,
730 3397 795 3470 si
855 3398 1122 3473 forma
1189 3422 1345 3472 non
1388 3407 1511 3475 est
1560 3404 1758 3477 idem
1807 3429 1892 3480 re

354 3534 520 3585 cum
570 3522 822 3599 motu,
881 3521 1144 3609 potest
1190 3520 1468 3610 quaeri,
1526 3523 1725 3596 unde
1768 3529 1892 3597 est

358 3630 582 3713 ratio,
647 3634 851 3725 quod
894 3636 1361 3708 necessario
1427 3637 1891 3714 introducta

359 3745 611 3821 forma
655 3750 1026 3843 sequitur
1066 3753 1161 3823 ad
1225 3759 1532 3826 motum
1578 3754 1888 3849 insepa-

359 3865 776 3941 rabiliter?
812 3871 889 3940 et
936 3869 1138 3941 unde
1180 3874 1329 3951 est,
1369 3871 1434 3942 si
1477 3872 1884 3956 differunt,

359 3983 549 4071 quod
592 3989 866 4057 motor
907 4005 1065 4057 non
1112 3988 1372 4079 possit
1421 3988 1687 4061 facere
1733 3990 1890 4061 for-

364 4118 561 4171 mam
620 4101 922 4194 absque
988 4103 1434 4177 intrinseco
1499 4110 1889 4179 motu?et

363 4230 508 4286 non
549 4221 814 4309 potest
887 4217 1050 4289 alia
1108 4239 1357 4292 causa
1423 4221 1659 4304 reddi,
1734 4223 1890 4294 nisi

366 4333 551 4421 quod
585 4334 786 4406 idem
830 4338 1041 4407 sunt.

446 4450 665 4532 Item,
743 4450 810 4522 si
855 4457 1123 4525 motus
1165 4453 1359 4525 dicit
1409 4453 1654 4526 aliam
1717 4477 1889 4527 rem

366 4583 529 4636 cum
572 4568 676 4640 sit
719 4569 1091 4642 accidens
1153 4571 1498 4652 mobilis,
1554 4577 1633 4644 et
1679 4572 1754 4643 in
1797 4594 1891 4643 00

370 4681 461 4753 sit
526 4688 908 4777 tanquam
986 4686 1062 4757 in
1135 4687 1539 4778 subjecto:
1615 4709 1891 4779 qufrro

369 4816 451 4868 ex
492 4820 641 4892 quo
686 4802 833 4874 fit?
877 4823 1036 4873 non
1072 4825 1169 4875 ex
1204 4804 1482 4886 nihilo,
1540 4805 1723 4896 quia
1768 4808 1891 4876 est

374 4933 590 4990 unum
624 4918 994 4991 accidens
1028 4921 1404 4993 naturale
1440 4949 1452 4990 :
1494 4921 1559 4992 si
1613 4942 1709 4993 ex
1754 4920 1894 4992 ali-

374 5050 532 5120 quo,
574 5038 892 5109 videtur
952 5038 1156 5128 quod
1204 5042 1327 5112 est
1372 5039 1448 5110 in
1498 5039 1887 5132 subjecto,

374 5148 439 5216 et
493 5148 599 5224 sic
653 5153 860 5244 quod
914 5158 1098 5245 post
1147 5153 1580 5236 actionem,
1634 5160 1714 5227 et
1784 5155 1894 5226 in-

376 5259 650 5340 ssuxum
692 5270 1014 5361 agentis
1048 5269 1301 5344 adhuc
1334 5271 1613 5345 debeat
1640 5292 1895 5343 rema-

376 5395 563 5467 nere,
634 5387 823 5478 quia
891 5386 1179 5458 formae
1286 5388 1707 5460 naturales
1802 5388 1894 5459 (10

379 5500 710 5582 potentia
762 5504 1133 5576 materiae
1189 5504 1495 5577 eductae
1568 5511 1895 5577 manent

378 5621 711 5692 cessante
766 5618 1072 5691 influxu
1133 5619 1478 5710 agentis.
1552 5621 1715 5693 Nec
1770 5624 1893 5691 est

3433 423 3556 489 627

2015 586 2407 659 instantia
2463 587 2554 658 de
2604 587 2933 667 lumine,
2999 587 3187 679 quia
3243 592 3369 661 est
3435 608 3566 660 res

2015 703 2616 785 intentionalis3
2663 725 2821 776 non
2893 705 3007 776 sic
3068 710 3340 778 autem
3405 725 3566 779 mo·

2011 823 2165 899 tus,
2214 842 2355 893 nec
2415 821 2662 894 etiam
2729 822 2992 893 lumen
3033 822 3125 895 de
3195 821 3563 914 potentia

2010 936 2244 1008 medii
2278 938 2671 1012 educitur.

2098 1056 2545 1126 Secundum
2609 1054 2854 1127 istum
2919 1056 3242 1128 modum
3289 1060 3559 1148 potest

2003 1169 2185 1250 diei,
2261 1172 2466 1261 quod
2512 1175 2783 1243 motus
2828 1177 2913 1244 ut
2973 1178 3098 1247 est
3153 1194 3312 1255 res,
3367 1192 3553 1246 cum

2006 1287 2109 1359 sit
2185 1289 2459 1360 eadem
2524 1308 2653 1360 res
2726 1310 2909 1361 cum
2982 1290 3252 1362 forma
3329 1290 3555 1373 educ·

2004 1409 2115 1486 ta,
2162 1405 2253 1476 de
2311 1407 2674 1497 potentia
2735 1408 3102 1480 materiae
3155 1407 3552 1489 educitur,

2005 1525 2136 1594 sed
2184 1523 2662 1615 inquantum
2714 1530 3008 1608 motus,
3055 1525 3203 1597 hoc
3252 1528 3376 1597 est
3442 1544 3555 1594 se-

2004 1641 2346 1713 cundum
2398 1641 2828 1722 rationem,
2882 1661 3121 1734 quam
3166 1641 3378 1714 addit
3431 1661 3554 1712 su·

2008 1778 2154 1849 pra
2227 1756 2605 1840 formam,
2690 1779 2871 1832 eum
2941 1758 3081 1829 illa
3161 1758 3377 1830 ratio
3448 1757 3554 1830 sit

2004 1875 2442 1948 continuus
2476 1875 2781 1957 fluxus;
2848 1895 3022 1967 quae
3072 1875 3385 1967 quidem
3432 1894 3554 1945 ra-

2004 1994 2119 2066 tio
2154 1995 2798 2069 continuationis
2852 2015 2986 2066 res
3020 1993 3182 2065 alia
3230 2013 3391 2065 non
3429 1999 3552 2064 est

2002 2132 2048 2182 a
2093 2133 2181 2185 re
2214 2113 2627 2192 continua,
2675 2134 2817 2185 nec
2865 2111 3101 2184 habet
3150 2112 3553 2184 rationem

2003 2228 2480 2302 seminalem
2525 2231 2724 2301 unde
2764 2230 3181 2310 educatur,
3229 2228 3360 2299 sed
3403 2225 3553 2298 hoc

2002 2344 2242 2418 habet
2285 2368 2330 2417 a
2385 2347 2769 2419 continuo
2841 2345 3146 2416 influxu
3207 2344 3549 2433 agentis,

2001 2463 2079 2532 et
2116 2461 2570 2534 obedientia
2609 2460 2959 2533 mobilis.

2097 2579 2211 2648 Ex
2256 2577 2383 2650 his
2431 2583 2650 2670 patet
2687 2582 3023 2658 motum,
3062 2580 3143 2649 et
3202 2576 3554 2648 sormam

2006 2712 2150 2784 per
2195 2696 2504 2764 motum
2556 2693 2927 2766 eductam
2971 2712 3150 2763 esse
3197 2690 3398 2762 idem
3469 2711 3556 2761 rc

2001 2808 2401 2889 absoluta,
2441 2830 2600 2880 non
2636 2813 2909 2882 autem
2953 2807 3391 2879 secundum
3432 2826 3555 2879 ra-

2005 2924 2336 2997 tionem.
2397 2928 2493 2998 Et
2557 2926 2744 3016 quia
2797 2924 3005 2998 modi
3071 2923 3556 3016 prsrdicandi

2002 3042 2437 3113 variantur
2463 3043 2893 3114 secundum
2919 3043 3405 3115 varietatem
3436 3060 3556 3111 ra-

2008 3158 2347 3240 tionum,
2390 3160 2741 3231 maxime
2806 3159 3176 3240 realium,
3233 3179 3390 3231 non
3436 3177 3555 3228 so-

2004 3276 2175 3348 lum
2270 3278 2704 3349 secundum
2788 3276 3349 3350 diversitatem
3439 3296 3557 3346 re.-

2010 3415 2218 3476 rum,
2294 3394 2488 3474 ideo,
2573 3397 2657 3464 ut
2742 3392 3296 3485 supradictum
3402 3394 3551 3473 est,

2007 3513 2281 3603 aliqua
2316 3511 2699 3585 dicuntur
2728 3511 2818 3582 de
2851 3511 3143 3591 forma,
3182 3530 3355 3601 quae
3391 3528 3552 3580 non

2003 3625 2387 3696 dicuntur
2428 3623 2519 3694 de
2556 3626 2806 3703 motu,
2862 3627 2939 3694 et
2980 3644 3021 3692 e
3065 3621 3486 3695 contrario
3533 3647 3545 3690 :

2008 3739 2170 3811 imo
2233 3738 2664 3829 aliquando
2733 3738 3114 3812 dicuntur
3175 3738 3553 3832 opposita

2001 3857 2092 3927 (10
2159 3856 2434 3927 eadem
2517 3876 2602 3926 re
2663 3855 3096 3927 secundum
3189 3856 3550 3930 rationes

2008 3973 2271 4046 reales
2306 3974 2750 4067 oppositas,
2785 3995 2958 4065 quae
2992 3974 3430 4047 fundantur
3475 3974 3551 4045 in

2004 4092 2280 4162 eadem
2318 4111 2404 4162 re
2438 4091 2837 4164 absoluta.

2097 4209 2215 4278 Ex
2271 4206 2395 4278 liis
2435 4210 2682 4299 patet,
2731 4208 2936 4298 quod
2971 4206 3182 4280 sicut
3214 4210 3334 4278 est
3368 4208 3558 4279 dare

2010 4343 2252 4394 unam
2330 4323 2800 4405 albedinem,
2876 4344 3055 4395 cum
3119 4323 3226 4396 sit
3293 4322 3560 4394 forma

2012 4439 2446 4520 naturalis,
2507 4439 2621 4510 sic
2665 4443 2790 4512 est
2846 4439 3039 4511 dare
3084 4459 3331 4511 unum
3391 4459 3560 4510 mo-

2010 4559 2206 4634 tum,
2247 4561 2324 4628 et
2370 4554 2967 4636 indivisibilem,
3029 4560 3116 4628 ut
3175 4560 3298 4628 est
3355 4554 3559 4628 idem

2011 4692 2097 4742 re
2141 4692 2321 4742 cum
2359 4672 2618 4743 forma
2664 4701 2675 4742 :
2720 4672 3087 4764 quamvis
3124 4673 3556 4745 secundum

2014 4789 2415 4860 rationem
2503 4789 2932 4860 formalem
3016 4794 3309 4870 motus,
3385 4810 3558 4880 quai

2009 4908 2134 4977 051,
2205 4904 2636 4976 continuus
2700 4904 2989 4986 fluxus,
3054 4926 3212 4977 non
3276 4905 3382 4978 sit
3452 4905 3558 4976 ibi

2013 5043 2287 5104 unum,
2362 5021 2549 5114 quia
2628 5022 3062 5094 secundum
3127 5023 3368 5097 istam
3443 5043 3560 5094 ra·

2011 5140 2344 5219 tionem,
2390 5138 2580 5210 (licit
2625 5139 2887 5211 solum
2925 5139 3323 5211 rationem
3372 5159 3560 5211 con-

2014 5257 2245 5329 tinui.
2295 5259 2393 5329 Et
2439 5256 2643 5328 idem
2676 5255 2851 5327 dieo
2887 5256 2976 5326 de
3012 5261 3405 5347 tempore.

3711 1072 3789 1123 23.
