4252 6393
1725 389 2091 471 QUAESTlo
2139 392 2188 458 ll

373 552 724 643 quolibet
788 573 1061 626 mense
1102 555 1351 626 semel
1409 554 1552 629 flat
1603 554 1711 627 ibi
1768 555 1905 626 flu-

369 690 534 748 xus,
574 671 829 742 utsub
867 671 1404 764 poloArctico
1449 674 1672 744 Luna
1703 671 1908 744 exis-

371 789 581 860 tente
641 786 724 861 in
805 789 1205 870 Geminis,
1282 790 1411 862 vel
1502 789 1903 862 modicum

365 909 566 985 ante,
626 906 819 997 quia
876 911 1067 981 tunc
1148 909 1353 982 radii
1423 911 1664 981 Lunae
1715 911 1902 981 sunt

360 1021 943 1114 quodammodo
974 1023 1488 1106 directiores,
1536 1024 1707 1096 ideo
1742 1023 1900 1096 suf-

357 1138 629 1214 ficiunt
698 1162 1050 1234 vapores
1124 1163 1685 1224 commoverc;
1767 1141 1900 1215 sed

363 1261 639 1348 postea
685 1257 861 1351 ipsa
902 1259 1307 1334 existente
1344 1261 1423 1332 in
1472 1261 1762 1338 Marte,
1808 1259 1898 1331 fit

364 1375 738 1459 refluxus,
786 1378 977 1469 quia
1015 1382 1207 1451 tunc
1260 1382 1601 1470 propter
1666 1375 1898 1449 forti-

363 1491 713 1566 tudinem
799 1492 1098 1568 suflicit
1164 1513 1671 1567 consumere.
1751 1495 1895 1567 Vel

361 1607 565 1682 forte
604 1610 796 1683 dato
857 1611 1063 1702 quod
1119 1611 1228 1683 ibi
1288 1611 1395 1685 sit
1456 1611 1743 1695 fluxus,
1816 1617 1894 1685 et

362 1725 738 1807 refluxus,
772 1730 1044 1800 tamen
1076 1731 1418 1820 propter
1441 1728 1896 1820 amplitudi-

356 1863 530 1914 nem
568 1844 824 1916 maris
847 1866 1007 1917 non
1035 1849 1303 1937 potest
1324 1845 1430 1918 ibi
1463 1866 1888 1939 apparere.

437 1961 826 2041 Secundo,
874 1961 1246 2052 sequitur
1278 1962 1484 2053 quod
1534 1963 1893 2057 ejusdem

352 2077 710 2168 regionis
763 2078 993 2170 prius
1036 2079 1213 2153 fluit
1264 2100 1421 2151 una
1481 2101 1670 2173 pars
1733 2101 1892 2153 ma-

354 2194 461 2265 ris
504 2215 751 2286 quam
794 2194 981 2277 alia,
1031 2195 1147 2269 ita
1190 2197 1396 2290 quod
1447 2197 1674 2290 prius
1716 2199 1891 2271 fluit

346 2311 1887 2405 versusOrientem,qua1nversusOcci-

346 2428 687 2501 dentem.
729 2430 988 2510 Patet‚
1038 2430 1225 2522 quia
1265 2431 1467 2504 radii
1520 2434 1887 2505 Lunares

351 2544 708 2618 orientes
796 2566 1044 2639 super
1138 2547 1362 2619 illam
1471 2550 1884 2642 regionem

348 2661 573 2753 prius
652 2663 1061 2755 aspiciunt
1130 2671 1450 2756 partem
1521 2668 1886 2744 Orienta-

344 2779 518 2861 lem‚
574 2799 817 2871 quam
870 2782 1491 2856 occidentalem.

428 2898 549 2966 Ex
634 2916 789 2986 quo
861 2902 1082 2990 patet
1152 2901 1359 2991 quod
1434 2902 1723 2984 fluxus,
1805 2909 1883 2979 et

347 3013 703 3084 refluxus
803 3016 1057 3087 maris
1139 3016 1230 3090 fit
1298 3019 1881 3110 quodammodo

343 3130 874 3208 circulariter
935 3132 1034 3205 ab
1105 3133 1437 3210 Oriente
1517 3136 1596 3208 in
1666 3140 1884 3215 Occi-

340 3249 683 3331 dentem,
757 3270 918 3321 non
986 3252 1191 3342 quod
1238 3254 1533 3326 eaedem
1606 3262 1882 3349 partes

340 3365 870 3439 circulariter
912 3372 1419 3452 moveantur,
1477 3374 1604 3444 sed
1655 3375 1882 3465 prius

343 3503 491 3554 una
539 3503 761 3575 pars,
802 3505 1043 3575 quam
1087 3484 1273 3557 alia.

420 3600 702 3674 Tertio
747 3601 1118 3691 sequitur
1186 3604 1394 3693 quod
1452 3604 1739 3689 fluxim,
1802 3613 1881 3681 et

345 3717 698 3789 refluxus
751 3719 1004 3791 maris
1055 3720 1142 3793 [it
1185 3742 1328 3814 per
1381 3723 1738 3814 aliquam
1775 3726 1881 3797 in-

341 3836 759 3910 fluentiam
808 3836 1241 3928 specialem
1303 3839 1570 3921 Lunae,
1636 3842 1881 3914 aliam

339 3951 432 4023 ab
490 3951 912 4025 influentia
957 3952 1311 4026 luminis.
1378 3958 1635 4040 Patet,
1694 3961 1883 4051 quia

342 4070 559 4141 Luna
602 4069 987 4141 accedens
1037 4070 1133 4140 ad
1176 4077 1562 4163 punctum
1607 4077 1880 4149 mediae

340 4184 627 4265 noctis,
666 4183 902 4258 habet
927 4184 1284 4277 aliquam
1316 4187 1879 4266 fortitudinem

341 4301 522 4372 talis
577 4301 1040 4382 influentiae,
1107 4324 1348 4394 quam
1393 4309 1663 4379 tamen
1720 4331 1877 4382 non

341 4416 572 4491 habet
614 4439 711 4489 ex
768 4417 1249 4492 fortitudine
1299 4421 1651 4494 luminis,

154 4556 214 4607 ιο.
429 4535 789 4610 Secunda-
830 4536 1247 4607 conclusio
1281 4543 1429 4620 est,
1478 4543 1680 4631 quod
1714 4546 1873 4627 Sol,

100 4620 319 4675 Sotetalii
543 4655 589 4669 ..
1298 4654 1310 4667 .

116 4681 290 4742 ptume
343 4661 415 4730 et
455 4656 596 4728 alu
642 4655 1007 4746 planetae,
1067 4659 1145 4727 et
1205 4659 1454 4728 etlam
1515 4661 1877 4748 quaedam

83 4753 612 4871 Zffioefflzjstellae,
650 4772 837 4841 sunt
869 4789 1293 4843 concausae
1330 4771 1547 4843 illius
1581 4774 1871 4857 fluxus,

82 4875 414 4961 mmmm
458 4890 841 4960 refluxus.
894 4887 1322 4969 Proba-tur,
1390 4891 1575 4980 quia
1632 4913 1874 4983 quan-

341 5005 585 5097 doque
619 5007 879 5077 fluxus
925 5010 1301 5079 movetur
1335 5013 1521 5081 ante
1600 5013 1872 5083 ortum

345 5122 601 5203 Lunae,
640 5123 1109 5214 quandoque
1145 5127 1361 5215 post3
1405 5126 1873 5218 quandoque

345 5241 459 5308 est
536 5236 960 5318 intensior,
1036 5238 1510 5330 quandoque
1591 5240 1871 5313 remis-

348 5351 532 5432 sior,
570 5351 1003 5424 alternatis
1037 5354 1568 5444 temporibus,
1597 5359 1677 5427 et
1722 5354 1869 5429 hoc

347 5487 496 5540 non
558 5474 822 5562 potest
901 5491 1102 5550 esse,
1198 5469 1355 5542 nisi
1434 5473 1869 5545 secundum

349 5587 542 5676 quod
595 5588 815 5659 Luna
857 5585 1152 5682 aspicit
1195 5587 1487 5672 Solem,
1550 5589 1676 5663 vel
1731 5590 1869 5667 ali.

3434 394 3548 464 137

2026 574 2270 646 quam
2340 557 2689 638 stellam,
2753 578 2896 650 per
2965 577 3205 650 quam
3275 558 3562 633 fortifi-

2021 676 2262 745 catur
2320 675 2538 748 actio
2591 675 2793 767 ejus,
2856 678 2935 748 et
2993 674 3146 748 hoc
3215 697 3401 749 cum
3442 695 3561 749 as-

2020 795 2281 882 pectu,
2318 792 2454 883 qui
2486 791 2805 866 confert
2838 792 2933 865 ad
2973 792 3559 868 fortitudinem.

2018 907 2418 981 Similiter
2479 910 2574 982 ad
2641 909 2794 982 hoc
2862 909 3062 984 facit
3128 909 3561 985 diversitas

2016 1023 2440 1115 signorum
2473 1025 2819 1108 Zodiaci,
2865 1030 2946 1101 ct
2986 1026 3236 1101 etiam
3279 1031 3558 1120 partes

2013 1141 2218 1234 ejus,
2301 1143 2488 1234 quia
2554 1165 2737 1216 cum
2835 1145 3060 1217 Luna
3137 1143 3388 1218 fuerit
3477 1143 3556 1218 in

2013 1259 2248 1350 signo
2336 1260 2660 1335 humido
2758 1261 3083 1335 caeteris
3182 1260 3546 1353 paribus,

2009 1374 2272 1447 fluxus
2322 1377 2411 1452 fit
2458 1378 2748 1470 major.

2097 1493 2374 1567 Tertia
2416 1494 2860 1575 conclusio,
2901 1494 3104 1585 quod
3137 1493 3424 1575 fluxuS‚
3470 1495 3549 1565 et
3613 1502 3827 1588 Flu-w
3850 1511 3901 1553 et

2012 1608 2369 1680 refluxus
2438 1611 2589 1684 isto
2650 1611 2740 1685 fit
2798 1612 3157 1685 finaliter
3213 1610 3308 1682 ad
3365 1567 3897 1702 con-4:235&

2010 1728 2558 1801 servationem
2639 1729 2917 1811 mariS‚
2997 1734 3076 1802 et
3142 1727 3290 1800 hoc
3350 1726 3546 1801 dicit
3598 1691 3879 1828 9322&

2006 1845 2317 1916 Auctor
2358 1848 2439 1914 dc
2471 1849 2994 1936 proprietatibus
3031 1869 3279 1927 rerum,
3327 1847 3441 1913 lib.
3475 1848 3540 1916 3.
3577 1823 3799 1868 nonem.

2008 1961 2152 2031 sub
2196 1960 2374 2035 istis
2435 1962 2702 2035 verbis
2750 1988 2764 2032 z
2805 1964 2986 2031 Marc
3042 1974 3132 2029 est
3164 1963 3426 2044 mobile,
3488 1971 3549 2028 et

2004 2081 2396 2167 inquietum,
2440 2094 2511 2149 ut
2563 2103 2686 2168 per
2712 2103 2904 2146 situ-m
2943 2092 3189 2146 motum
3225 2101 3359 2145 succ
3394 2079 3547 2146 sub-

2001 2201 2268 2264 stcmtice
2305 2222 2346 2265 a
2380 2199 2828 2285 corruptionis
2847 2199 3149 2285 periculo
3178 2199 3267 2262 sit
3287 2218 3546 2264 conscr-

2002 2326 2251 2396 vatum,
2287 2325 2346 2380 ct
2371 2337 2497 2402 per
2522 2337 2714 2385 suum
2761 2326 3008 2380 motum
3033 2313 3441 2392 subtiliatur,
3487 2323 3549 2379 ct

1998 2433 2095 2496 sic
2156 2453 2237 2497 nc
2297 2442 2631 2518 putrescat
2686 2453 2728 2496 a
2785 2431 3211 2518 corruptione
3258 2451 3546 2517 prccscr-

2000 2560 2218 2614 vatur.

2089 2660 2234 2733 Sed
2273 2659 2690 2735 dubitatur
2723 2660 3013 2752 primo,
3052 2678 3303 2751 qua-re
3338 2680 3541 2751 quae·
3569 2667 3803 2783 Dubii&
3834 2731 3858 2782 ¹

1997 2779 2181 2849 dam
2249 2779 2688 2866 voragines
2749 2777 2827 2850 in
2891 2777 3098 2849 mari
3170 2777 3541 2850 determi-
3869 2768 3884 2784 '

1999 2900 2243 2968 nante
2285 2896 2715 2967 secundum
2777 2898 3084 2967 motum
3132 2896 3372 2967 Lunae
3415 2893 3542 2965 ab·

1999 3010 2333 3085 sorbent
2367 3034 2643 3105 aquas,
2672 3019 2749 3087 et
2775 3017 3182 3088 evomunt.
3219 3014 3543 3087 Dicitur

1998 3130 2204 3221 quod
2264 3128 2414 3201 hoc
2482 3133 2745 3222 potest
2804 3152 3006 3211 esse,
3075 3129 3261 3222 quia
3330 3131 3537 3205 tales
3617 3147 3842 3201 solutio.

1998 3246 2435 3335 voragines
2506 3267 2649 3339 per
2717 3248 3102 3338 quasdam
3179 3248 3386 3329 vias,
3458 3253 3539 3322 et

1997 3362 2556 3436 concavitates
2609 3362 3185 3437 subterraneas
3237 3365 3332 3436 ad
3379 3386 3538 3437 ma-

1996 3499 2244 3569 gnum
2293 3498 2516 3550 mare
2557 3479 3164 3563 continuantur,
3236 3485 3317 3555 et
3365 3481 3537 3554 ideo

1999 3615 2292 3685 magno
2326 3595 2535 3666 mari
2566 3595 2861 3668 fluente
2885 3595 3298 3670 emittitur
3329 3619 3539 3689 aqua

1998 3734 2143 3805 per
2188 3713 2387 3787 istas
2431 3734 2474 3783 a
2530 3733 2822 3803 magno
2885 3714 3095 3785 mari
3160 3735 3305 3806 per
3355 3714 3538 3787 illas

1996 3830 2170 3901 vias
2259 3831 2858 3911 subterraneas
2951 3830 3152 3902 unde
3221 3831 3540 3923 quidam

1996 3946 2138 4018 alii
2198 3947 2489 4029 sonteS,
2538 3950 2617 4019 et
2663 3946 2882 4039 putei
2942 3946 3223 4029 fluunt,
3270 3952 3350 4021 et
3423 3970 3539 4022 re-

1994 4066 2277 4145 fluunt,
2357 4068 2437 4136 et
2525 4063 2677 4135 hoc
2751 4069 3092 4156 propter
3177 4067 3537 4137 eamdem

1995 4202 2351 4263 causam,
2392 4181 2579 4273 quia
2618 4181 3206 4255 continuantur
3231 4182 3326 4253 ad
3377 4203 3536 4253 ma·

1996 4320 2083 4370 re
2113 4320 2254 4390 per
2285 4298 2460 4369 vias
2495 4299 3098 4372 stibt‹,›1‘1¹a,neas.
3138 4298 3539 4372 Similiter

1991 4417 2186 4489 dicit
2232 4416 2536 4489 Plinius
2609 4418 2813 4510 quod
2853 4421 2976 4490 est
3020 4415 3340 4508 quidam
3403 4438 3536 4514 pu-

1992 4536 2197 4613 teus,
2245 4532 2378 4623 qui
2429 4539 2557 4607 ter
2614 4534 2792 4607 ssuit
2843 4533 3084 4604 indie
3143 4533 3531 4614 naturali,

1990 4656 2068 4724 et
2117 4652 2208 4721 de
2251 4650 2401 4723 hoc
2441 4651 2763 4723 difficile
2812 4655 2936 4725 est
2987 4651 3313 4722 reddere
3355 4670 3535 4722 cau-

1991 4787 2190 4850 sam,
2238 4767 2395 4840 nisi
2453 4768 2940 4840 recurrendo
3003 4769 3095 4839 ad
3133 4768 3379 4839 aliam
3424 4766 3534 4838 in-

1988 4886 2408 4960 fluentiam
2469 4886 2901 4979 specialem
2959 4889 3224 4967 Lunae,
3290 4907 3531 4978 quam

1988 5003 2260 5095 potius
2313 5003 2552 5077 habet
2616 5024 2860 5095 super
2904 5003 3130 5074 illum
3169 5008 3523 5095 puteum,

1987 5142 2227 5212 quam
2271 5143 2516 5214 super
2547 5121 2824 5193 alium.

2074 5241 2430 5310 Secundo
2480 5239 2920 5320 dubitatur,
2986 5261 3524 5330 spiaremare
3683 5274 3761 5327 12,

1986 5354 2671 5427 Mediterraneum
2705 5376 2863 5427 non
2897 5356 3070 5430 [luit
3102 5363 3180 5431 et
3226 5359 3520 5439 refluit,
3562 5334 3867 5389 ”²‘b‘2‘m2'

1982 5492 2125 5543 nec
2169 5472 2417 5546 etiam
2489 5495 2714 5545 mare
2759 5480 3213 5555 mortuum;
3279 5480 3359 5548 et
3413 5475 3521 5547 vi-

1979 5588 2215 5666 detur
2248 5591 2452 5685 quod
2507 5589 2648 5675 sic,
2699 5612 2881 5667 cum
2941 5593 3162 5668 Luna
3198 5592 3520 5671 oriatur
