<?xml version="1.0" encoding="UTF-8"?>
<!DOCTYPE html PUBLIC "-//W3C//DTD XHTML 1.0 Transitional//EN"
    "http://www.w3.org/TR/xhtml1/DTD/xhtml1-transitional.dtd">
<html xmlns="http://www.w3.org/1999/xhtml" xml:lang="en" lang="en">
 <head>
  <title>
</title>
<meta http-equiv="Content-Type" content="text/html;charset=utf-8" />
  <meta name='ocr-system' content='tesseract 3.04.00' />
  <meta name='ocr-capabilities' content='ocr_page ocr_carea ocr_par ocr_line ocrx_word'/>
</head>
<body>
  <div class='ocr_page' id='page_1' title='image "./joannisdunsscot03waddgoog_0132.png"; bbox 0 0 4252 6393; ppageno 0'>
   <div class='ocr_carea' id='block_1_1' title="bbox 669 407 827 469">
    <p class='ocr_par' dir='ltr' id='par_1_1' title="bbox 669 407 827 469">
     <span class='ocr_line' id='line_1_1' title="bbox 669 407 827 469; baseline 0 0"><span class='ocrx_word' id='word_1_1' title='bbox 669 413 677 418; x_wconf 68' lang='lat'><em>‘</em></span> <span class='ocrx_word' id='word_1_2' title='bbox 711 407 827 469; x_wconf 76' lang='lat'>120</span> 
     </span>
    </p>
   </div>
   <div class='ocr_carea' id='block_1_2' title="bbox 396 563 2262 5674">
    <p class='ocr_par' dir='ltr' id='par_1_2' title="bbox 695 563 2249 2052">
     <span class='ocr_line' id='line_1_2' title="bbox 702 563 2240 655; baseline -0.003 -16"><span class='ocrx_word' id='word_1_3' title='bbox 702 567 980 639; x_wconf 91' lang='lat' dir='ltr'>eodem</span> <span class='ocrx_word' id='word_1_4' title='bbox 1013 566 1248 638; x_wconf 90' lang='lat' dir='ltr'>modo</span> <span class='ocrx_word' id='word_1_5' title='bbox 1290 566 1381 639; x_wconf 89' lang='lat' dir='ltr'>de</span> <span class='ocrx_word' id='word_1_6' title='bbox 1412 565 1627 648; x_wconf 86' lang='lat' dir='ltr'>vino,</span> <span class='ocrx_word' id='word_1_7' title='bbox 1664 569 1743 639; x_wconf 89' lang='lat' dir='ltr'>et</span> <span class='ocrx_word' id='word_1_8' title='bbox 1768 563 1955 637; x_wconf 90' lang='lat' dir='ltr'>aliis</span> <span class='ocrx_word' id='word_1_9' title='bbox 1990 563 2240 655; x_wconf 90' lang='lat' dir='ltr'>liquo-</span> 
     </span>
     <span class='ocr_line' id='line_1_3' title="bbox 700 682 2241 775; baseline -0.003 -20"><span class='ocrx_word' id='word_1_10' title='bbox 700 683 951 762; x_wconf 81' lang='lat' dir='ltr'>ribus,</span> <span class='ocrx_word' id='word_1_11' title='bbox 1018 686 1098 754; x_wconf 90' lang='lat' dir='ltr'>et</span> <span class='ocrx_word' id='word_1_12' title='bbox 1141 682 1294 756; x_wconf 89' lang='lat' dir='ltr'>hoc</span> <span class='ocrx_word' id='word_1_13' title='bbox 1338 686 1463 755; x_wconf 88' lang='lat' dir='ltr'>est</span> <span class='ocrx_word' id='word_1_14' title='bbox 1516 702 1665 775; x_wconf 90' lang='lat' dir='ltr'>pro</span> <span class='ocrx_word' id='word_1_15' title='bbox 1729 684 1987 762; x_wconf 86' lang='lat' dir='ltr'>tanto,</span> <span class='ocrx_word' id='word_1_16' title='bbox 2052 700 2241 772; x_wconf 91' lang='lat' dir='ltr'>quo·</span> 
     </span>
     <span class='ocr_line' id='line_1_4' title="bbox 695 797 2242 888; baseline -0.002 -17"><span class='ocrx_word' id='word_1_17' title='bbox 695 799 916 871; x_wconf 88' lang='lat' dir='ltr'>niam</span> <span class='ocrx_word' id='word_1_18' title='bbox 982 803 1282 873; x_wconf 90' lang='lat' dir='ltr'>natura</span> <span class='ocrx_word' id='word_1_19' title='bbox 1360 798 1769 873; x_wconf 85' lang='lat' dir='ltr'>ordinavit</span> <span class='ocrx_word' id='word_1_20' title='bbox 1850 797 2242 888; x_wconf 77' lang='lat' dir='ltr'>graviora</span> 
     </span>
     <span class='ocr_line' id='line_1_5' title="bbox 698 913 2243 1007; baseline 0.001 -20"><span class='ocrx_word' id='word_1_21' title='bbox 698 916 1075 988; x_wconf 90' lang='lat' dir='ltr'>substare</span> <span class='ocrx_word' id='word_1_22' title='bbox 1119 915 1587 988; x_wconf 83' lang='lat' dir='ltr'>levioribus.</span> <span class='ocrx_word' id='word_1_23' title='bbox 1651 913 1927 988; x_wconf 88' lang='lat' dir='ltr'>Tertio</span> <span class='ocrx_word' id='word_1_24' title='bbox 1972 917 2243 1007; x_wconf 87' lang='lat' dir='ltr'>potest</span> 
     </span>
     <span class='ocr_line' id='line_1_6' title="bbox 696 1032 2243 1125; baseline 0 -20"><span class='ocrx_word' id='word_1_25' title='bbox 696 1053 907 1125; x_wconf 89' lang='lat' dir='ltr'>aqua</span> <span class='ocrx_word' id='word_1_26' title='bbox 949 1032 1384 1105; x_wconf 87' lang='lat' dir='ltr'>ascendere</span> <span class='ocrx_word' id='word_1_27' title='bbox 1438 1052 1583 1124; x_wconf 88' lang='lat' dir='ltr'>per</span> <span class='ocrx_word' id='word_1_28' title='bbox 1623 1033 2095 1114; x_wconf 78' lang='lat' dir='ltr'>conductus,</span> <span class='ocrx_word' id='word_1_29' title='bbox 2162 1036 2243 1105; x_wconf 90' lang='lat' dir='ltr'>et</span> 
     </span>
     <span class='ocr_line' id='line_1_7' title="bbox 702 1146 2237 1241; baseline -0.004 -19"><span class='ocrx_word' id='word_1_30' title='bbox 702 1149 1055 1229; x_wconf 89' lang='lat' dir='ltr'>canales,</span> <span class='ocrx_word' id='word_1_31' title='bbox 1101 1151 1190 1222; x_wconf 92' lang='lat' dir='ltr'>ut</span> <span class='ocrx_word' id='word_1_32' title='bbox 1224 1151 1448 1240; x_wconf 90' lang='lat' dir='ltr'>patet</span> <span class='ocrx_word' id='word_1_33' title='bbox 1491 1148 1586 1220; x_wconf 86' lang='lat' dir='ltr'>ad</span> <span class='ocrx_word' id='word_1_34' title='bbox 1617 1146 2237 1241; x_wconf 81' lang='lat' dir='ltr'>experientiam.</span> 
     </span>
     <span class='ocr_line' id='line_1_8' title="bbox 706 1266 2242 1357; baseline -0.001 -21"><span class='ocrx_word' id='word_1_35' title='bbox 706 1269 1045 1348; x_wconf 85' lang='lat' dir='ltr'>QuartO,</span> <span class='ocrx_word' id='word_1_36' title='bbox 1126 1284 1287 1338; x_wconf 90' lang='lat' dir='ltr'>non</span> <span class='ocrx_word' id='word_1_37' title='bbox 1373 1266 1637 1337; x_wconf 91' lang='lat' dir='ltr'>solum</span> <span class='ocrx_word' id='word_1_38' title='bbox 1718 1285 1862 1357; x_wconf 92' lang='lat' dir='ltr'>per</span> <span class='ocrx_word' id='word_1_39' title='bbox 1931 1268 2242 1337; x_wconf 91' lang='lat' dir='ltr'>motum</span> 
     </span>
     <span class='ocr_line' id='line_1_9' title="bbox 703 1379 2244 1474; baseline -0.003 -21"><span class='ocrx_word' id='word_1_40' title='bbox 703 1381 1077 1463; x_wconf 81' lang='lat' dir='ltr'>localem,</span> <span class='ocrx_word' id='word_1_41' title='bbox 1159 1382 1291 1453; x_wconf 87' lang='lat' dir='ltr'>sed</span> <span class='ocrx_word' id='word_1_42' title='bbox 1331 1401 1516 1454; x_wconf 90' lang='lat' dir='ltr'>cum</span> <span class='ocrx_word' id='word_1_43' title='bbox 1560 1380 1710 1453; x_wconf 90' lang='lat' dir='ltr'>hoc</span> <span class='ocrx_word' id='word_1_44' title='bbox 1754 1401 1899 1474; x_wconf 91' lang='lat' dir='ltr'>per</span> <span class='ocrx_word' id='word_1_45' title='bbox 1949 1379 2244 1453; x_wconf 88' lang='lat' dir='ltr'>altera·</span> 
     </span>
     <span class='ocr_line' id='line_1_10' title="bbox 706 1497 2245 1590; baseline -0.005 -17"><span class='ocrx_word' id='word_1_46' title='bbox 706 1499 1040 1579; x_wconf 90' lang='lat' dir='ltr'>tionem,</span> <span class='ocrx_word' id='word_1_47' title='bbox 1097 1497 1310 1571; x_wconf 93' lang='lat' dir='ltr'>sicut</span> <span class='ocrx_word' id='word_1_48' title='bbox 1353 1498 1666 1590; x_wconf 90' lang='lat' dir='ltr'>quando</span> <span class='ocrx_word' id='word_1_49' title='bbox 1709 1517 1920 1589; x_wconf 90' lang='lat' dir='ltr'>aqua</span> <span class='ocrx_word' id='word_1_50' title='bbox 1959 1516 2245 1589; x_wconf 84' lang='lat' dir='ltr'>evapo-</span> 
     </span>
     <span class='ocr_line' id='line_1_11' title="bbox 706 1612 2248 1703; baseline -0.004 -17"><span class='ocrx_word' id='word_1_51' title='bbox 706 1619 946 1688; x_wconf 87' lang='lat' dir='ltr'>ratur</span> <span class='ocrx_word' id='word_1_52' title='bbox 986 1634 1032 1685; x_wconf 88' lang='lat' dir='ltr'>a</span> <span class='ocrx_word' id='word_1_53' title='bbox 1071 1614 1374 1695; x_wconf 88' lang='lat' dir='ltr'>calore,</span> <span class='ocrx_word' id='word_1_54' title='bbox 1446 1619 1636 1688; x_wconf 91' lang='lat' dir='ltr'>tunc</span> <span class='ocrx_word' id='word_1_55' title='bbox 1704 1612 1920 1684; x_wconf 91' lang='lat' dir='ltr'>enim</span> <span class='ocrx_word' id='word_1_56' title='bbox 1986 1630 2248 1703; x_wconf 86' lang='lat' dir='ltr'>vapor</span> 
     </span>
     <span class='ocr_line' id='line_1_12' title="bbox 707 1726 2248 1821; baseline -0.003 -19"><span class='ocrx_word' id='word_1_57' title='bbox 707 1729 1093 1812; x_wconf 84' lang='lat' dir='ltr'>ascendit,</span> <span class='ocrx_word' id='word_1_58' title='bbox 1168 1729 1308 1821; x_wconf 93' lang='lat' dir='ltr'>qui</span> <span class='ocrx_word' id='word_1_59' title='bbox 1375 1728 1938 1803; x_wconf 87' lang='lat' dir='ltr'>convertibilis</span> <span class='ocrx_word' id='word_1_60' title='bbox 1972 1731 2097 1801; x_wconf 87' lang='lat' dir='ltr'>est</span> <span class='ocrx_word' id='word_1_61' title='bbox 2167 1726 2248 1798; x_wconf 93' lang='lat' dir='ltr'>in</span> 
     </span>
     <span class='ocr_line' id='line_1_13' title="bbox 707 1842 2249 1937; baseline -0.003 -20"><span class='ocrx_word' id='word_1_62' title='bbox 707 1861 1003 1937; x_wconf 89' lang='lat' dir='ltr'>aquam</span> <span class='ocrx_word' id='word_1_63' title='bbox 1098 1845 1480 1926; x_wconf 84' lang='lat' dir='ltr'>faciliter,</span> <span class='ocrx_word' id='word_1_64' title='bbox 1544 1849 1623 1919; x_wconf 92' lang='lat' dir='ltr'>et</span> <span class='ocrx_word' id='word_1_65' title='bbox 1703 1843 1876 1917; x_wconf 91' lang='lat' dir='ltr'>ideo</span> <span class='ocrx_word' id='word_1_66' title='bbox 1946 1842 2249 1916; x_wconf 91' lang='lat' dir='ltr'>dicitur</span> 
     </span>
     <span class='ocr_line' id='line_1_14' title="bbox 708 1962 1403 2052; baseline -0.004 -19"><span class='ocrx_word' id='word_1_67' title='bbox 708 1979 918 2052; x_wconf 88' lang='lat' dir='ltr'>aqua</span> <span class='ocrx_word' id='word_1_68' title='bbox 948 1962 1403 2033; x_wconf 89' lang='lat' dir='ltr'>ascendere.</span> 
     </span>
    </p>

    <p class='ocr_par' dir='ltr' id='par_1_3' title="bbox 396 2075 2253 3338">
     <span class='ocr_line' id='line_1_15' title="bbox 486 2075 2243 2170; baseline 0.001 -29"><span class='ocrx_word' id='word_1_69' title='bbox 486 2089 535 2141; x_wconf 81' lang='lat'>3.</span> <span class='ocrx_word' id='word_1_70' title='bbox 835 2077 1054 2150; x_wconf 88' lang='lat' dir='ltr'>Tunc</span> <span class='ocrx_word' id='word_1_71' title='bbox 1143 2081 1562 2170; x_wconf 92' lang='lat' dir='ltr'>ponuntur</span> <span class='ocrx_word' id='word_1_72' title='bbox 1647 2075 2243 2149; x_wconf 84' lang='lat' dir='ltr'>conclusiones.</span> 
     </span>
     <span class='ocr_line' id='line_1_16' title="bbox 396 2156 2248 2287; baseline -0.002 -19"><span class='ocrx_word' id='word_1_73' title='bbox 396 2156 645 2270; x_wconf 57' lang='lat'>013232&#39;1.</span> <span class='ocrx_word' id='word_1_74' title='bbox 713 2192 991 2266; x_wconf 85' lang='lat' dir='ltr'>Prima</span> <span class='ocrx_word' id='word_1_75' title='bbox 1032 2197 1156 2266; x_wconf 89' lang='lat' dir='ltr'>est</span> <span class='ocrx_word' id='word_1_76' title='bbox 1189 2198 1482 2268; x_wconf 89' lang='lat' dir='ltr'>contra</span> <span class='ocrx_word' id='word_1_77' title='bbox 1531 2194 1881 2287; x_wconf 90' lang='lat' dir='ltr'>primam</span> <span class='ocrx_word' id='word_1_78' title='bbox 1944 2191 2248 2285; x_wconf 91' lang='lat' dir='ltr'>opinio-</span> 
     </span>
     <span class='ocr_line' id='line_1_17' title="bbox 709 2308 2250 2402; baseline 0 -22"><span class='ocrx_word' id='word_1_79' title='bbox 709 2329 917 2390; x_wconf 87' lang='lat' dir='ltr'>nem,</span> <span class='ocrx_word' id='word_1_80' title='bbox 984 2310 1190 2401; x_wconf 91' lang='lat' dir='ltr'>quod</span> <span class='ocrx_word' id='word_1_81' title='bbox 1250 2330 1461 2402; x_wconf 88' lang='lat' dir='ltr'>aqua</span> <span class='ocrx_word' id='word_1_82' title='bbox 1521 2330 1680 2382; x_wconf 89' lang='lat' dir='ltr'>non</span> <span class='ocrx_word' id='word_1_83' title='bbox 1722 2309 2084 2381; x_wconf 89' lang='lat' dir='ltr'>ascendit</span> <span class='ocrx_word' id='word_1_84' title='bbox 2154 2308 2250 2380; x_wconf 89' lang='lat' dir='ltr'>ad</span> 
     </span>
     <span class='ocr_line' id='line_1_18' title="bbox 711 2426 2246 2518; baseline 0 -22"><span class='ocrx_word' id='word_1_85' title='bbox 711 2445 859 2496; x_wconf 89' lang='lat' dir='ltr'>ora</span> <span class='ocrx_word' id='word_1_86' title='bbox 914 2426 1261 2501; x_wconf 89' lang='lat' dir='ltr'>fontium</span> <span class='ocrx_word' id='word_1_87' title='bbox 1318 2427 1723 2501; x_wconf 82' lang='lat' dir='ltr'>violenter</span> <span class='ocrx_word' id='word_1_88' title='bbox 1773 2426 2040 2518; x_wconf 91' lang='lat' dir='ltr'>primo</span> <span class='ocrx_word' id='word_1_89' title='bbox 2085 2445 2246 2497; x_wconf 89' lang='lat' dir='ltr'>mo-</span> 
     </span>
     <span class='ocr_line' id='line_1_19' title="bbox 706 2542 2251 2637; baseline 0 -23"><span class='ocrx_word' id='word_1_90' title='bbox 706 2542 830 2614; x_wconf 90' lang='lat' dir='ltr'>do.</span> <span class='ocrx_word' id='word_1_91' title='bbox 924 2544 1354 2637; x_wconf 74' lang='lat' dir='ltr'>Probatur,</span> <span class='ocrx_word' id='word_1_92' title='bbox 1428 2543 1616 2636; x_wconf 90' lang='lat' dir='ltr'>quia</span> <span class='ocrx_word' id='word_1_93' title='bbox 1664 2564 1823 2615; x_wconf 89' lang='lat' dir='ltr'>non</span> <span class='ocrx_word' id='word_1_94' title='bbox 1903 2544 2251 2635; x_wconf 89' lang='lat' dir='ltr'>apparet</span> 
     </span>
     <span class='ocr_line' id='line_1_20' title="bbox 711 2658 2247 2752; baseline 0.001 -22"><span class='ocrx_word' id='word_1_95' title='bbox 711 2658 819 2730; x_wconf 91' lang='lat' dir='ltr'>ibi</span> <span class='ocrx_word' id='word_1_96' title='bbox 871 2659 1209 2751; x_wconf 71' lang='lat' dir='ltr'>aliquod</span> <span class='ocrx_word' id='word_1_97' title='bbox 1285 2659 1771 2740; x_wconf 88' lang='lat' dir='ltr'>violentans,</span> <span class='ocrx_word' id='word_1_98' title='bbox 1840 2659 2028 2752; x_wconf 89' lang='lat' dir='ltr'>quia</span> <span class='ocrx_word' id='word_1_99' title='bbox 2103 2677 2247 2731; x_wconf 91' lang='lat' dir='ltr'>nec</span> 
     </span>
     <span class='ocr_line' id='line_1_21' title="bbox 713 2773 2250 2857; baseline 0.001 -12"><span class='ocrx_word' id='word_1_100' title='bbox 713 2779 941 2856; x_wconf 75' lang='lat' dir='ltr'>rotae,</span> <span class='ocrx_word' id='word_1_101' title='bbox 990 2795 1134 2847; x_wconf 89' lang='lat' dir='ltr'>nec</span> <span class='ocrx_word' id='word_1_102' title='bbox 1172 2795 1396 2857; x_wconf 83' lang='lat' dir='ltr'>vasa,</span> <span class='ocrx_word' id='word_1_103' title='bbox 1452 2796 1595 2847; x_wconf 91' lang='lat' dir='ltr'>nec</span> <span class='ocrx_word' id='word_1_104' title='bbox 1640 2774 1803 2846; x_wconf 88' lang='lat' dir='ltr'>alia</span> <span class='ocrx_word' id='word_1_105' title='bbox 1863 2773 2250 2848; x_wconf 86' lang='lat' dir='ltr'>artificia-</span> 
     </span>
     <span class='ocr_line' id='line_1_22' title="bbox 709 2889 2245 2985; baseline -0.002 -22"><span class='ocrx_word' id='word_1_106' title='bbox 709 2891 845 2974; x_wconf 86' lang='lat' dir='ltr'>lia,</span> <span class='ocrx_word' id='word_1_107' title='bbox 922 2891 1209 2983; x_wconf 90' lang='lat' dir='ltr'>quibus</span> <span class='ocrx_word' id='word_1_108' title='bbox 1279 2912 1488 2985; x_wconf 90' lang='lat' dir='ltr'>aqua</span> <span class='ocrx_word' id='word_1_109' title='bbox 1561 2889 1823 2985; x_wconf 79' lang='lat' dir='ltr'>possit</span> <span class='ocrx_word' id='word_1_110' title='bbox 1891 2890 2245 2963; x_wconf 80' lang='lat' dir='ltr'>elevari:</span> 
     </span>
     <span class='ocr_line' id='line_1_23' title="bbox 709 3009 2251 3101; baseline -0.002 -19"><span class='ocrx_word' id='word_1_111' title='bbox 709 3031 854 3083; x_wconf 90' lang='lat' dir='ltr'>nec</span> <span class='ocrx_word' id='word_1_112' title='bbox 932 3014 1058 3084; x_wconf 89' lang='lat' dir='ltr'>est</span> <span class='ocrx_word' id='word_1_113' title='bbox 1129 3010 1235 3082; x_wconf 92' lang='lat' dir='ltr'>ibi</span> <span class='ocrx_word' id='word_1_114' title='bbox 1314 3010 1526 3100; x_wconf 80' lang='lat' dir='ltr'>ignis</span> <span class='ocrx_word' id='word_1_115' title='bbox 1594 3009 2031 3101; x_wconf 82' lang='lat' dir='ltr'>expellens,</span> <span class='ocrx_word' id='word_1_116' title='bbox 2106 3028 2251 3080; x_wconf 90' lang='lat' dir='ltr'>nec</span> 
     </span>
     <span class='ocr_line' id='line_1_24' title="bbox 713 3125 2253 3220; baseline -0.002 -23"><span class='ocrx_word' id='word_1_117' title='bbox 713 3126 1016 3219; x_wconf 89' lang='lat' dir='ltr'>aliquid</span> <span class='ocrx_word' id='word_1_118' title='bbox 1047 3126 1536 3220; x_wconf 90' lang='lat' dir='ltr'>hujusmodi,</span> <span class='ocrx_word' id='word_1_119' title='bbox 1565 3126 1767 3199; x_wconf 91' lang='lat' dir='ltr'>unde</span> <span class='ocrx_word' id='word_1_120' title='bbox 1798 3127 2013 3196; x_wconf 88' lang='lat' dir='ltr'>esset</span> <span class='ocrx_word' id='word_1_121' title='bbox 2040 3125 2253 3215; x_wconf 90' lang='lat' dir='ltr'>prin-</span> 
     </span>
     <span class='ocr_line' id='line_1_25' title="bbox 716 3245 1580 3338; baseline -0.002 -20"><span class='ocrx_word' id='word_1_122' title='bbox 716 3245 1022 3338; x_wconf 90' lang='lat' dir='ltr'>cipium</span> <span class='ocrx_word' id='word_1_123' title='bbox 1066 3246 1255 3320; x_wconf 87' lang='lat' dir='ltr'>talis</span> <span class='ocrx_word' id='word_1_124' title='bbox 1287 3251 1580 3319; x_wconf 90' lang='lat' dir='ltr'>motus.</span> 
     </span>
    </p>

    <p class='ocr_par' dir='ltr' id='par_1_4' title="bbox 712 3362 2262 4381">
     <span class='ocr_line' id='line_1_26' title="bbox 804 3362 2255 3443; baseline 0 -8"><span class='ocrx_word' id='word_1_125' title='bbox 804 3362 1190 3443; x_wconf 87' lang='lat' dir='ltr'>Secundo,</span> <span class='ocrx_word' id='word_1_126' title='bbox 1230 3362 1299 3434; x_wconf 91' lang='lat' dir='ltr'>si</span> <span class='ocrx_word' id='word_1_127' title='bbox 1333 3362 1479 3433; x_wconf 90' lang='lat' dir='ltr'>sub</span> <span class='ocrx_word' id='word_1_128' title='bbox 1530 3367 1759 3435; x_wconf 87' lang='lat' dir='ltr'>terra</span> <span class='ocrx_word' id='word_1_129' title='bbox 1799 3367 2020 3436; x_wconf 89' lang='lat' dir='ltr'>esset</span> <span class='ocrx_word' id='word_1_130' title='bbox 2062 3365 2255 3437; x_wconf 90' lang='lat' dir='ltr'>talis</span> 
     </span>
     <span class='ocr_line' id='line_1_27' title="bbox 715 3477 2256 3571; baseline 0 -20"><span class='ocrx_word' id='word_1_131' title='bbox 715 3477 1174 3570; x_wconf 83' lang='lat' dir='ltr'>charybdis,</span> <span class='ocrx_word' id='word_1_132' title='bbox 1242 3483 1725 3569; x_wconf 79' lang='lat' dir='ltr'>sequeretur</span> <span class='ocrx_word' id='word_1_133' title='bbox 1811 3480 2016 3571; x_wconf 90' lang='lat' dir='ltr'>quod</span> <span class='ocrx_word' id='word_1_134' title='bbox 2080 3479 2256 3571; x_wconf 87' lang='lat' dir='ltr'>jam</span> 
     </span>
     <span class='ocr_line' id='line_1_28' title="bbox 716 3597 2257 3671; baseline -0.001 -2"><span class='ocrx_word' id='word_1_135' title='bbox 716 3600 947 3669; x_wconf 88' lang='lat' dir='ltr'>terra</span> <span class='ocrx_word' id='word_1_136' title='bbox 979 3599 1195 3668; x_wconf 88' lang='lat' dir='ltr'>esset</span> <span class='ocrx_word' id='word_1_137' title='bbox 1241 3600 1420 3669; x_wconf 88' lang='lat' dir='ltr'>tota</span> <span class='ocrx_word' id='word_1_138' title='bbox 1463 3597 1915 3668; x_wconf 87' lang='lat' dir='ltr'>submersa.</span> <span class='ocrx_word' id='word_1_139' title='bbox 1968 3601 2257 3671; x_wconf 87' lang='lat' dir='ltr'>Conse-</span> 
     </span>
     <span class='ocr_line' id='line_1_29' title="bbox 715 3711 2252 3804; baseline 0.001 -23"><span class='ocrx_word' id='word_1_140' title='bbox 715 3731 966 3802; x_wconf 86' lang='lat' dir='ltr'>quens</span> <span class='ocrx_word' id='word_1_141' title='bbox 1062 3715 1186 3784; x_wconf 91' lang='lat' dir='ltr'>est</span> <span class='ocrx_word' id='word_1_142' title='bbox 1271 3716 1564 3784; x_wconf 87' lang='lat' dir='ltr'>contra</span> <span class='ocrx_word' id='word_1_143' title='bbox 1631 3711 2252 3804; x_wconf 81' lang='lat' dir='ltr'>experientiam.</span> 
     </span>
     <span class='ocr_line' id='line_1_30' title="bbox 716 3827 2259 3919; baseline 0.002 -21"><span class='ocrx_word' id='word_1_144' title='bbox 716 3827 1129 3899; x_wconf 85' lang='lat' dir='ltr'>Probatur</span> <span class='ocrx_word' id='word_1_145' title='bbox 1169 3827 1779 3919; x_wconf 83' lang='lat' dir='ltr'>consequentia,</span> <span class='ocrx_word' id='word_1_146' title='bbox 1835 3827 2023 3919; x_wconf 88' lang='lat' dir='ltr'>quia</span> <span class='ocrx_word' id='word_1_147' title='bbox 2077 3847 2259 3917; x_wconf 81' lang='lat' dir='ltr'>gra-</span> 
     </span>
     <span class='ocr_line' id='line_1_31' title="bbox 712 3942 2258 4017; baseline 0.003 -4"><span class='ocrx_word' id='word_1_148' title='bbox 712 3942 951 4015; x_wconf 84' lang='lat' dir='ltr'>viora</span> <span class='ocrx_word' id='word_1_149' title='bbox 1008 3946 1204 4015; x_wconf 89' lang='lat' dir='ltr'>nata</span> <span class='ocrx_word' id='word_1_150' title='bbox 1248 3947 1437 4015; x_wconf 91' lang='lat' dir='ltr'>sunt</span> <span class='ocrx_word' id='word_1_151' title='bbox 1499 3944 1875 4016; x_wconf 89' lang='lat' dir='ltr'>substare</span> <span class='ocrx_word' id='word_1_152' title='bbox 1938 3944 2258 4017; x_wconf 86' lang='lat' dir='ltr'>leviori-</span> 
     </span>
     <span class='ocr_line' id='line_1_32' title="bbox 717 4058 2261 4150; baseline 0.003 -21"><span class='ocrx_word' id='word_1_153' title='bbox 717 4058 889 4140; x_wconf 79' lang='lat' dir='ltr'>buS,</span> <span class='ocrx_word' id='word_1_154' title='bbox 967 4059 1139 4131; x_wconf 88' lang='lat' dir='ltr'>ideo</span> <span class='ocrx_word' id='word_1_155' title='bbox 1208 4062 1438 4130; x_wconf 84' lang='lat' dir='ltr'>terra</span> <span class='ocrx_word' id='word_1_156' title='bbox 1497 4079 1683 4130; x_wconf 89' lang='lat' dir='ltr'>cum</span> <span class='ocrx_word' id='word_1_157' title='bbox 1754 4060 1860 4133; x_wconf 90' lang='lat' dir='ltr'>sit</span> <span class='ocrx_word' id='word_1_158' title='bbox 1923 4061 2261 4150; x_wconf 78' lang='lat' dir='ltr'>gravior</span> 
     </span>
     <span class='ocr_line' id='line_1_33' title="bbox 717 4177 2262 4267; baseline 0.003 -19"><span class='ocrx_word' id='word_1_159' title='bbox 717 4195 951 4267; x_wconf 86' lang='lat' dir='ltr'>aqua,</span> <span class='ocrx_word' id='word_1_160' title='bbox 1015 4179 1210 4248; x_wconf 91' lang='lat' dir='ltr'>nata</span> <span class='ocrx_word' id='word_1_161' title='bbox 1250 4179 1465 4249; x_wconf 90' lang='lat' dir='ltr'>esset</span> <span class='ocrx_word' id='word_1_162' title='bbox 1506 4177 1985 4249; x_wconf 86' lang='lat' dir='ltr'>descendere</span> <span class='ocrx_word' id='word_1_163' title='bbox 2048 4178 2262 4253; x_wconf 85' lang='lat' dir='ltr'>infra</span> 
     </span>
     <span class='ocr_line' id='line_1_34' title="bbox 720 4310 1042 4381; baseline -0.009 -18"><span class='ocrx_word' id='word_1_164' title='bbox 720 4310 1042 4381; x_wconf 86' lang='lat' dir='ltr'>aquam.</span> 
     </span>
    </p>

    <p class='ocr_par' dir='ltr' id='par_1_5' title="bbox 696 4407 2262 5674">
     <span class='ocr_line' id='line_1_35' title="bbox 850 4407 2262 4502; baseline 0.002 -21"><span class='ocrx_word' id='word_1_165' title='bbox 850 4407 1209 4481; x_wconf 83' lang='lat' dir='ltr'>Secunda</span> <span class='ocrx_word' id='word_1_166' title='bbox 1294 4409 1710 4481; x_wconf 89' lang='lat' dir='ltr'>conclusio</span> <span class='ocrx_word' id='word_1_167' title='bbox 1815 4415 1964 4490; x_wconf 90' lang='lat' dir='ltr'>est,</span> <span class='ocrx_word' id='word_1_168' title='bbox 2057 4414 2262 4502; x_wconf 93' lang='lat' dir='ltr'>quod</span> 
     </span>
     <span class='ocr_line' id='line_1_36' title="bbox 725 4525 2260 4616; baseline 0.003 -20"><span class='ocrx_word' id='word_1_169' title='bbox 725 4545 936 4616; x_wconf 90' lang='lat' dir='ltr'>aqua</span> <span class='ocrx_word' id='word_1_170' title='bbox 975 4544 1135 4596; x_wconf 91' lang='lat' dir='ltr'>non</span> <span class='ocrx_word' id='word_1_171' title='bbox 1172 4526 1532 4600; x_wconf 84' lang='lat' dir='ltr'>ascendit</span> <span class='ocrx_word' id='word_1_172' title='bbox 1575 4527 1670 4597; x_wconf 89' lang='lat' dir='ltr'>ad</span> <span class='ocrx_word' id='word_1_173' title='bbox 1714 4547 1861 4598; x_wconf 89' lang='lat' dir='ltr'>ora</span> <span class='ocrx_word' id='word_1_174' title='bbox 1912 4525 2260 4601; x_wconf 85' lang='lat' dir='ltr'>sontium</span> 
     </span>
     <span class='ocr_line' id='line_1_37' title="bbox 727 4642 2260 4737; baseline 0.003 -25"><span class='ocrx_word' id='word_1_175' title='bbox 727 4646 1069 4734; x_wconf 87' lang='lat' dir='ltr'>propter</span> <span class='ocrx_word' id='word_1_176' title='bbox 1100 4643 1797 4735; x_wconf 88' lang='lat' dir='ltr'>compressionem</span> <span class='ocrx_word' id='word_1_177' title='bbox 1850 4642 1949 4714; x_wconf 90' lang='lat' dir='ltr'>ab</span> <span class='ocrx_word' id='word_1_178' title='bbox 1985 4643 2260 4737; x_wconf 86' lang='lat' dir='ltr'>aliquo</span> 
     </span>
     <span class='ocr_line' id='line_1_38' title="bbox 696 4756 2261 4853; baseline 0.003 -26"><span class='ocrx_word' id='word_1_179' title='bbox 696 4756 1122 4847; x_wconf 76' lang='lat' dir='ltr'>graviori.</span> <span class='ocrx_word' id='word_1_180' title='bbox 1219 4757 1626 4830; x_wconf 86' lang='lat' dir='ltr'>Probatur</span> <span class='ocrx_word' id='word_1_181' title='bbox 1708 4761 2001 4852; x_wconf 86' lang='lat' dir='ltr'>primo,</span> <span class='ocrx_word' id='word_1_182' title='bbox 2071 4762 2261 4853; x_wconf 90' lang='lat' dir='ltr'>quia</span> 
     </span>
     <span class='ocr_line' id='line_1_39' title="bbox 722 4875 2260 4968; baseline 0.004 -23"><span class='ocrx_word' id='word_1_183' title='bbox 722 4875 790 4946; x_wconf 93' lang='lat' dir='ltr'>si</span> <span class='ocrx_word' id='word_1_184' title='bbox 825 4875 968 4954; x_wconf 88' lang='lat' dir='ltr'>sic,</span> <span class='ocrx_word' id='word_1_185' title='bbox 1017 4879 1501 4966; x_wconf 87' lang='lat' dir='ltr'>sequeretur</span> <span class='ocrx_word' id='word_1_186' title='bbox 1535 4878 1741 4968; x_wconf 89' lang='lat' dir='ltr'>quod</span> <span class='ocrx_word' id='word_1_187' title='bbox 1800 4883 1979 4953; x_wconf 84' lang='lat' dir='ltr'>tota</span> <span class='ocrx_word' id='word_1_188' title='bbox 2030 4885 2260 4954; x_wconf 83' lang='lat' dir='ltr'>terra</span> 
     </span>
     <span class='ocr_line' id='line_1_40' title="bbox 715 4991 2258 5087; baseline 0.002 -25"><span class='ocrx_word' id='word_1_189' title='bbox 715 4995 933 5064; x_wconf 89' lang='lat' dir='ltr'>essct</span> <span class='ocrx_word' id='word_1_190' title='bbox 964 4991 1286 5064; x_wconf 86' lang='lat' dir='ltr'>tandem</span> <span class='ocrx_word' id='word_1_191' title='bbox 1321 4991 1745 5064; x_wconf 88' lang='lat' dir='ltr'>submersa</span> <span class='ocrx_word' id='word_1_192' title='bbox 1768 4996 2028 5087; x_wconf 88' lang='lat' dir='ltr'>aquis.</span> <span class='ocrx_word' id='word_1_193' title='bbox 2060 5000 2258 5069; x_wconf 88' lang='lat' dir='ltr'>Con-</span> 
     </span>
     <span class='ocr_line' id='line_1_41' title="bbox 717 5106 2257 5197; baseline 0.004 -20"><span class='ocrx_word' id='word_1_194' title='bbox 717 5126 1059 5197; x_wconf 89' lang='lat' dir='ltr'>sequens</span> <span class='ocrx_word' id='word_1_195' title='bbox 1129 5106 1452 5178; x_wconf 85' lang='lat' dir='ltr'>falsum.</span> <span class='ocrx_word' id='word_1_196' title='bbox 1506 5110 1914 5182; x_wconf 85' lang='lat' dir='ltr'>Probatur</span> <span class='ocrx_word' id='word_1_197' title='bbox 1981 5132 2257 5183; x_wconf 90' lang='lat' dir='ltr'>conse-</span> 
     </span>
     <span class='ocr_line' id='line_1_42' title="bbox 719 5223 2256 5318; baseline 0.004 -23"><span class='ocrx_word' id='word_1_198' title='bbox 719 5223 1072 5317; x_wconf 89' lang='lat' dir='ltr'>quentia,</span> <span class='ocrx_word' id='word_1_199' title='bbox 1110 5224 1297 5315; x_wconf 90' lang='lat' dir='ltr'>quia</span> <span class='ocrx_word' id='word_1_200' title='bbox 1337 5225 1717 5297; x_wconf 85' lang='lat' dir='ltr'>continue</span> <span class='ocrx_word' id='word_1_201' title='bbox 1752 5247 1898 5318; x_wconf 87' lang='lat' dir='ltr'>per</span> <span class='ocrx_word' id='word_1_202' title='bbox 1937 5229 2256 5301; x_wconf 84' lang='lat' dir='ltr'>descen-</span> 
     </span>
     <span class='ocr_line' id='line_1_43' title="bbox 717 5341 2257 5433; baseline 0.001 -20"><span class='ocrx_word' id='word_1_203' title='bbox 717 5361 896 5413; x_wconf 91' lang='lat' dir='ltr'>sum</span> <span class='ocrx_word' id='word_1_204' title='bbox 939 5346 1186 5414; x_wconf 77' lang='lat' dir='ltr'>terrae</span> <span class='ocrx_word' id='word_1_205' title='bbox 1241 5360 1450 5433; x_wconf 90' lang='lat' dir='ltr'>aqua</span> <span class='ocrx_word' id='word_1_206' title='bbox 1516 5341 1605 5415; x_wconf 77' lang='lat' dir='ltr'>sit</span> <span class='ocrx_word' id='word_1_207' title='bbox 1665 5343 2065 5416; x_wconf 79' lang='lat' dir='ltr'>elevatior</span> <span class='ocrx_word' id='word_1_208' title='bbox 2136 5367 2257 5415; x_wconf 89' lang='lat' dir='ltr'>su-</span> 
     </span>
     <span class='ocr_line' id='line_1_44' title="bbox 714 5459 2255 5553; baseline 0.002 -23"><span class='ocrx_word' id='word_1_209' title='bbox 714 5480 865 5553; x_wconf 91' lang='lat' dir='ltr'>pra</span> <span class='ocrx_word' id='word_1_210' title='bbox 898 5463 1256 5540; x_wconf 87' lang='lat' dir='ltr'>terram;</span> <span class='ocrx_word' id='word_1_211' title='bbox 1306 5459 1561 5549; x_wconf 80' lang='lat' dir='ltr'>igitur</span> <span class='ocrx_word' id='word_1_212' title='bbox 1598 5480 1741 5552; x_wconf 89' lang='lat' dir='ltr'>per</span> <span class='ocrx_word' id='word_1_213' title='bbox 1782 5461 2029 5534; x_wconf 89' lang='lat' dir='ltr'>talem</span> <span class='ocrx_word' id='word_1_214' title='bbox 2073 5483 2255 5533; x_wconf 90' lang='lat' dir='ltr'>con-</span> 
     </span>
     <span class='ocr_line' id='line_1_45' title="bbox 716 5576 2256 5674; baseline -0.001 -21"><span class='ocrx_word' id='word_1_215' title='bbox 716 5576 1034 5653; x_wconf 88' lang='lat' dir='ltr'>tinuum</span> <span class='ocrx_word' id='word_1_216' title='bbox 1094 5576 1590 5658; x_wconf 87' lang='lat' dir='ltr'>descensum,</span> <span class='ocrx_word' id='word_1_217' title='bbox 1658 5578 1975 5653; x_wconf 83' lang='lat' dir='ltr'>tandem</span> <span class='ocrx_word' id='word_1_218' title='bbox 2047 5597 2256 5674; x_wconf 88' lang='lat' dir='ltr'>aqua</span> 
     </span>
    </p>
   </div>
   <div class='ocr_carea' id='block_1_3' title="bbox 404 4443 658 4558">
    <p class='ocr_par' dir='ltr' id='par_1_6' title="bbox 404 4443 658 4558">
     <span class='ocr_line' id='line_1_46' title="bbox 461 4443 604 4492; baseline -0.014 0"><span class='ocrx_word' id='word_1_219' title='bbox 461 4443 604 4492; x_wconf 77' lang='lat' dir='ltr'>Con-</span> 
     </span>
     <span class='ocr_line' id='line_1_47' title="bbox 404 4504 658 4558; baseline 0.008 -2"><span class='ocrx_word' id='word_1_220' title='bbox 404 4504 573 4556; x_wconf 72' lang='lat' dir='ltr'>clusio</span> <span class='ocrx_word' id='word_1_221' title='bbox 600 4505 632 4555; x_wconf 81' lang='lat'><strong><em>2</em></strong></span> <span class='ocrx_word' id='word_1_222' title='bbox 644 4543 658 4558; x_wconf 88' lang='lat'>.</span> 
     </span>
    </p>
   </div>
   <div class='ocr_carea' id='block_1_4' title="bbox 1832 400 2665 470">
    <p class='ocr_par' dir='ltr' id='par_1_7' title="bbox 1832 400 2665 470">
     <span class='ocr_line' id='line_1_48' title="bbox 1832 400 2665 470; baseline -0.004 -6"><span class='ocrx_word' id='word_1_223' title='bbox 1832 404 1989 465; x_wconf 70' lang='lat' dir='ltr'>Llss.</span> <span class='ocrx_word' id='word_1_224' title='bbox 2026 404 2070 465; x_wconf 90' lang='lat'>1.</span> <span class='ocrx_word' id='word_1_225' title='bbox 2117 400 2665 470; x_wconf 73' lang='lat' dir='ltr'><strong>METEORORUM</strong></span> 
     </span>
    </p>
   </div>
   <div class='ocr_carea' id='block_1_5' title="bbox 2351 559 4203 5674">
    <p class='ocr_par' dir='ltr' id='par_1_8' title="bbox 2351 559 4203 5674">
     <span class='ocr_line' id='line_1_49' title="bbox 2353 559 3895 654; baseline -0.001 -22"><span class='ocrx_word' id='word_1_226' title='bbox 2353 560 2661 654; x_wconf 86' lang='lat' dir='ltr'>poterit</span> <span class='ocrx_word' id='word_1_227' title='bbox 2721 559 3031 633; x_wconf 85' lang='lat' dir='ltr'>elevari</span> <span class='ocrx_word' id='word_1_228' title='bbox 3089 578 3342 652; x_wconf 87' lang='lat' dir='ltr'>supra</span> <span class='ocrx_word' id='word_1_229' title='bbox 3411 563 3669 633; x_wconf 83' lang='lat' dir='ltr'>totam</span> <span class='ocrx_word' id='word_1_230' title='bbox 3741 564 3895 634; x_wconf 89' lang='lat' dir='ltr'>ter-</span> 
     </span>
     <span class='ocr_line' id='line_1_50' title="bbox 2358 676 3899 770; baseline -0.001 -19"><span class='ocrx_word' id='word_1_231' title='bbox 2358 699 2561 751; x_wconf 86' lang='lat' dir='ltr'>ram.</span> <span class='ocrx_word' id='word_1_232' title='bbox 2600 679 2989 759; x_wconf 87' lang='lat' dir='ltr'>Secundo,</span> <span class='ocrx_word' id='word_1_233' title='bbox 3029 678 3219 769; x_wconf 88' lang='lat' dir='ltr'>quia</span> <span class='ocrx_word' id='word_1_234' title='bbox 3252 676 3512 750; x_wconf 87' lang='lat' dir='ltr'>multa</span> <span class='ocrx_word' id='word_1_235' title='bbox 3543 698 3899 770; x_wconf 87' lang='lat' dir='ltr'>corpora</span> 
     </span>
     <span class='ocr_line' id='line_1_51' title="bbox 2351 794 3901 887; baseline 0 -19"><span class='ocrx_word' id='word_1_236' title='bbox 2351 800 2628 879; x_wconf 58' lang='lat' dir='ltr'>terme,</span> <span class='ocrx_word' id='word_1_237' title='bbox 2667 796 2868 868; x_wconf 90' lang='lat' dir='ltr'>unde</span> <span class='ocrx_word' id='word_1_238' title='bbox 2902 794 3395 887; x_wconf 82' lang='lat' dir='ltr'>proveniunt</span> <span class='ocrx_word' id='word_1_239' title='bbox 3428 814 3683 886; x_wconf 82' lang='lat' dir='ltr'>aquae,</span> <span class='ocrx_word' id='word_1_240' title='bbox 3712 798 3901 868; x_wconf 88' lang='lat' dir='ltr'>sunt</span> 
     </span>
     <span class='ocr_line' id='line_1_52' title="bbox 2356 911 3902 1003; baseline -0.002 -18"><span class='ocrx_word' id='word_1_241' title='bbox 2356 912 2653 995; x_wconf 89' lang='lat' dir='ltr'>solida;</span> <span class='ocrx_word' id='word_1_242' title='bbox 2706 912 2964 1003; x_wconf 82' lang='lat' dir='ltr'>igitur</span> <span class='ocrx_word' id='word_1_243' title='bbox 2993 933 3091 984; x_wconf 82' lang='lat' dir='ltr'>ex</span> <span class='ocrx_word' id='word_1_244' title='bbox 3122 911 3239 983; x_wconf 89' lang='lat' dir='ltr'>eis</span> <span class='ocrx_word' id='word_1_245' title='bbox 3283 932 3442 983; x_wconf 89' lang='lat' dir='ltr'>non</span> <span class='ocrx_word' id='word_1_246' title='bbox 3482 911 3652 986; x_wconf 82' lang='lat' dir='ltr'>exit</span> <span class='ocrx_word' id='word_1_247' title='bbox 3695 931 3902 1003; x_wconf 85' lang='lat' dir='ltr'>aqua</span> 
     </span>
     <span class='ocr_line' id='line_1_53' title="bbox 2353 1027 3903 1123; baseline -0.001 -21"><span class='ocrx_word' id='word_1_248' title='bbox 2353 1050 2502 1123; x_wconf 91' lang='lat' dir='ltr'>per</span> <span class='ocrx_word' id='word_1_249' title='bbox 2543 1028 3246 1121; x_wconf 89' lang='lat' dir='ltr'>compressionem</span> <span class='ocrx_word' id='word_1_250' title='bbox 3299 1027 3650 1121; x_wconf 90' lang='lat' dir='ltr'>alicujus</span> <span class='ocrx_word' id='word_1_251' title='bbox 3723 1048 3903 1121; x_wconf 86' lang='lat' dir='ltr'>gra-</span> 
     </span>
     <span class='ocr_line' id='line_1_54' title="bbox 2354 1144 3903 1237; baseline -0.003 -17"><span class='ocrx_word' id='word_1_252' title='bbox 2354 1146 2640 1220; x_wconf 82' lang='lat' dir='ltr'>vioris.</span> <span class='ocrx_word' id='word_1_253' title='bbox 2717 1147 2964 1220; x_wconf 87' lang='lat' dir='ltr'>Tenet</span> <span class='ocrx_word' id='word_1_254' title='bbox 3032 1144 3638 1237; x_wconf 86' lang='lat' dir='ltr'>consequentia,</span> <span class='ocrx_word' id='word_1_255' title='bbox 3713 1145 3903 1237; x_wconf 87' lang='lat' dir='ltr'>quia</span> 
     </span>
     <span class='ocr_line' id='line_1_55' title="bbox 2356 1262 3903 1355; baseline -0.001 -20"><span class='ocrx_word' id='word_1_256' title='bbox 2356 1262 2866 1355; x_wconf 88' lang='lat' dir='ltr'>compressio</span> <span class='ocrx_word' id='word_1_257' title='bbox 2908 1262 3099 1336; x_wconf 89' lang='lat' dir='ltr'>talis</span> <span class='ocrx_word' id='word_1_258' title='bbox 3140 1283 3302 1334; x_wconf 90' lang='lat' dir='ltr'>non</span> <span class='ocrx_word' id='word_1_259' title='bbox 3331 1262 3423 1336; x_wconf 86' lang='lat' dir='ltr'>fit</span> <span class='ocrx_word' id='word_1_260' title='bbox 3454 1262 3613 1335; x_wconf 90' lang='lat' dir='ltr'>nisi</span> <span class='ocrx_word' id='word_1_261' title='bbox 3649 1263 3728 1334; x_wconf 93' lang='lat' dir='ltr'>in</span> <span class='ocrx_word' id='word_1_262' title='bbox 3748 1265 3903 1336; x_wconf 84' lang='lat' dir='ltr'>ter·</span> 
     </span>
     <span class='ocr_line' id='line_1_56' title="bbox 2359 1378 3905 1472; baseline 0 -22"><span class='ocrx_word' id='word_1_263' title='bbox 2359 1399 2454 1450; x_wconf 86' lang='lat' dir='ltr'>ra</span> <span class='ocrx_word' id='word_1_264' title='bbox 2495 1379 3027 1472; x_wconf 84' lang='lat' dir='ltr'>pulverizata,</span> <span class='ocrx_word' id='word_1_265' title='bbox 3076 1378 3249 1451; x_wconf 92' lang='lat' dir='ltr'>ideo</span> <span class='ocrx_word' id='word_1_266' title='bbox 3322 1379 3391 1451; x_wconf 92' lang='lat' dir='ltr'>si</span> <span class='ocrx_word' id='word_1_267' title='bbox 3450 1385 3684 1452; x_wconf 87' lang='lat' dir='ltr'>terra</span> <span class='ocrx_word' id='word_1_268' title='bbox 3728 1382 3905 1452; x_wconf 86' lang='lat' dir='ltr'>tota</span> 
     </span>
     <span class='ocr_line' id='line_1_57' title="bbox 2362 1493 3901 1588; baseline 0.001 -23"><span class='ocrx_word' id='word_1_269' title='bbox 2362 1494 3043 1588; x_wconf 83' lang='lat' dir='ltr'>pulverizaretur,</span> <span class='ocrx_word' id='word_1_270' title='bbox 3091 1495 3410 1569; x_wconf 83' lang='lat' dir='ltr'>tandem</span> <span class='ocrx_word' id='word_1_271' title='bbox 3458 1515 3604 1587; x_wconf 88' lang='lat' dir='ltr'>per</span> <span class='ocrx_word' id='word_1_272' title='bbox 3653 1493 3901 1567; x_wconf 88' lang='lat' dir='ltr'>talem</span> 
     </span>
     <span class='ocr_line' id='line_1_58' title="bbox 2361 1611 3907 1704; baseline -0.001 -20"><span class='ocrx_word' id='word_1_273' title='bbox 2361 1611 3164 1704; x_wconf 89' lang='lat' dir='ltr'>compressionem</span> <span class='ocrx_word' id='word_1_274' title='bbox 3250 1612 3907 1684; x_wconf 85' lang='lat' dir='ltr'>circumdaretur</span> 
     </span>
     <span class='ocr_line' id='line_1_59' title="bbox 2362 1729 3907 1822; baseline -0.001 -21"><span class='ocrx_word' id='word_1_275' title='bbox 2362 1749 2595 1822; x_wconf 89' lang='lat' dir='ltr'>aqua.</span> <span class='ocrx_word' id='word_1_276' title='bbox 2653 1732 2770 1801; x_wconf 83' lang='lat' dir='ltr'>Ex</span> <span class='ocrx_word' id='word_1_277' title='bbox 2805 1749 2961 1820; x_wconf 91' lang='lat' dir='ltr'>quo</span> <span class='ocrx_word' id='word_1_278' title='bbox 3001 1733 3226 1821; x_wconf 88' lang='lat' dir='ltr'>patet</span> <span class='ocrx_word' id='word_1_279' title='bbox 3260 1730 3467 1821; x_wconf 89' lang='lat' dir='ltr'>quod</span> <span class='ocrx_word' id='word_1_280' title='bbox 3517 1729 3907 1820; x_wconf 81' lang='lat' dir='ltr'>imagina-</span> 
     </span>
     <span class='ocr_line' id='line_1_60' title="bbox 2363 1844 3906 1937; baseline -0.002 -19"><span class='ocrx_word' id='word_1_281' title='bbox 2363 1844 2478 1918; x_wconf 88' lang='lat' dir='ltr'>tio</span> <span class='ocrx_word' id='word_1_282' title='bbox 2529 1848 2849 1917; x_wconf 71' lang='lat' dir='ltr'>Senecte</span> <span class='ocrx_word' id='word_1_283' title='bbox 2891 1865 3051 1916; x_wconf 92' lang='lat' dir='ltr'>non</span> <span class='ocrx_word' id='word_1_284' title='bbox 3085 1849 3211 1918; x_wconf 90' lang='lat' dir='ltr'>est</span> <span class='ocrx_word' id='word_1_285' title='bbox 3251 1864 3475 1926; x_wconf 84' lang='lat' dir='ltr'>vera,</span> <span class='ocrx_word' id='word_1_286' title='bbox 3514 1864 3671 1937; x_wconf 87' lang='lat' dir='ltr'>qua</span> <span class='ocrx_word' id='word_1_287' title='bbox 3714 1844 3906 1916; x_wconf 90' lang='lat' dir='ltr'>ima-</span> 
     </span>
     <span class='ocr_line' id='line_1_61' title="bbox 2364 1961 3906 2053; baseline -0.001 -19"><span class='ocrx_word' id='word_1_288' title='bbox 2364 1961 2698 2052; x_wconf 82' lang='lat' dir='ltr'>ginatur</span> <span class='ocrx_word' id='word_1_289' title='bbox 2740 1962 2949 2053; x_wconf 93' lang='lat' dir='ltr'>quod</span> <span class='ocrx_word' id='word_1_290' title='bbox 2995 1981 3139 2053; x_wconf 90' lang='lat' dir='ltr'>per</span> <span class='ocrx_word' id='word_1_291' title='bbox 3204 1961 3453 2034; x_wconf 86' lang='lat' dir='ltr'>talem</span> <span class='ocrx_word' id='word_1_292' title='bbox 3498 1981 3906 2053; x_wconf 88' lang='lat' dir='ltr'>compres-</span> 
     </span>
     <span class='ocr_line' id='line_1_62' title="bbox 2364 2077 3908 2170; baseline 0 -21"><span class='ocrx_word' id='word_1_293' title='bbox 2364 2077 2675 2149; x_wconf 90' lang='lat' dir='ltr'>sionem</span> <span class='ocrx_word' id='word_1_294' title='bbox 2711 2077 3074 2169; x_wconf 83' lang='lat' dir='ltr'>partium</span> <span class='ocrx_word' id='word_1_295' title='bbox 3133 2081 3380 2149; x_wconf 75' lang='lat' dir='ltr'>terrae</span> <span class='ocrx_word' id='word_1_296' title='bbox 3431 2077 3908 2170; x_wconf 85' lang='lat' dir='ltr'>quandoque</span> 
     </span>
     <span class='ocr_line' id='line_1_63' title="bbox 2361 2191 3906 2275; baseline 0.001 -10"><span class='ocrx_word' id='word_1_297' title='bbox 2361 2193 2498 2266; x_wconf 88' lang='lat' dir='ltr'>fiet</span> <span class='ocrx_word' id='word_1_298' title='bbox 2537 2191 2931 2266; x_wconf 87' lang='lat' dir='ltr'>diluvium</span> <span class='ocrx_word' id='word_1_299' title='bbox 2965 2192 3458 2275; x_wconf 84' lang='lat' dir='ltr'>universale,</span> <span class='ocrx_word' id='word_1_300' title='bbox 3533 2200 3613 2268; x_wconf 90' lang='lat' dir='ltr'>et</span> <span class='ocrx_word' id='word_1_301' title='bbox 3654 2195 3906 2267; x_wconf 90' lang='lat' dir='ltr'>etiam</span> 
     </span>
     <span class='ocr_line' id='line_1_64' title="bbox 2365 2310 3908 2404; baseline 0.003 -24"><span class='ocrx_word' id='word_1_302' title='bbox 2365 2310 2677 2402; x_wconf 87' lang='lat' dir='ltr'>quando</span> <span class='ocrx_word' id='word_1_303' title='bbox 2720 2329 2878 2381; x_wconf 91' lang='lat' dir='ltr'>non</span> <span class='ocrx_word' id='word_1_304' title='bbox 2912 2314 3377 2402; x_wconf 88' lang='lat' dir='ltr'>appareret,</span> <span class='ocrx_word' id='word_1_305' title='bbox 3416 2311 3617 2383; x_wconf 89' lang='lat' dir='ltr'>unde</span> <span class='ocrx_word' id='word_1_306' title='bbox 3645 2312 3908 2404; x_wconf 90' lang='lat' dir='ltr'>possit</span> 
     </span>
     <span class='ocr_line' id='line_1_65' title="bbox 2364 2426 4202 2526; baseline -0.001 -27"><span class='ocrx_word' id='word_1_307' title='bbox 2364 2430 2649 2519; x_wconf 90' lang='lat' dir='ltr'>postea</span> <span class='ocrx_word' id='word_1_308' title='bbox 2678 2426 3099 2499; x_wconf 88' lang='lat' dir='ltr'>desiccari.</span> <span class='ocrx_word' id='word_1_309' title='bbox 4201 2521 4202 2526; x_wconf 7' lang='grc' dir='ltr'><strong>Ἰ</strong></span> 
     </span>
     <span class='ocr_line' id='line_1_66' title="bbox 2451 2544 4115 2638; baseline 0.003 -23"><span class='ocrx_word' id='word_1_310' title='bbox 2451 2544 2730 2618; x_wconf 86' lang='lat' dir='ltr'>Tertia</span> <span class='ocrx_word' id='word_1_311' title='bbox 2762 2544 3179 2617; x_wconf 90' lang='lat' dir='ltr'>conclusio</span> <span class='ocrx_word' id='word_1_312' title='bbox 3223 2549 3372 2626; x_wconf 89' lang='lat' dir='ltr'>est,</span> <span class='ocrx_word' id='word_1_313' title='bbox 3424 2546 3629 2637; x_wconf 91' lang='lat' dir='ltr'>quod</span> <span class='ocrx_word' id='word_1_314' title='bbox 3695 2565 3908 2638; x_wconf 81' lang='lat' dir='ltr'>aqua</span> <span class='ocrx_word' id='word_1_315' title='bbox 4066 2559 4115 2610; x_wconf 85' lang='lat'>⁴·</span> 
     </span>
     <span class='ocr_line' id='line_1_67' title="bbox 2367 2660 3904 2757; baseline 0.002 -24"><span class='ocrx_word' id='word_1_316' title='bbox 2367 2660 2627 2753; x_wconf 88' lang='lat' dir='ltr'>possit</span> <span class='ocrx_word' id='word_1_317' title='bbox 2687 2662 3126 2735; x_wconf 89' lang='lat' dir='ltr'>ascendere</span> <span class='ocrx_word' id='word_1_318' title='bbox 3171 2663 3678 2737; x_wconf 87' lang='lat' dir='ltr'>naturaliter</span> <span class='ocrx_word' id='word_1_319' title='bbox 3756 2684 3904 2757; x_wconf 84' lang='lat' dir='ltr'>per</span> 
     </span>
     <span class='ocr_line' id='line_1_68' title="bbox 2365 2778 3906 2870; baseline 0.001 -21"><span class='ocrx_word' id='word_1_320' title='bbox 2365 2778 2716 2858; x_wconf 86' lang='lat' dir='ltr'>canales,</span> <span class='ocrx_word' id='word_1_321' title='bbox 2780 2782 2861 2851; x_wconf 90' lang='lat' dir='ltr'>et</span> <span class='ocrx_word' id='word_1_322' title='bbox 2930 2779 3399 2858; x_wconf 87' lang='lat' dir='ltr'>conductus,</span> <span class='ocrx_word' id='word_1_323' title='bbox 3481 2798 3738 2870; x_wconf 88' lang='lat' dir='ltr'>usque</span> <span class='ocrx_word' id='word_1_324' title='bbox 3810 2780 3906 2851; x_wconf 86' lang='lat' dir='ltr'>ad</span> 
     </span>
     <span class='ocr_line' id='line_1_69' title="bbox 2366 2891 3909 2986; baseline 0.002 -23"><span class='ocrx_word' id='word_1_325' title='bbox 2366 2891 2876 2966; x_wconf 87' lang='lat' dir='ltr'>altitudinem</span> <span class='ocrx_word' id='word_1_326' title='bbox 2909 2894 3304 2986; x_wconf 87' lang='lat' dir='ltr'>aequalem</span> <span class='ocrx_word' id='word_1_327' title='bbox 3338 2893 3795 2967; x_wconf 87' lang='lat' dir='ltr'>altitudinis</span> <span class='ocrx_word' id='word_1_328' title='bbox 3825 2895 3909 2966; x_wconf 91' lang='lat' dir='ltr'>il-</span> 
     </span>
     <span class='ocr_line' id='line_1_70' title="bbox 2368 3007 3913 3104; baseline 0.003 -26"><span class='ocrx_word' id='word_1_329' title='bbox 2368 3007 2524 3079; x_wconf 89' lang='lat' dir='ltr'>lius</span> <span class='ocrx_word' id='word_1_330' title='bbox 2555 3009 2739 3090; x_wconf 92' lang='lat' dir='ltr'>loci,</span> <span class='ocrx_word' id='word_1_331' title='bbox 2778 3010 2859 3082; x_wconf 92' lang='lat' dir='ltr'>in</span> <span class='ocrx_word' id='word_1_332' title='bbox 2893 3031 3048 3102; x_wconf 90' lang='lat' dir='ltr'>quo</span> <span class='ocrx_word' id='word_1_333' title='bbox 3090 3032 3300 3104; x_wconf 87' lang='lat' dir='ltr'>aqua</span> <span class='ocrx_word' id='word_1_334' title='bbox 3332 3011 3448 3084; x_wconf 89' lang='lat' dir='ltr'>sic</span> <span class='ocrx_word' id='word_1_335' title='bbox 3473 3015 3913 3087; x_wconf 88' lang='lat' dir='ltr'>ascendens</span> 
     </span>
     <span class='ocr_line' id='line_1_71' title="bbox 2370 3125 3911 3223; baseline 0.005 -29"><span class='ocrx_word' id='word_1_336' title='bbox 2370 3125 2942 3214; x_wconf 83' lang='lat' dir='ltr'>generabatur,</span> <span class='ocrx_word' id='word_1_337' title='bbox 3008 3127 3221 3201; x_wconf 89' lang='lat' dir='ltr'>istud</span> <span class='ocrx_word' id='word_1_338' title='bbox 3263 3132 3490 3221; x_wconf 88' lang='lat' dir='ltr'>patet</span> <span class='ocrx_word' id='word_1_339' title='bbox 3533 3128 3628 3202; x_wconf 85' lang='lat' dir='ltr'>ad</span> <span class='ocrx_word' id='word_1_340' title='bbox 3677 3150 3911 3223; x_wconf 87' lang='lat' dir='ltr'>expe-</span> 
     </span>
     <span class='ocr_line' id='line_1_72' title="bbox 2370 3241 3912 3339; baseline 0.005 -27"><span class='ocrx_word' id='word_1_341' title='bbox 2370 3241 2779 3316; x_wconf 86' lang='lat' dir='ltr'>rientiam.</span> <span class='ocrx_word' id='word_1_342' title='bbox 2819 3245 3026 3317; x_wconf 84' lang='lat' dir='ltr'>Nam</span> <span class='ocrx_word' id='word_1_343' title='bbox 3059 3244 3128 3317; x_wconf 91' lang='lat' dir='ltr'>si</span> <span class='ocrx_word' id='word_1_344' title='bbox 3156 3246 3467 3318; x_wconf 89' lang='lat' dir='ltr'>canalis</span> <span class='ocrx_word' id='word_1_345' title='bbox 3502 3267 3648 3339; x_wconf 92' lang='lat' dir='ltr'>per</span> <span class='ocrx_word' id='word_1_346' title='bbox 3672 3268 3912 3339; x_wconf 90' lang='lat' dir='ltr'>quem</span> 
     </span>
     <span class='ocr_line' id='line_1_73' title="bbox 2369 3356 3915 3453; baseline 0.003 -25"><span class='ocrx_word' id='word_1_347' title='bbox 2369 3356 2762 3432; x_wconf 87' lang='lat' dir='ltr'>discurrit</span> <span class='ocrx_word' id='word_1_348' title='bbox 2802 3378 3036 3450; x_wconf 89' lang='lat' dir='ltr'>aqua,</span> <span class='ocrx_word' id='word_1_349' title='bbox 3071 3360 3213 3434; x_wconf 88' lang='lat' dir='ltr'>fiat</span> <span class='ocrx_word' id='word_1_350' title='bbox 3244 3359 3496 3434; x_wconf 89' lang='lat' dir='ltr'>altior</span> <span class='ocrx_word' id='word_1_351' title='bbox 3545 3362 3722 3434; x_wconf 93' lang='lat' dir='ltr'>loco</span> <span class='ocrx_word' id='word_1_352' title='bbox 3785 3382 3915 3453; x_wconf 84' lang='lat' dir='ltr'>ge-</span> 
     </span>
     <span class='ocr_line' id='line_1_74' title="bbox 2371 3474 3918 3569; baseline 0.004 -23"><span class='ocrx_word' id='word_1_353' title='bbox 2371 3474 2828 3548; x_wconf 84' lang='lat' dir='ltr'>nerationis</span> <span class='ocrx_word' id='word_1_354' title='bbox 2872 3475 3094 3548; x_wconf 90' lang='lat' dir='ltr'>illius</span> <span class='ocrx_word' id='word_1_355' title='bbox 3142 3499 3395 3569; x_wconf 81' lang='lat' dir='ltr'>aquae,</span> <span class='ocrx_word' id='word_1_356' title='bbox 3443 3499 3606 3550; x_wconf 89' lang='lat' dir='ltr'>non</span> <span class='ocrx_word' id='word_1_357' title='bbox 3645 3480 3918 3553; x_wconf 82' lang='lat' dir='ltr'>exiret</span> 
     </span>
     <span class='ocr_line' id='line_1_75' title="bbox 2371 3592 3916 3686; baseline 0.004 -24"><span class='ocrx_word' id='word_1_358' title='bbox 2371 3592 2461 3663; x_wconf 91' lang='lat' dir='ltr'>de</span> <span class='ocrx_word' id='word_1_359' title='bbox 2504 3592 2796 3673; x_wconf 86' lang='lat' dir='ltr'>canali,</span> <span class='ocrx_word' id='word_1_360' title='bbox 2837 3594 2968 3664; x_wconf 89' lang='lat' dir='ltr'>sed</span> <span class='ocrx_word' id='word_1_361' title='bbox 3004 3595 3277 3686; x_wconf 90' lang='lat' dir='ltr'>potius</span> <span class='ocrx_word' id='word_1_362' title='bbox 3317 3594 3585 3669; x_wconf 80' lang='lat' dir='ltr'>exiret</span> <span class='ocrx_word' id='word_1_363' title='bbox 3619 3597 3712 3668; x_wconf 91' lang='lat' dir='ltr'>de</span> <span class='ocrx_word' id='word_1_364' title='bbox 3744 3596 3916 3668; x_wconf 86' lang='lat' dir='ltr'>fon-</span> 
     </span>
     <span class='ocr_line' id='line_1_76' title="bbox 2375 3710 3919 3805; baseline 0.002 -23"><span class='ocrx_word' id='word_1_365' title='bbox 2375 3714 2452 3783; x_wconf 92' lang='lat' dir='ltr'>te</span> <span class='ocrx_word' id='word_1_366' title='bbox 2532 3731 2695 3781; x_wconf 77' lang='lat' dir='ltr'>suae</span> <span class='ocrx_word' id='word_1_367' title='bbox 2757 3710 3130 3801; x_wconf 83' lang='lat' dir='ltr'>originis.</span> <span class='ocrx_word' id='word_1_368' title='bbox 3195 3715 3296 3786; x_wconf 89' lang='lat' dir='ltr'>Et</span> <span class='ocrx_word' id='word_1_369' title='bbox 3355 3733 3603 3785; x_wconf 88' lang='lat' dir='ltr'>causa</span> <span class='ocrx_word' id='word_1_370' title='bbox 3663 3734 3919 3805; x_wconf 85' lang='lat' dir='ltr'>quare</span> 
     </span>
     <span class='ocr_line' id='line_1_77' title="bbox 2376 3828 3918 3918; baseline 0.006 -21"><span class='ocrx_word' id='word_1_371' title='bbox 2376 3848 2631 3918; x_wconf 90' lang='lat' dir='ltr'>usque</span> <span class='ocrx_word' id='word_1_372' title='bbox 2664 3829 2758 3900; x_wconf 91' lang='lat' dir='ltr'>ad</span> <span class='ocrx_word' id='word_1_373' title='bbox 2794 3828 3025 3901; x_wconf 90' lang='lat' dir='ltr'>illum</span> <span class='ocrx_word' id='word_1_374' title='bbox 3059 3829 3326 3902; x_wconf 89' lang='lat' dir='ltr'>locum</span> <span class='ocrx_word' id='word_1_375' title='bbox 3361 3831 3750 3911; x_wconf 88' lang='lat' dir='ltr'>ascendit,</span> <span class='ocrx_word' id='word_1_376' title='bbox 3786 3837 3918 3906; x_wconf 87' lang='lat' dir='ltr'>est</span> 
     </span>
     <span class='ocr_line' id='line_1_78' title="bbox 2375 3945 3916 4041; baseline 0.005 -27"><span class='ocrx_word' id='word_1_377' title='bbox 2375 3945 2745 4034; x_wconf 78' lang='lat' dir='ltr'>gravitas</span> <span class='ocrx_word' id='word_1_378' title='bbox 2815 3947 3177 4039; x_wconf 87' lang='lat' dir='ltr'>partium</span> <span class='ocrx_word' id='word_1_379' title='bbox 3266 3968 3494 4041; x_wconf 84' lang='lat' dir='ltr'>aquae</span> <span class='ocrx_word' id='word_1_380' title='bbox 3563 3949 3916 4021; x_wconf 85' lang='lat' dir='ltr'>existen·</span> 
     </span>
     <span class='ocr_line' id='line_1_79' title="bbox 2375 4058 3915 4153; baseline 0.004 -23"><span class='ocrx_word' id='word_1_381' title='bbox 2375 4058 2581 4131; x_wconf 90' lang='lat' dir='ltr'>tium</span> <span class='ocrx_word' id='word_1_382' title='bbox 2655 4059 2734 4133; x_wconf 90' lang='lat' dir='ltr'>in</span> <span class='ocrx_word' id='word_1_383' title='bbox 2786 4082 2931 4133; x_wconf 91' lang='lat' dir='ltr'>sua</span> <span class='ocrx_word' id='word_1_384' title='bbox 2991 4063 3352 4153; x_wconf 81' lang='lat' dir='ltr'>regione.</span> <span class='ocrx_word' id='word_1_385' title='bbox 3418 4066 3538 4136; x_wconf 87' lang='lat' dir='ltr'>Ex</span> <span class='ocrx_word' id='word_1_386' title='bbox 3591 4065 3751 4139; x_wconf 89' lang='lat' dir='ltr'>isto</span> <span class='ocrx_word' id='word_1_387' title='bbox 3796 4086 3915 4136; x_wconf 90' lang='lat' dir='ltr'>se·</span> 
     </span>
     <span class='ocr_line' id='line_1_80' title="bbox 2377 4172 3916 4270; baseline 0.005 -27"><span class='ocrx_word' id='word_1_388' title='bbox 2377 4172 2658 4264; x_wconf 89' lang='lat' dir='ltr'>quitur</span> <span class='ocrx_word' id='word_1_389' title='bbox 2689 4177 2895 4267; x_wconf 89' lang='lat' dir='ltr'>quod</span> <span class='ocrx_word' id='word_1_390' title='bbox 2964 4179 3332 4269; x_wconf 80' lang='lat' dir='ltr'>quamvis</span> <span class='ocrx_word' id='word_1_391' title='bbox 3365 4197 3576 4270; x_wconf 88' lang='lat' dir='ltr'>aqua</span> <span class='ocrx_word' id='word_1_392' title='bbox 3617 4180 3776 4255; x_wconf 89' lang='lat' dir='ltr'>ista</span> <span class='ocrx_word' id='word_1_393' title='bbox 3806 4179 3916 4252; x_wconf 90' lang='lat' dir='ltr'>di-</span> 
     </span>
     <span class='ocr_line' id='line_1_81' title="bbox 2375 4293 3917 4387; baseline 0.004 -26"><span class='ocrx_word' id='word_1_394' title='bbox 2375 4294 2615 4364; x_wconf 87' lang='lat' dir='ltr'>catur</span> <span class='ocrx_word' id='word_1_395' title='bbox 2692 4293 3151 4374; x_wconf 87' lang='lat' dir='ltr'>ascendere,</span> <span class='ocrx_word' id='word_1_396' title='bbox 3234 4296 3569 4387; x_wconf 90' lang='lat' dir='ltr'>proprie</span> <span class='ocrx_word' id='word_1_397' title='bbox 3639 4300 3917 4369; x_wconf 87' lang='lat' dir='ltr'>tamen</span> 
     </span>
     <span class='ocr_line' id='line_1_82' title="bbox 2375 4410 3916 4504; baseline 0.005 -28"><span class='ocrx_word' id='word_1_398' title='bbox 2375 4425 2535 4476; x_wconf 92' lang='lat' dir='ltr'>non</span> <span class='ocrx_word' id='word_1_399' title='bbox 2569 4410 2694 4479; x_wconf 88' lang='lat' dir='ltr'>est</span> <span class='ocrx_word' id='word_1_400' title='bbox 2735 4426 3148 4489; x_wconf 89' lang='lat' dir='ltr'>ascensus,</span> <span class='ocrx_word' id='word_1_401' title='bbox 3206 4411 3340 4483; x_wconf 89' lang='lat' dir='ltr'>sed</span> <span class='ocrx_word' id='word_1_402' title='bbox 3392 4431 3719 4504; x_wconf 90' lang='lat' dir='ltr'>semper</span> <span class='ocrx_word' id='word_1_403' title='bbox 3788 4416 3916 4484; x_wconf 88' lang='lat' dir='ltr'>est</span> 
     </span>
     <span class='ocr_line' id='line_1_83' title="bbox 2377 4522 3919 4619; baseline 0.005 -28"><span class='ocrx_word' id='word_1_404' title='bbox 2377 4542 2424 4592; x_wconf 90' lang='lat' dir='ltr'>a</span> <span class='ocrx_word' id='word_1_405' title='bbox 2477 4522 2653 4594; x_wconf 93' lang='lat' dir='ltr'>loco</span> <span class='ocrx_word' id='word_1_406' title='bbox 2715 4522 3022 4596; x_wconf 85' lang='lat' dir='ltr'>altiori.</span> <span class='ocrx_word' id='word_1_407' title='bbox 3089 4527 3475 4608; x_wconf 87' lang='lat' dir='ltr'>Secundo,</span> <span class='ocrx_word' id='word_1_408' title='bbox 3542 4528 3919 4619; x_wconf 87' lang='lat' dir='ltr'>sequitur</span> 
     </span>
     <span class='ocr_line' id='line_1_84' title="bbox 2378 4639 3917 4737; baseline 0.006 -29"><span class='ocrx_word' id='word_1_409' title='bbox 2378 4640 2582 4730; x_wconf 90' lang='lat' dir='ltr'>quod</span> <span class='ocrx_word' id='word_1_410' title='bbox 2632 4639 2710 4711; x_wconf 91' lang='lat' dir='ltr'>in</span> <span class='ocrx_word' id='word_1_411' title='bbox 2779 4645 3010 4715; x_wconf 87' lang='lat' dir='ltr'>terra</span> <span class='ocrx_word' id='word_1_412' title='bbox 3071 4642 3310 4734; x_wconf 87' lang='lat' dir='ltr'>plana</span> <span class='ocrx_word' id='word_1_413' title='bbox 3354 4664 3513 4716; x_wconf 87' lang='lat' dir='ltr'>non</span> <span class='ocrx_word' id='word_1_414' title='bbox 3574 4650 3917 4737; x_wconf 88' lang='lat' dir='ltr'>possunt</span> 
     </span>
     <span class='ocr_line' id='line_1_85' title="bbox 2378 4740 3950 4852; baseline 0.003 -24"><span class='ocrx_word' id='word_1_415' title='bbox 2378 4757 2631 4829; x_wconf 87' lang='lat' dir='ltr'>statui</span> <span class='ocrx_word' id='word_1_416' title='bbox 2683 4756 2975 4839; x_wconf 77' lang='lat' dir='ltr'>fonteS,</span> <span class='ocrx_word' id='word_1_417' title='bbox 3026 4764 3274 4850; x_wconf 85' lang='lat' dir='ltr'>patet,</span> <span class='ocrx_word' id='word_1_418' title='bbox 3324 4761 3513 4852; x_wconf 87' lang='lat' dir='ltr'>quia</span> <span class='ocrx_word' id='word_1_419' title='bbox 3554 4766 3748 4836; x_wconf 87' lang='lat' dir='ltr'>tunc</span> <span class='ocrx_word' id='word_1_420' title='bbox 3800 4740 3950 4832; x_wconf 76' lang='lat' dir='ltr'>al-‘</span> 
     </span>
     <span class='ocr_line' id='line_1_86' title="bbox 2375 4873 3916 4967; baseline 0.003 -21"><span class='ocrx_word' id='word_1_421' title='bbox 2375 4874 2538 4946; x_wconf 88' lang='lat' dir='ltr'>tius</span> <span class='ocrx_word' id='word_1_422' title='bbox 2581 4873 3052 4947; x_wconf 84' lang='lat' dir='ltr'>ascenderet</span> <span class='ocrx_word' id='word_1_423' title='bbox 3116 4896 3348 4966; x_wconf 88' lang='lat' dir='ltr'>aqua,</span> <span class='ocrx_word' id='word_1_424' title='bbox 3415 4897 3657 4967; x_wconf 90' lang='lat' dir='ltr'>quam</span> <span class='ocrx_word' id='word_1_425' title='bbox 3699 4881 3916 4950; x_wconf 87' lang='lat' dir='ltr'>esset</span> 
     </span>
     <span class='ocr_line' id='line_1_87' title="bbox 2374 4990 3915 5079; baseline 0.001 -18"><span class='ocrx_word' id='word_1_426' title='bbox 2374 4990 2601 5063; x_wconf 91' lang='lat' dir='ltr'>locus</span> <span class='ocrx_word' id='word_1_427' title='bbox 2672 5011 2839 5062; x_wconf 76' lang='lat' dir='ltr'>suae</span> <span class='ocrx_word' id='word_1_428' title='bbox 2910 4993 3495 5079; x_wconf 73' lang='lat' dir='ltr'>generationis,</span> <span class='ocrx_word' id='word_1_429' title='bbox 3559 4997 3641 5067; x_wconf 87' lang='lat' dir='ltr'>ct</span> <span class='ocrx_word' id='word_1_430' title='bbox 3723 4992 3915 5064; x_wconf 90' lang='lat' dir='ltr'>illud</span> 
     </span>
     <span class='ocr_line' id='line_1_88' title="bbox 2375 5110 3915 5204; baseline 0.003 -25"><span class='ocrx_word' id='word_1_431' title='bbox 2375 5112 2598 5200; x_wconf 89' lang='lat' dir='ltr'>patet</span> <span class='ocrx_word' id='word_1_432' title='bbox 2641 5129 2787 5201; x_wconf 88' lang='lat' dir='ltr'>per</span> <span class='ocrx_word' id='word_1_433' title='bbox 2825 5110 3444 5200; x_wconf 82' lang='lat' dir='ltr'>experientiam,</span> <span class='ocrx_word' id='word_1_434' title='bbox 3484 5112 3672 5204; x_wconf 89' lang='lat' dir='ltr'>quia</span> <span class='ocrx_word' id='word_1_435' title='bbox 3714 5133 3915 5183; x_wconf 90' lang='lat' dir='ltr'>sem-</span> 
     </span>
     <span class='ocr_line' id='line_1_89' title="bbox 2373 5225 3905 5319; baseline 0.001 -24"><span class='ocrx_word' id='word_1_436' title='bbox 2373 5246 2519 5318; x_wconf 86' lang='grc' dir='ltr'>ρον</span> <span class='ocrx_word' id='word_1_437' title='bbox 2579 5225 2844 5298; x_wconf 87' lang='lat' dir='ltr'>fontes</span> <span class='ocrx_word' id='word_1_438' title='bbox 2889 5230 3077 5298; x_wconf 91' lang='lat' dir='ltr'>sunt</span> <span class='ocrx_word' id='word_1_439' title='bbox 3124 5227 3267 5298; x_wconf 90' lang='lat' dir='ltr'>sub</span> <span class='ocrx_word' id='word_1_440' title='bbox 3298 5228 3572 5319; x_wconf 86' lang='lat' dir='ltr'>aliquo</span> <span class='ocrx_word' id='word_1_441' title='bbox 3608 5233 3905 5301; x_wconf 89' lang='lat' dir='ltr'>monte.</span> 
     </span>
     <span class='ocr_line' id='line_1_90' title="bbox 2462 5340 4202 5473; baseline 0.003 -61"><span class='ocrx_word' id='word_1_442' title='bbox 2462 5344 2562 5413; x_wconf 87' lang='lat' dir='ltr'>Et</span> <span class='ocrx_word' id='word_1_443' title='bbox 2596 5340 2661 5411; x_wconf 88' lang='lat' dir='ltr'>si</span> <span class='ocrx_word' id='word_1_444' title='bbox 2700 5341 3139 5433; x_wconf 86' lang='lat' dir='ltr'>objiciatur</span> <span class='ocrx_word' id='word_1_445' title='bbox 3176 5343 3465 5434; x_wconf 87' lang='lat' dir='ltr'>prime,</span> <span class='ocrx_word' id='word_1_446' title='bbox 3523 5345 3728 5435; x_wconf 90' lang='lat' dir='ltr'>quod</span> <span class='ocrx_word' id='word_1_447' title='bbox 3768 5343 3908 5415; x_wconf 85' lang='lat' dir='ltr'>ali·</span> <span class='ocrx_word' id='word_1_448' title='bbox 3944 5346 4202 5473; x_wconf 43' lang='lat' dir='ltr'>weg-io,</span> 
     </span>
     <span class='ocr_line' id='line_1_91' title="bbox 2371 5456 3908 5532; baseline 0.001 -4"><span class='ocrx_word' id='word_1_449' title='bbox 2371 5456 2551 5528; x_wconf 89' lang='lat' dir='ltr'>cubi</span> <span class='ocrx_word' id='word_1_450' title='bbox 2582 5456 2960 5529; x_wconf 86' lang='lat' dir='ltr'>videntur</span> <span class='ocrx_word' id='word_1_451' title='bbox 2998 5457 3264 5531; x_wconf 85' lang='lat' dir='ltr'>fontes</span> <span class='ocrx_word' id='word_1_452' title='bbox 3327 5459 3406 5531; x_wconf 92' lang='lat' dir='ltr'>in</span> <span class='ocrx_word' id='word_1_453' title='bbox 3473 5458 3908 5532; x_wconf 84' lang='lat' dir='ltr'>cacumini-</span> 
     </span>
     <span class='ocr_line' id='line_1_92' title="bbox 2369 5570 4203 5674; baseline -0.004 -25"><span class='ocrx_word' id='word_1_454' title='bbox 2369 5573 2514 5649; x_wconf 87' lang='lat' dir='ltr'>bus</span> <span class='ocrx_word' id='word_1_455' title='bbox 2560 5572 2983 5653; x_wconf 86' lang='lat' dir='ltr'>montium.</span> <span class='ocrx_word' id='word_1_456' title='bbox 3023 5576 3408 5659; x_wconf 84' lang='lat' dir='ltr'>Secunde,</span> <span class='ocrx_word' id='word_1_457' title='bbox 3437 5576 3628 5674; x_wconf 89' lang='lat' dir='ltr'>quia</span> <span class='ocrx_word' id='word_1_458' title='bbox 3661 5576 3737 5653; x_wconf 92' lang='lat' dir='ltr'>in</span> <span class='ocrx_word' id='word_1_459' title='bbox 3764 5575 3906 5653; x_wconf 87' lang='lat' dir='ltr'>ali·</span> <span class='ocrx_word' id='word_1_460' title='bbox 3957 5570 4203 5641; x_wconf 59' lang='lat' dir='ltr'>Sffl‘vfflsss</span> 
     </span>
    </p>
   </div>
   <div class='ocr_carea' id='block_1_6' title="bbox 3972 2645 4192 2735">
    <p class='ocr_par' dir='ltr' id='par_1_9' title="bbox 3972 2645 4192 2735">
     <span class='ocr_line' id='line_1_93' title="bbox 3972 2645 4192 2735; baseline 0.005 -1"><span class='ocrx_word' id='word_1_461' title='bbox 3972 2645 4192 2735; x_wconf 50' lang='lat' dir='ltr'>clusio-3.</span> 
     </span>
    </p>
   </div>
  </div>
 </body>
</html>
