4252 6393
1736 466 2100 544 QUAEs'rlo
2148 466 2250 529 Vll

407 648 551 722 per·
600 627 868 721 ipsum
924 629 990 701 7.
1042 650 1243 718 super
1294 630 1602 710 Genesin,
1668 649 1818 717 cap.
1879 631 1946 701 5.

406 745 535 818 ubi
587 764 1048 839 supponens
1078 743 1437 818 animam
1459 742 1758 818 habere
1792 764 1951 817 ma·

403 863 729 946 teriam,
762 862 1248 955 disputando
1305 865 1584 935 utrum
1618 860 1763 934 illa
1788 881 1950 934 ma-

402 978 616 1054 teria
657 978 952 1052 animae
997 977 1501 1051 creationem
1547 979 1949 1072 praecedat

400 1099 798 1189 tempore,
870 1097 1207 1189 loquens
1264 1095 1356 1168 de
1411 1095 1590 1189 ipsa
1646 1096 1944 1179 anima,

404 1211 520 1286 ait
554 1235 570 1281 :
604 1215 736 1294 An,
777 1211 1220 1304 inquam,si
1262 1236 1348 1280 ea:
1395 1215 1628 1301 aliqua
1664 1236 1763 1296 re,
1807 1236 1952 1303 quce

390 1333 541 1418 jam
576 1329 661 1396 ab
700 1329 823 1395 illo
860 1329 1313 1417 spiritualiter
1359 1330 1544 1414 facta
1606 1340 1773 1409 erat,
1834 1329 1950 1396 sed

399 1447 634 1514 anima
662 1446 963 1514 nondum
999 1458 1165 1528 erat,
1203 1447 1440 1515 merito
1470 1448 1685 1533 quaeri
1710 1457 1943 1534 potest.

405 1565 672 1644 Quare
714 1559 931 1635 infra
979 1582 1046 1633 c.
1091 1562 1158 1634 6.
1212 1563 1293 1630 Si
1329 1564 1655 1652 quiddam
1693 1565 1948 1632 incom-

403 1680 722 1747 mutabile
773 1690 937 1748 esset
994 1681 1250 1762 anima,
1308 1681 1497 1747 nullo
1554 1679 1749 1747 modo
1808 1684 1951 1768 ejus

402 1797 594 1885 quasi
620 1797 977 1864 materiam
1005 1818 1300 1885 quoerere
1320 1796 1720 1864 deberemus,
1759 1796 1950 1863 Nunc

402 1926 625 1983 autem
653 1915 1065 1983 mutabilitas
1112 1918 1255 2004 ejus
1291 1917 1458 1983 satis
1496 1915 1761 1982 indicat
1804 1937 1949 1982 eam

404 2033 676 2099 interim
740 2032 928 2098 vitiis
982 2043 1177 2121 atque
1221 2033 1524 2117 fallaciis
1580 2030 1950 2118 deformem

402 2148 624 2229 reddi,
666 2148 963 2232 formari
1008 2158 1227 2215 autem
1295 2147 1652 2215 virtutibus
1696 2149 1948 2215 verita·-

402 2267 614 2354 tisque
648 2264 982 2333 doctrina.
1040 2264 1140 2336 Et
1186 2265 1369 2357 post
1435 2282 1695 2356 pauca
1759 2288 1772 2331 :
1835 2267 1949 2332 Sic

400 2386 691 2470 sortasse
736 2382 957 2471 potuit
1013 2384 1246 2450 anima
1301 2382 1543 2450 habere
1596 2385 1950 2450 materiam

397 2520 529 2588 pro
572 2520 694 2566 suo
738 2520 978 2586 qenere
1025 2499 1471 2586 spiritualem.
1544 2496 1643 2568 Et
1702 2495 1944 2582 infra,

405 2617 502 2682 De
537 2613 890 2703 spirituali
917 2615 1126 2701 iqitur
1157 2615 1443 2680 materia
1482 2615 1713 2680 anima
1761 2615 1948 2699 facta

399 2731 872 2819 congruentius
899 2729 1220 2798 ereditur.

498 2853 760 2949 Hujus
831 2853 1237 2946 opinionis
1304 2854 1629 2927 videtur
1699 2853 1948 2926 fuisse

401 2973 1024 3047 commentator
1084 2990 1331 3064 super
1394 2972 1462 3043 2.
1534 2973 1616 3040 de
1675 2975 1945 3040 Anima.

412 3092 659 3172 Tertia,
726 3087 1013 3180 inquit,
1091 3091 1366 3178 qaeestio
1431 3100 1547 3170 est,
1627 3090 1951 3177 quomodo

401 3207 779 3274 intellectus
817 3206 1197 3274 materialis
1255 3216 1349 3272 est
1397 3203 1673 3294 aliquod
1693 3227 1828 3284 ens,
1893 3217 1955 3272 et

401 3344 541 3390 non
594 3335 690 3391 est
742 3324 976 3412 aliqua
1032 3324 1259 3407 forma
1306 3322 1787 3402 materialium,
1833 3344 1952 3389 nec

402 3443 631 3531 prim
682 3439 1019 3509 mter-ia?
1088 3438 1186 3510 Et
1259 3434 1543 3509 statim
1604 3435 1757 3508 hoc
1802 3434 1943 3517 ait,

409 3558 698 3637 Qua-stio
754 3558 853 3623 ita
913 3555 1340 3635 dissolvitur,·
1398 3554 1951 3643 quemadmodum

402 3696 596 3743 omne
639 3674 949 3741 sensibile
986 3672 1323 3739 dividitur
1366 3673 1442 3737 in
1490 3674 1844 3739 materiam
1892 3682 1952 3738 et

403 3795 719 3879 formam,
788 3790 886 3856 sic
949 3788 1380 3876 intelliqibile
1435 3790 1640 3854 etiam
1695 3800 1953 3876 oportet

402 3908 629 3976 dividi
670 3909 744 3973 in
791 3907 1173 3973 consimilia
1228 3908 1315 3972 iis
1365 3904 1639 3984 duobus,
1701 3906 1953 3972 scilicet

403 4029 481 4094 in
524 4024 798 4113 aliquod
851 4023 1075 4090 simile
1124 4024 1387 4107 sormoe,
1444 4033 1504 4088 et
1563 4023 1637 4088 in
1677 4022 1953 4110 aliquod

401 4144 625 4211 simile
654 4141 991 4221 materioe,·
1041 4151 1101 4207 et
1144 4141 1266 4207 hoc
1303 4160 1562 4206 necesse
1592 4150 1684 4205 est
1716 4140 1791 4205 in
1822 4160 1955 4205 om-

400 4262 483 4329 ni
519 4260 851 4328 abstracta
899 4256 1374 4346 intelliqentia,
1429 4277 1575 4343 quse
1630 4257 1955 4344 incetti9it

403 4376 622 4459 aliud,
683 4375 953 4443 etiamsi
1016 4394 1154 4441 non
1219 4383 1381 4440 esset
1446 4373 1805 4440 multitudo
1882 4374 1955 4438 in

406 4496 648 4581 formis
687 4492 1064 4561 abstractis.

502 4610 719 4682 Idem
749 4606 1372 4682 commentator
1406 4624 1654 4697 super
1701 4606 1769 4677 8.
1820 4606 1954 4673 Me-

409 4730 675 4819 taphys.
717 4735 1060 4794 comment.
1111 4724 1219 4795 12.
1274 4722 1568 4796 recitat
1601 4722 1955 4794 Themis-

408 4844 614 4916 tium
661 4839 989 4921 dixisse,
1050 4840 1255 4933 quod
1316 4840 1477 4919 Sol,
1551 4841 1629 4912 et
1700 4840 1950 4922 Luna,

413 4962 487 5033 et
565 4958 851 5040 stellae,
936 4960 1079 5032 aut
1158 4958 1345 5029 sunt
1421 4955 1709 5029 formae
1783 4957 1956 5030 sine

416 5074 811 5159 materiiS,
909 5077 1049 5148 aut
1142 5072 1440 5146 habent
1522 5073 1955 5147 materiam

416 5214 557 5287 per
582 5189 1343 5286 aequivocationem,
1391 5188 1601 5263 sicut
1643 5194 1768 5264 est
1808 5191 1960 5264 dis·

420 5311 717 5404 positio
750 5309 833 5383 in
867 5307 1219 5383 materia
1260 5304 1751 5381 intellectus.

503 5429 765 5523 Hujus
855 5425 1261 5520 opinionis
1348 5394 1501 5498 fui't
1578 5446 1962 5519 expresse

424 5547 620 5637 quod
660 5544 1021 5618 animam
1054 5546 1133 5616 et
1167 5543 1565 5635 Angelum
1602 5543 1958 5626 Boetius,

432 5668 501 5733 in
530 5666 643 5735 lib.
687 5667 770 5734 de
816 5664 1085 5732 Unitate
1123 5675 1184 5731 et
1228 5664 1371 5733 Uno
1412 5686 1562 5753 cap.
1608 5666 1675 5735 ²2.
1728 5666 1958 5746 Aliud,

3485 466 3602 530 359

2064 626 2237 719 (ait)
2283 640 2377 697 est
2425 631 2724 697 essentiae
2776 628 3216 718 simplicitate
3263 649 3493 709 unum,
3540 640 3613 696 ut

2065 747 2238 812 Deus
2259 771 2285 827 ,·
2343 746 2535 813 aliud
2597 747 3169 835 simplicissimum
3236 747 3615 832 coquitione

2062 884 2292 942 unum,
2395 874 2467 930 ut
2533 864 2825 952 Anqelus
2878 874 2938 930 et
3003 866 3257 944 anima,
3334 885 3613 951 quorum

2063 981 2571 1070 unumquodque
2608 994 2700 1049 est
2730 1003 2936 1049 unum
2964 983 3431 1070 conjunctione
3475 1003 3610 1049 ma·

2064 1101 2252 1166 terioe
2288 1110 2349 1166 et
2401 1101 2663 1185 formce.
2722 1100 2820 1171 Et
2879 1097 3104 1191 ponit
3158 1097 3266 1170 ibi
3317 1096 3608 1178 Simile,

2065 1215 2464 1307 quomodo
2533 1214 2801 1287 forma
2874 1215 3141 1308 primo
3223 1213 3613 1287 informat

2065 1330 2501 1403 materiam
2553 1331 2882 1404 omnino
2935 1331 3477 1424 spiritualem,
3526 1333 3612 1402 ut

2064 1445 2147 1518 in
2209 1447 2579 1538 Angelo:
2637 1448 2985 1520 secundo
3049 1448 3314 1520 minus
3376 1446 3612 1540 spiri-

2063 1559 2396 1640 tualem,
2445 1563 2531 1632 ut
2582 1559 2664 1631 in
2702 1559 3010 1642 anima;
3064 1558 3314 1632 tertio
3361 1560 3612 1634 omni-

2061 1695 2165 1747 no
2216 1675 2762 1770 corporalem,
2818 1680 2902 1749 ut
2957 1675 3037 1748 in
3090 1676 3604 1769 corporibus,

2063 1792 2274 1866 sicut
2312 1793 2583 1867 radius
2625 1794 3038 1867 transiens
3090 1814 3236 1887 per
3273 1796 3446 1867 tres
3490 1795 3609 1866 vi-

2060 1913 2286 1984 treas
2344 1911 2748 1985 fenestras
2803 1936 2817 1981 :
2867 1913 2948 1985 in
2989 1912 3258 2006 prima
3286 1911 3608 1988 videtur

2062 2048 2270 2121 pura
2303 2028 2467 2112 lux,
2524 2030 2603 2101 in
2653 2031 3000 2103 secunda
3048 2049 3210 2102 non
3254 2032 3601 2113 tantum,

2063 2144 2145 2217 in
2228 2145 2478 2219 tertia
2576 2167 2893 2239 parum.
2986 2145 3219 2220 Aliud
3312 2146 3602 2229 simile,

2062 2281 2273 2355 aqua
2343 2284 2518 2355 quae
2599 2264 2929 2338 omnino
3006 2264 3237 2336 clara
3314 2266 3439 2337 est
3526 2262 3607 2336 in

2063 2381 2311 2462 fonte,
2360 2381 2625 2453 minus
2667 2381 2898 2453 clara
2955 2383 3077 2454 est
3132 2381 3213 2453 in
3273 2380 3478 2463 rivo,
3525 2382 3605 2453 et

2064 2498 2410 2572 obscura
2443 2497 2523 2569 in
2565 2498 2875 2591 palude.

2179 2621 2439 2715 Hujus
2517 2622 2949 2716 positionis
3025 2622 3347 2696 videtur
3428 2642 3607 2695 esse
3632 2651 3956 2722 namasoen.

2060 2740 2619 2813 Damascenus
2679 2741 2794 2808 lib.
2856 2743 2923 2813 Ξ.
2980 2763 3256 2809 suarum
3323 2744 3604 2811 Senten-
3630 2712 3952 2842 flggdgssgfg‘,

2064 2859 2345 2937 tiaram,
2425 2855 2734 2939 dicens»,
2805 2859 3098 2947 Anqelus
3173 2859 3607 2945 incorporeus

2062 2985 2122 3040 et
2152 2976 2622 3041 immaterialis
2659 2974 2937 3054 dicitur,
2981 2986 3304 3063 quantum
3341 2974 3433 3041 ad
3461 2996 3604 3055 nos,

2060 3110 2254 3158 omne
2310 3103 2530 3158 autem
2569 3103 3026 3179 comparatum
3081 3090 3171 3157 ad
3213 3093 3446 3170 Deum,
3497 3093 3613 3179 qui

2060 3208 2241 3275 solus
2283 3209 2755 3275 immaterialis
2794 3219 2907 3288 est,
2953 3228 3252 3295 qrossum
3300 3217 3363 3274 et
3409 3217 3612 3273 mate-

2060 3322 2238 3390 riale
2286 3323 2651 3389 invertitur.
2715 3318 2975 3412 Hujus
3038 3318 3444 3411 opinionis
3502 3318 3612 3391 vi-

2061 3436 2298 3508 detur
2339 3437 2959 3509 commentator
3002 3433 3277 3516 fuisse,
3325 3433 3458 3525 qui
3505 3432 3611 3506 di·

2063 3552 2176 3626 cit
2221 3570 2467 3642 super
2517 3550 2870 3643 Metaph.
2932 3553 3151 3619 Causa
3187 3552 3499 3639 potentia»
3537 3551 3612 3616 in

2061 3672 2276 3748 rebus,
2341 3671 2414 3735 in
2468 3669 2701 3757 quibus
2760 3681 2854 3736 est
2897 3670 3220 3755 potentia,
3276 3677 3369 3734 est
3407 3677 3610 3732 mate-

2062 3788 2197 3852 ria.
2245 3782 2506 3876 Hujus
2553 3782 2959 3877 opinionis
2992 3782 3314 3855 videtur
3356 3780 3612 3854 Rabbi

2066 3902 2419 3993 Moyses,
2468 3900 2603 3992 qui
2633 3899 2827 3974 dicit
2872 3900 2953 3974 in
2995 3899 3130 3973 lib.
3170 3898 3304 3992 qui
3338 3898 3611 3973 intitu-

2065 4019 2322 4100 latum
2378 4020 2492 4090 De
2544 4017 2963 4092 benedicto
3013 4018 3182 4091 Deo
3218 4020 3422 4087 :Esse
3468 4015 3614 4107 (in-

2065 4135 2266 4231 quit)
2319 4138 2493 4227 quod
2559 4149 2651 4205 est
2710 4140 2784 4206 in
2839 4138 3142 4226 potentia
3189 4135 3282 4204 ad
3319 4136 3605 4223 aliquid,

2064 4258 2436 4323 necessario
2477 4255 2669 4323 habet
2707 4257 3086 4335 materiam,
3145 4255 3461 4342 quoniam
3495 4277 3610 4343 po-

2067 4375 2275 4439 tentia
2311 4384 2405 4439 est
2437 4375 2512 4438 in
2541 4374 2851 4439 materia.

2157 4497 2299 4566 Est
2378 4496 2652 4566 autem
2721 4493 3330 4575 advertendum,
3405 4494 3609 4586 quod
3752 4526 3834 4578 ῃ,

2069 4610 2548 4683 substantiae
2652 4610 3126 4704 spirituales
3229 4608 3610 4684 dicuntur
3694 4594 3899 4708 ἓξὲξ.

2068 4727 2499 4821 aliquando
2558 4747 2719 4799 non
2787 4726 3085 4800 habere
3130 4727 3606 4809 materiam;
3644 4720 3961 4844 ,35³2ssssss

2066 4848 2244 4917 tum
2289 4845 2476 4937 quia
2524 4865 2810 4918 earum
2864 4844 3214 4918 materia
3276 4864 3439 4918 non
3489 4846 3612 4917 est
3644 4845 3960 4957 ‘²⁴5¹,ffg'er'20n

2070 4961 2365 5035 similis
2428 4961 2795 5034 materiae
2836 4961 3278 5054 corporali,
3344 4984 3518 5054 quae
3569 4968 3953 5035 ama-teriam·

2072 5077 2587 5172 Philosophis
2651 5078 3001 5151 materia
3068 5080 3618 5153 communiter

2072 5196 2586 5290 appellatur;
2695 5199 2895 5278 tum,
2971 5195 3182 5288 quia,
3257 5199 3346 5270 ut
3422 5196 3615 5269 dicit

2074 5311 2406 5387 Boetius
2447 5312 2539 5384 de
2578 5312 2915 5387 Unitate
2971 5316 3052 5387 et
3101 5312 3303 5395 Uno,
3367 5316 3448 5387 et
3497 5313 3617 5385 de-

2074 5433 2484 5504 claratum
2525 5434 2648 5503 est
2692 5434 2799 5503 11.
2848 5430 3394 5512 conclusione,
3460 5430 3619 5504 for-

2079 5569 2211 5623 ma
2282 5547 2741 5641 spiritualis
2810 5552 3153 5642 propter
3203 5568 3435 5621 suam
3496 5569 3618 5622 ac-

2074 5666 2542 5741 tualitatem
2634 5666 2917 5739 unitur
3002 5665 3251 5739 etiam
3338 5666 3622 5741 intime
