4252 6393
70 929 145 976 Pin
151 944 193 973 es
215 942 330 991 qra-

64 1006 189 1039 cmm.

156 3627 178 3673 ὁ

134 3717 251 3764 Γρη-

104 3777 236 3826 clusio
254 3781 299 3831 ί.

76 3899 82 3908 ⁶
117 3839 238 3902 Iym's
261 3849 330 3890 est

67 3915 109 3947 w
131 3917 326 3954 concavo

69 3964 209 4014 [θυαε.

1681 385 2044 463 QUAEs'rio
2095 383 2196 444 vn
3474 379 3544 439 31

362 558 675 637 rabilia,
718 560 800 629 et
847 551 1422 646 corruptibilia
1471 554 1596 622 est
1650 545 1911 637 magis

361 673 710 747 calidum
763 676 845 745 et
922 670 1119 751 leve,
1168 665 1431 758 magis
1506 680 1789 735 rarum
1830 663 1911 734 et

362 789 886 883 diaphanum.

447 907 750 989 Tertio,
803 902 1461 999 praemittendum
1515 900 1641 970 est
1688 894 1780 967 de
1828 893 1909 965 fi-

358 1026 587 1097 nibus
658 1022 1064 1116 gravium,
1136 1024 1216 1092 et
1283 1015 1626 1096 levium;
1708 1010 1911 1082 unde

359 1141 753 1236 quoddam
802 1138 1296 1211 elementum
1339 1132 1602 1225 magis
1645 1148 1909 1202 move-

360 1266 499 1334 tur
528 1257 919 1338 finaliter,
957 1257 1047 1328 ut
1077 1252 1636 1346 conjungatur
1668 1244 1909 1322 totali

356 1377 786 1455 elemento,
849 1372 1083 1466 cujus
1156 1370 1420 1463 ipsum
1490 1369 1615 1440 est
1683 1384 1901 1457 pars,

356 1512 597 1585 quam
642 1496 729 1565 ut
782 1487 1120 1584 proprie
1179 1486 1288 1560 sit
1348 1485 1429 1558 in
1488 1482 1639 1558 tali
1699 1481 1901 1559 loco,

353 1610 480 1682 vel
538 1608 687 1682 tali
756 1634 770 1677 :
834 1605 1064 1679 verbi
1132 1602 1434 1697 gratia,
1498 1597 1906 1693 particula

354 1728 630 1804 terrae,
676 1721 802 1794 vel
861 1739 1092 1811 aquae
1152 1718 1516 1790 existens
1575 1733 1903 1785 sursum

353 1840 628 1931 potius
696 1836 1127 1918 descendit,
1203 1833 1297 1906 si·
1340 1832 1448 1906 sit
1516 1850 1749 1923 aqua,
1816 1832 1903 1902 ut

349 1958 910 2051 conjungatur
978 1974 1250 2046 aquae;
1326 1952 1395 2025 si
1466 1951 1577 2024 sit
1644 1953 1898 2028 terra,

350 2083 629 2156 terrae,
683 2091 925 2166 quam
989 2069 1327 2164 proprie
1376 2087 1555 2142 esse
1616 2065 1695 2138 in
1756 2063 1905 2138 tali

350 2196 561 2273 loco,
633 2191 763 2263 vel
833 2189 1005 2270 tali,
1069 2187 1305 2281 cujus
1366 2186 1690 2277 signum
1749 2185 1899 2260 est,

351 2311 563 2404 quod
626 2329 813 2383 cum
875 2306 1288 2401 particula
1347 2325 1495 2378 suo
1554 2301 1711 2377 toti
1780 2303 1904 2372 est

345 2428 816 2521 conjuncta,
854 2425 1225 2519 quamvis
1269 2428 1504 2498 actus
1551 2417 1905 2513 gravita-

348 2553 518 2619 tem
563 2545 826 2628 habet,
877 2564 1039 2616 non
1089 2548 1365 2617 tamen
1409 2540 1649 2613 habet
1695 2544 1907 2613 trac·

347 2668 527 2736 tum
590 2661 1061 2752 gravitatis,
1134 2665 1218 2733 et
1277 2659 1450 2731 ideo
1505 2658 1901 2733 elementa

346 2800 517 2852 non
576 2781 767 2851 sunt
808 2777 1100 2869 gravia
1156 2776 1235 2848 in
1297 2776 1467 2847 suis
1531 2776 1902 2869 sphaeriS,

344 2897 479 2967 vel
517 2894 722 2967 locis
766 2893 1156 2987 propriis.

436 3013 675 3087 Alius
705 3012 892 3084 finis
924 3014 1197 3105 potest
1231 3016 1435 3093 esse,
1486 3011 1674 3103 quia
1709 3032 1908 3083 sem-

348 3150 503 3223 per
570 3129 1064 3204 elementum
1127 3127 1464 3221 gravius
1535 3131 1911 3201 movetur

350 3254 443 3322 ut
482 3247 752 3321 subsit
784 3245 1104 3330 leviori,
1152 3246 1366 3320 sicut
1412 3251 1642 3321 terra
1682 3250 1908 3318 natu-

348 3363 654 3438 raliter
689 3368 1089 3446 movetur,
1126 3368 1215 3436 ut
1248 3363 1507 3437 subsit
1540 3383 1793 3455 aquae,
1831 3366 1910 3433 et

348 3501 500 3553 aer
533 3485 624 3555 ut
665 3479 1269 3574 superemineat
1298 3500 1551 3571 aquae.

448 3599 908 3673 Secundum
948 3598 1102 3670 hoc
1147 3603 1562 3690 ponuntur
1592 3598 1911 3670 conclu-

357 3717 667 3788 siones.
739 3715 1020 3788 Prima
1078 3718 1232 3798 est,
1283 3715 1490 3807 quod
1578 3715 1658 3787 in
1728 3735 1911 3786 con-

356 3854 570 3905 cavo
633 3831 858 3904 orbis
929 3833 1172 3904 Lunae
1238 3835 1363 3903 est
1432 3830 1670 3922 ignis.
1726 3835 1914 3913 Quae

356 3945 789 4021 conclusio
851 3944 1253 4038 probatur
1324 3945 1478 4024 sic:
1564 3944 1753 4036 quia
1820 3944 1916 4015 ad

352 4061 958 4158 experientiam
1027 4061 1389 4134 videmus
1457 4060 1663 4154 quod
1741 4081 1916 4134 cor·

352 4203 571 4277 pora
646 4180 881 4263 levia,
947 4200 1125 4272 quae
1195 4184 1383 4253 sunt
1450 4180 1541 4251 de
1617 4181 1917 4250 natura

355 4297 607 4392 ignis,
664 4299 1110 4371 ascendunt
1163 4295 1544 4389 superius
1600 4316 1743 4388 per
1793 4317 1914 4365 ac-

351 4435 540 4487 rem
573 4412 1107 4494 naturaliter;
1145 4416 1337 4487 tunc
1369 4432 1568 4502 ergo
1599 4412 1727 4484 vel
1763 4410 1917 4483 iste

353 4551 754 4604 ascensus
822 4535 971 4611 est,
1047 4535 1136 4603 ut
1214 4530 1405 4601 illud
1476 4527 1916 4602 ascendens

352 4647 919 4740 conjungatur
950 4645 1195 4718 alicui
1239 4644 1646 4718 consimili
1689 4649 1914 4716 natu-

358 4785 500 4845 rae,
558 4763 691 4835 vel
749 4762 1083 4855 proprie
1140 4767 1226 4835 ut
1279 4762 1536 4856 possit
1592 4781 1915 4853 superc-

358 4880 677 4953 minere
711 4878 911 4951 aeri.
952 4877 1034 4952 Si
1071 4878 1337 4971 primo
1389 4878 1622 4950 modo
1684 4876 1913 4947 habe-

357 5001 501 5068 tur
544 4995 1090 5089 propositum,
1132 4994 1511 5068 videlicet
1554 4994 1761 5084 quod
1809 4993 1913 5064 ibi

358 5113 749 5207 superius
780 5116 906 5185 est
948 5112 1249 5204 aliquid
1281 5110 1738 5184 consimilis
1782 5130 1914 5181 na-

358 5237 597 5310 turae,
636 5228 954 5303 scilicet
986 5228 1225 5320 ignis.
1266 5228 1345 5302 Si
1380 5229 1616 5301 detur
1639 5246 1913 5299 secun-

354 5347 575 5426 dum,
632 5347 1121 5437 sequeretur
1171 5344 1376 5436 quod
1428 5343 1745 5418 frustra
1794 5361 1913 5412 as-

359 5465 743 5538 cenderet
798 5483 1091 5536 versus
1153 5463 1378 5540 illum
1445 5464 1743 5544 locum,
1814 5484 1913 5534 ex

362 5602 522 5673 quo
584 5583 698 5656 ita
741 5582 909 5655 cito
956 5582 1171 5655 sicut
1223 5581 1326 5653 ibi
1379 5581 1694 5654 veniret
1739 5602 1912 5654 cor-

2030 545 2575 634 rumperetur.
2648 536 3035 618 Secundo,
3104 536 3293 609 dato
3365 536 3570 628 quod

2028 664 2295 734 totum
2349 655 2919 731 intermedium
2974 653 3257 727 dehinc
3319 674 3569 745 usque

2024 776 2120 849 ad
2201 774 2475 849 orbem
2556 775 2800 846 Lunae
2877 773 3092 843 esset
3171 768 3572 862 repletum

2029 910 2242 973 aere,
2297 888 2578 962 statim
2623 906 2791 981 prae
2840 885 3094 958 nimia
3132 884 3571 959 velocitate

2023 1026 2168 1078 aer
2201 1006 2354 1080 iste
2395 1005 2806 1078 calefieret
2839 1005 2934 1076 ad
2974 1002 3315 1095 gradum
3361 1000 3572 1075 calo-

2027 1121 2168 1205 riS,
2217 1120 2362 1193 sub
2404 1141 2560 1213 quo
2617 1140 2777 1193 non
2820 1122 3096 1213 posset
3135 1116 3408 1191 forma
3448 1136 3571 1189 ae-

2023 1239 2140 1311 ris
2185 1242 2436 1321 stare,
2474 1242 2555 1311 et
2590 1236 2704 1309 sic
2740 1237 3022 1312 statim
3055 1239 3571 1312 convertere·

2022 1359 2163 1429 tur
2205 1355 2285 1426 in
2331 1355 2626 1446 ignem.

2107 1474 2411 1556 Tertio,
2469 1473 2680 1550 sicut
2734 1494 2818 1545 se
2864 1473 3103 1548 habet
3155 1470 3570 1546 exhalatio

2020 1594 2117 1667 ad
2161 1612 2577 1684 vaporem,
2631 1591 2746 1665 sic
2790 1613 2874 1665 se
2915 1590 3155 1667 habet
3212 1588 3424 1683 ignis
3477 1590 3574 1660 ad

2017 1730 2332 1790 aerem;
2382 1710 2515 1782 sed
2555 1708 2973 1783 exhalatio
3009 1709 3259 1784 altius
3301 1731 3574 1785 ascen-

2015 1827 2130 1901 dit
2172 1845 2412 1919 quam
2469 1844 2762 1919 vapor;
2817 1847 3016 1918 ergo
3075 1827 3286 1917 ignis
3329 1828 3577 1903 altius

2012 1947 2371 2021 ascendit
2387 1964 2536 2040 qua
2551 1969 2627 2019 m
2644 1954 2900 2022 acret
2919 1949 3159 2024 istam
3181 1950 3584 2023 rationem

2020 2064 2288 2139 innuit
2322 2064 2817 2138 Aristoteles
2857 2066 2939 2137 in
2973 2067 3134 2141 isto
3171 2066 3467 2160 primo.

2112 2185 2450 2279 Quarto,
2498 2201 2827 2256 necesse
2868 2188 2993 2257 est
3050 2203 3374 2276 semper
3424 2187 3582 2258 ter-

2022 2317 2200 2371 ram
2239 2318 2455 2377 esse;
2493 2318 2694 2390 ergo
2731 2319 3055 2393 semper
3081 2299 3349 2392 ignem
3372 2321 3574 2374 esse·

2019 2414 2269 2489 Tenet
2328 2417 2933 2509 consequentia,
2990 2419 3180 2510 quia
3228 2418 3438 2509 ignis
3499 2424 3577 2493 et

2021 2534 2253 2601 terra
2331 2530 3010 2612 contrariantur;
3085 2552 3274 2605 nam
3363 2533 3573 2625 ignis

2022 2649 2148 2719 est
2193 2646 2658 2718 levissimus
2727 2652 2806 2722 et
2849 2648 3358 2732 rarissimus,
3414 2655 3571 2726 ter-

2025 2782 2117 2834 ra
2212 2763 2707 2853 gravissima
2836 2770 2916 2840 et
2996 2765 3480 2839 densissima
3553 2796 3566 2837 ι

2024 2880 2260 2953 modo
2325 2880 2391 2951 si
2455 2901 2703 2952 unum
2775 2883 3402 2958 contrariorum
3464 2887 3572 2959 sit

2025 2995 2105 3068 in
2166 3000 2492 3081 natura,
2553 3004 2634 3072 et
2681 2999 3085 3092 reliquum
3127 3008 3368 3077 esset.
3417 3004 3570 3076 An-

2025 3115 2394 3187 tecedens
2451 3121 2819 3210 apparet,
2879 3119 3069 3210 quia
3110 3121 3179 3194 si
3241 3141 3572 3195 necesse

2024 3237 2152 3307 est
2196 3233 2492 3308 coelum
2542 3255 2864 3328 semper
2917 3240 3254 3321 moveri,
3301 3262 3571 3313 neces-

2027 3373 2111 3424 se
2145 3357 2270 3427 est
2303 3357 2618 3428 terram
2659 3376 2982 3448 semper
3021 3380 3225 3442 esse;
3263 3365 3345 3435 et
3378 3360 3572 3434 illud

2027 3472 2259 3561 ponit
2291 3471 2784 3546 Aristoteles
2821 3477 2888 3545 2.
2929 3478 3118 3545 Coeli.

2116 3588 2426 3659 Contra
2490 3588 3100 3663 conclusionem
3156 3592 3562 3684 arguitur,

3751 3603 3799 3652 5.

2031 3702 2220 3794 quia
2285 3703 2354 3775 si
2398 3702 2615 3778 inter
2672 3726 2821 3779 nos
2862 3712 2943 3781 et
3011 3709 3302 3784 coelum
3354 3719 3569 3788 esset
3629 3692 3883 3755 ⁰⁶j⁶⁶‘²'⁰·

2031 3817 2267 3911 igniS,
2334 3827 2816 3914 sequeretur
2892 3827 3098 3918 quod
3162 3848 3573 3922 nunquam

2031 3955 2458 4026 possemus
2500 3941 3186 4033 comprehendere
3227 3967 3428 4020 vera
3470 3949 3577 4020 lo·

2032 4074 2129 4128 ca
2164 4053 2716 4141 Planetarum,
2753 4063 2833 4133 et
2867 4061 3323 4137 stellarum.
3380 4067 3576 4140 Con-

2035 4192 2379 4264 sequens
2412 4178 2707 4248 contra
2741 4176 3256 4271 Astrologos,
3296 4180 3433 4275 qui
3469 4181 3578 4254 lo-

2032 4290 2581 4365 caPlanetaru
2597 4315 2670 4364 m
2695 4295 3364 4372 observaverunt.
3389 4301 3577 4375 Pro-

2031 4405 2277 4480 batur
2329 4412 2934 4501 consequentia,
3008 4412 3198 4504 quia
3258 4435 3579 4510 semper

2034 4523 2389 4599 Planetae
2421 4525 2892 4601 viderentur
2941 4535 3180 4604 extra
3212 4552 3358 4605 sua
3400 4554 3581 4626 pro-

2032 4641 2215 4733 pria
2255 4640 2472 4724 loca3
2511 4663 2698 4715 nam
2750 4645 2961 4737 ignis
2995 4653 3076 4722 et
3125 4669 3269 4722 aer
3308 4657 3581 4727 essent

2033 4755 2250 4831 inter
2292 4778 2465 4840 nos,
2511 4764 2591 4834 et
2631 4762 2918 4835 coelum
2954 4768 3387 4840 secundum
3424 4790 3580 4843 me·

2028 4873 2248 4946 dium
2333 4875 2673 4951 diversae
2749 4881 3403 4973 diaphaneitatis,
3498 4893 3578 4962 et

2034 4999 2520 5067 occurrente
2574 4995 2832 5068 medio
2872 4998 3215 5073 diversae
3255 5001 3575 5096 diapha-

2029 5108 2363 5184 neitatis
2415 5108 2831 5204 frangitur
2883 5116 3157 5190 radius
3206 5119 3571 5202 visualis,

2032 5228 2118 5312 ut
2161 5229 2386 5317 patet
2429 5224 2508 5298 in
2557 5231 3103 5323 Perspectiva,
3154 5257 3328 5327 quae
3369 5236 3575 5310 frac-

2029 5340 2144 5414 tio
2188 5342 2385 5416 facit
2429 5365 2598 5417 rem
2647 5366 3046 5440 apparere
3099 5352 3290 5425 alibi
3335 5375 3573 5445 quam

2026 5461 2175 5530 est.

2119 5579 2227 5649 Ad
2284 5574 2472 5650 illud
2524 5577 2821 5652 dicitur
2881 5586 3241 5670 negando
3295 5608 3568 5659 conse-
3612 5587 3917 5656 Responsio.
