4252 6393
433 731 613 780 Genus
631 730 738 781 Me-

464 794 697 857 taphyn'·

505 871 643 905 cum.

454 917 585 968 Vide
613 934 661 982 q.
689 918 731 969 l.

481 993 532 1028 n.
567 980 639 1032 15.

776 349 898 417 638

767 536 926 589 una
956 515 1196 593 habet
1230 521 1493 611 magis
1539 522 1946 597 rationem
2008 547 2318 601 mensu·

771 653 1173 727 remquam
1211 635 1399 721 alia,
1437 642 1525 713 ut
1556 641 1841 715 statim
1890 642 2313 718 videbitur.

768 752 909 829 Est
942 753 1159 825 enim
1191 755 1585 847 quoddam
1618 777 1871 849 genus
1900 761 2314 856 Metaphy-

764 868 1049 951 sicum,
1121 874 1511 964 quoddam
1585 876 1999 968 Logicum.
2067 882 2311 955 Ratio

1941 362 2043 426 DE
2089 365 2354 431 RERUM
2400 367 2787 438 PRINCIPIO

2431 537 2549 601 uis,
2611 539 2672 593 et
2727 551 2838 595 ens
2895 545 3195 610 quantum
3249 540 3450 600 dividi
3487 544 3551 600 in
3605 541 3862 615 finitum,
3906 552 3958 605 et

2432 635 2786 709 infinitun1;
2822 644 2884 695 et
2917 640 2979 694 in
3010 644 3066 697 2.
3109 641 3251 699 dist.
3283 642 3338 698 3.
3390 661 3450 718 q.
3492 644 3546 702 3.
3597 661 3659 702 n.
3689 650 3746 704 7.
3794 650 3845 711 ἓ.
3872 646 3962 702 Sc-

2424 732 2611 788 cundo
2642 735 2721 788 sic
2752 753 2767 806 3
2803 738 3022 795 aiteus
3045 739 3432 800 sufficienter
3453 743 3661 802 dividi
3684 749 3959 815 tanquam

2426 832 2489 887 iu
2534 833 2664 899 illa,
2698 848 2837 904 quae
2872 837 3203 896 includunt
3232 841 3647 913 quidditative
3673 846 3869 915 ipsum
3906 846 3960 900 iu

2417 945 2528 987 eus
2560 934 2896 1001 increatum,
2931 940 2992 992 et
3038 944 3312 1011 rreamm,
3348 940 3512 1012 quod
3552 941 3858 999 dividitur
3902 945 3959 999 in

763 989 1086 1077 generis
1158 990 1698 1084 MetaphySiCi
1777 996 2161 1073 OOssSiStit
2231 1000 2309 1072 in
2419 1027 2632 1087 deceni
2695 1046 2947 1101 genera,
3005 1038 3191 1107 atque
3251 1039 3315 1093 in
3367 1045 3575 1110 partes
3612 1041 3958 1099 essentiales

757 1108 1345 1183 communitate
1397 1129 1555 1182 non
1590 1112 1959 1196 univoca,
2007 1116 2140 1187 sed
2176 1138 2306 1209 pu·

758 1241 845 1291 re
885 1222 1234 1319 analoga
1271 1250 1286 1294 :
1332 1227 1692 1302 continet
1723 1230 1937 1302 enim
1971 1231 2298 1324 aliquid,

750 1338 878 1409 cui
916 1340 1486 1434 principaliter
1544 1364 1834 1418 nomen
1896 1351 2297 1433 convenit,

747 1458 828 1528 et
887 1460 1010 1531 est
1073 1460 1459 1544 omnium,
1508 1483 1682 1554 quae
1733 1469 1918 1540 sunt
1983 1467 2061 1539 in
2125 1472 2299 1543 toto

750 1570 889 1643 illo
915 1591 1211 1664 genere
1235 1597 1617 1655 mensura
1642 1605 1657 1661 ;
1682 1583 1760 1653 et
1787 1581 1972 1654 aliis
2014 1605 2295 1657 conve-

747 1688 867 1761 nit
913 1688 1008 1772 id,
1057 1694 1261 1784 quod
1292 1695 1620 1773 nomine
1662 1698 1985 1789 generis
2049 1701 2293 1792 signi-

745 1806 1038 1881 ficatur
1118 1830 1260 1903 per
1327 1815 1754 1905 quamdam
1824 1818 2294 1894 attributio-

745 1944 952 2006 nem,
990 1929 1070 2000 et
1104 1929 1826 2024 participationem
1871 1934 2116 2018 illius,
2164 1939 2290 2010 cui

746 2040 1317 2134 principaliter
1338 2049 1767 2125 convenit:
1806 2056 1886 2124 et
1922 2051 2092 2125 ideo
2124 2053 2285 2136 illa,

741 2157 1027 2249 quibus
1049 2163 1426 2235 convenit
1461 2165 2061 2263 participative,
2101 2176 2289 2245 sunt

740 2283 1237 2361 mensurata,
1296 2282 1374 2353 et
1420 2280 1612 2354 illud
1645 2285 1772 2356 cui
1820 2306 1960 2381 per
1994 2309 2077 2359 se
2112 2309 2287 2360 con·

732 2393 1175 2475 venit‚'est
1254 2417 1660 2471 mensura.
1738 2404 1837 2475 Et
1896 2404 2010 2475 sio
2080 2406 2285 2478 acci·

735 2507 1016 2598 piendo
1077 2530 1353 2601 genus,
1408 2535 1549 2586 ens
1620 2519 2284 2594 communissime

729 2631 1178 2718 acceptum,
1235 2633 1322 2702 ut
1363 2632 1727 2706 continet
1787 2640 2276 2719 creatorem,

728 2744 808 2812 et
849 2747 1344 2827 creaturam,
1380 2751 1504 2820 est
1548 2766 1842 2838 genus;
1892 2773 2050 2827 non
2113 2754 2279 2845 qui-

728 2858 904 2930 dem
939 2879 1191 2950 genus
1233 2862 1325 2935 de
1362 2863 1523 2936 illis
1572 2867 1843 2940 decem
1888 2871 2278 2944 Praedioa-

734 2976 1054 3058 mentis,
1094 2978 1282 3075 quia
1343 2977 1481 3051 illa
1516 2987 1700 3056 sunt
1737 3002 2038 3074 genera
2072 2987 2277 3077 logi-

729 3090 963 3175 ealia,
1025 3096 1108 3165 ut
1162 3094 1333 3187 jam
1412 3097 1735 3181 dieitur,
1820 3101 1951 3172 sed
2020 3122 2272 3192 genus

729 3209 1410 3304 Metaphysicum;
1452 3219 1653 3307 quod
1689 3239 1845 3290 non
1870 3220 2062 3298 dicit
2100 3243 2269 3294 rem

723 3327 1081 3419 aliquam
1196 3350 1735 3415 communem,
1839 3337 1970 3408 sed
2073 3338 2268 3413 dicit

716 3442 1014 3536 aliquid
1070 3467 1212 3538 per
1254 3471 1362 3531 se,
1399 3454 1479 3524 et
1522 3451 1787 3543 primo
1828 3455 2266 3528 convenire

711 3560 993 3644 alicui;
1059 3563 1244 3635 aliis
1306 3571 1577 3639 autem
1636 3588 1778 3659 per
1833 3573 2261 3661 qiiamdam

710 3677 1429 3773 participationem
1476 3683 1721 3755 illius.

1285 3901 1676 3959 SCHOLIUM.

783 4075 1058 4132 Diversis
1081 4076 1145 4132 in
1179 4076 1331 4133 locis
1362 4079 1572 4135 varias
1595 4081 1765 4150 ponit
1789 4082 1999 4142 Scotus
2022 4087 2260 4156 primas

710 4173 871 4229 entis
929 4173 1271 4231 divisiones
1305 4194 1319 4246 ;
1357 4177 1421 4232 in
1475 4178 1524 4232 1.
1558 4177 1700 4236 dist.
1751 4181 1841 4236 36.
1876 4197 1936 4258 q.
1992 4187 2158 4241 unic.
2195 4202 2254 4244 n.

708 4272 762 4326 9.
796 4276 851 4335 §-
889 4274 1039 4327 Tunc
1084 4275 1158 4328 ad
1195 4275 1441 4343 sormam
1490 4283 1859 4346 arqumenti:
1912 4283 1999 4337 ait
2047 4285 2253 4344 videri

709 4370 826 4426 sibi
868 4373 1137 4442 primam
1179 4373 1639 4434 distinctionem
1676 4380 1838 4435 entis
1877 4395 2011 4438 esse
2052 4387 2114 4439 in
2162 4403 2254 4441 ens

705 4475 863 4523 emera
884 4473 1140 4526 annnam
1161 4476 1207 4527 et
1239 4475 1303 4528 in
1323 4489 1417 4528 ens
1439 4477 1500 4530 in
1531 4480 1730 4532 αιιὶιηα
1750 4498 1773 4548 ,·
1796 4483 1855 4535 et
1885 4480 2110 4538 deinde
2143 4499 2254 4541 ens

702 4571 875 4624 extra
922 4571 1197 4627 animam
1247 4587 1423 4643 posse
1473 4572 1774 4648 distingui
1809 4581 1874 4634 iu
1924 4586 2126 4639 actum
2193 4588 2254 4641 et

696 4669 1054 4738 potentiam,
1088 4673 1372 4728 essentiae
1403 4677 1464 4729 et
1492 4677 1859 4736 existentiae.
1916 4681 2054 4735 Haec
2115 4684 2249 4753 ipsa

693 4765 870 4823 docet
933 4782 1010 4823 ex
1080 4768 1452 4842 philosopho
1509 4771 1573 4828 in
1625 4775 1891 4847 Metaph.
1963 4782 2247 4848 textuali,

692 4879 935 4925 summa
971 4869 1178 4927 unica.
1210 4885 1264 4926 e.
1296 4873 1352 4926 7.
1389 4886 1448 4927 n.
1473 4874 1565 4928 67.
1600 4873 1833 4940 dicens,
1880 4892 1991 4932 ens
2043 4878 2245 4935 dividi

689 4965 893 5035 prima
951 4967 1261 5027 divisione
1320 4972 1385 5027 in
1444 4989 1539 5028 ens
1570 4974 1736 5042 reale,
1788 4978 1836 5030 et
1884 4979 2147 5044 rationis,
2197 4984 2247 5034 et

682 5064 878 5122 deinde
923 5068 987 5121 in
1017 5083 1111 5124 ens
1166 5075 1317 5137 actu,
1369 5074 1417 5125 et
1468 5087 1563 5126 ens
1609 5075 1674 5128 in
1707 5077 1957 5144 potentia
1987 5095 2011 5143 ,·
2063 5079 2122 5130 et
2177 5078 2240 5133 in

687 5172 736 5227 1.
769 5167 910 5226 dist.
942 5170 997 5226 8.
1032 5184 1090 5240 (Ῑ.
1133 5171 1186 5227 3.
1236 5185 1294 5226 n.
1337 5171 1419 5228 18.
1473 5175 1527 5235 ἓ.
1563 5172 1668 5228 Sed
1700 5179 1831 5228 tunc
1870 5181 1944 5229 ost
1977 5178 2238 5244 dubitem,

685 5267 839 5324 dicit
887 5281 998 5326 ens
1048 5270 1254 5339 primo
1302 5267 1502 5326 dividi
1538 5271 1602 5326 in
1651 5273 1901 5340 finitum,
1942 5278 2001 5329 et
2032 5276 2244 5342 infini-

685 5375 806 5424 tum
855 5374 916 5426 et
947 5369 1155 5441 quodi.
1189 5368 1243 5424 5.
1303 5385 1362 5425 n.
1414 5371 1505 5424 27.
1538 5374 1593 5435 §-
1627 5369 1755 5424 Dico
1804 5387 1929 5440 erqo
1980 5374 2235 5440 breviter,

2421 1126 2634 1186 decem
2668 1145 2996 1199 generum.
3035 1139 3290 1194 Demum
3317 1138 3439 1207 hie,
3473 1144 3533 1196 et
3564 1142 3627 1196 in
3665 1141 3958 1199 additione

2415 1225 2493 1284 ad
2532 1230 2578 1283 1.
2613 1228 2754 1287 dist.
2801 1233 2850 1289 1.
2885 1246 2944 1303 q.
2984 1234 3030 1290 l.
3068 1249 3126 1291 n.
3170 1238 3250 1292 12.
3285 1241 3340 1293 2.
3371 1243 3426 1304 §-
3463 1239 3584 1294 Ideo
3631 1241 3770 1307 dion,
3799 1255 3959 1296 asse-

2411 1327 2500 1382 rit
2531 1343 2663 1397 6113,
2699 1332 3210 1392 6οη1111111113311116
3268 1342 3589 1407 sumptum
3622 1341 3825 1410 prima
3869 1341 3957 1396 di·

2410 1426 2656 1484 visione
2698 1428 2896 1486 dividi
2924 1429 2988 1487 in
3019 1448 3116 1486 ens
3142 1448 3375 1502 purum,
3407 1441 3455 1489 et
3493 1451 3590 1490 ens
3622 1440 3768 1507 quod
3808 1439 3956 1493 habet

2409 1540 2535 1590 esse,
2559 1527 2696 1584 sive
2729 1530 2790 1584 in
2823 1542 2934 1584 ens
2952 1528 3385 1601 quidditative‚
3411 1537 3472 1589 et
3502 1535 3563 1589 iu
3597 1550 3709 1591 ens
3740 1536 3956 1594 habens

2408 1623 2842 1694 quidditatem,
2884 1632 2944 1683 et
2992 1631 3362 1688 contrahens
3396 1633 3775 1692 illimitatam
3823 1652 3956 1708 per-

2411 1720 2739 1781 fectionem
2774 1725 2951 1781 illius
2981 1729 3149 1798 puri,
3183 1734 3244 1786 et
3290 1729 3554 1788 absoluti
3609 1747 3746 1789 esse
3777 1736 3951 1804 primi

2410 1821 2591 1878 entis,
2629 1823 2744 1879 Sed
2776 1826 3118 1883 seeundum
3141 1829 3351 1886 varios
3373 1836 3713 1903 respectuS,
3740 1838 3954 1892 616011-

2405 1918 2814 1978 siderationes
2872 1926 3055 1993 entis,
3087 1927 3552 1986 considerandae
3600 1936 3745 1989 sunt
3777 1935 3948 1989 etiam

2411 2020 2505 2075 hae
2539 2022 2732 2077 variae
2756 2023 2976 2094 primae
3006 2025 3169 2080 eutis
3199 2025 3544 2085 divisiones
3576 2049 3590 2099 ;
3627 2036 3695 2088 ut
3726 2033 3780 2088 si
3817 2047 3953 2088 eon-

2405 2118 2722 2176 sideretur
2754 2134 2864 2175 ens
2917 2125 2979 2180 iu
3024 2126 3142 2182 tota
3186 2140 3295 2183 tua
3349 2126 3701 2197 latitudine,
3757 2133 3947 2203 prima

2404 2218 2635 2275 divisio
2666 2224 2758 2277 est
2791 2223 2851 2275 in
2883 2238 2977 2276 ens
3007 2228 3175 2290 reale,
3227 2230 3288 2282 et
3321 2230 3580 2294 rationis,
3632 2230 3782 2301 quia
3838 2230 3944 2287 suh

2397 2317 2700 2374 alterutro
2731 2321 2935 2377 omnis
2971 2324 3128 2380 ratio
3168 2326 3329 2381 entis
3358 2328 3940 2399 comprehenditur:

2343 2470 2346 2475 ,
2397 2398 2622 2471 deiude
2655 2432 2768 2474 ens
2819 2421 2987 2477 reale
3022 2421 3454 2481 subdividitur
3506 2426 3567 2482 in
3615 2434 3853 2499 actuale,
3901 2436 3944 2483 ct

2389 2518 2690 2582 potentiale
2723 2536 2736 2572 :
2773 2517 3005 2576 divisio
3039 2522 3101 2576 in
3131 2524 3382 2590 finitum,
3415 2529 3476 2581 et
3506 2529 3822 2595 infinitum,
3855 2535 3937 2587 est

2396 2616 2597 2683 prima
2631 2618 2830 2687 quoad
2864 2635 2993 2688 1103,
3028 2622 3175 2692 quia
3207 2630 3541 2696 conceptus
3565 2629 3944 2697 perfectissi-

2395 2730 2554 2784 111113,
2595 2722 2656 2773 et
2701 2721 3208 2789 simplicissimus
3249 2723 3705 2795 quidditativus
3764 2744 3938 2800 quem

2393 2814 2664 2870 formare
2707 2832 3034 2887 possumus
3067 2820 3142 2876 de
3186 2822 3305 2877 Deo
3352 2824 3455 2878 via
3509 2828 3804 2893 naturali,
3860 2832 3944 2883 est

2388 2917 2720 2983 conceptus
2781 2913 3010 2973 intlniti
3046 2936 3059 2987 3
3122 2917 3353 2976 divisio
3410 2923 3475 2977 in
3533 2931 3836 2993 quantum,
3886 2931 3940 2983 et

2388 3028 2499 3067 non
2528 3020 2828 3082 quantum,
2862 3021 2953 3073 est
2983 3019 3185 3088 prima
3235 3022 3440 3091 quoad
3490 3037 3575 3089 se,
3610 3029 3676 3080 ut
3708 3024 3940 3082 abstra-

2388 3110 2477 3167 hit
2507 3126 2540 3166 ει
2593 3112 2767 3168 niodo
2808 3114 3206 3186 intelligendi
3246 3120 3634 3191 imperfecta,
3668 3127 3731 3179 et
3765 3128 3939 3181 natu-

2385 3211 2503 3267 rali
2538 3211 2726 3282 hujus
2756 3218 2969 3272 status.
2999 3217 3156 3272 Aliae
3189 3217 3328 3274 duae
3360 3224 3738 3293 posteriores
3778 3224 3939 3280 divi·

2381 3311 2585 3366 siones
2615 3313 2913 3370 videntur
2963 3316 3340 3385 coincidere,
3375 3325 3434 3376 et
3465 3321 3936 3380 considerantur

2378 3420 2412 3461 a
2437 3413 2610 3477 parte
2644 3423 2868 3479 causave,
2893 3413 2991 3469 vel
3011 3414 3310 3485 principii
3335 3418 3516 3485 entis,
3545 3419 3626 3476 Ita
3652 3427 3720 3479 ut
3745 3436 3929 3478 unum

2377 3519 2410 3559 a
2435 3505 2612 3562 nullo
2643 3507 2864 3565 habeat
2894 3523 3048 3578 esse,
3083 3514 3188 3569 sed
3242 3515 3304 3570 in
3337 3530 3402 3571 so
3451 3517 3532 3573 sit
3571 3532 3824 3589 purum,
3875 3527 3933 3578 et

2374 3605 2871 3663 actualissimuui
2933 3625 3065 3667 esse
3101 3630 3115 3667 :
3151 3615 3398 3685 reliqua
3451 3619 3710 3676 aliunde
3771 3622 3929 3676 reci·

2372 3705 2564 3772 piant,
2600 3711 2659 3763 et
2688 3707 2763 3762 ab
2795 3709 2921 3765 alio
2949 3723 3125 3767 suam
3158 3713 3571 3782 quidditatem
3614 3719 3923 3782 derivent.

2489 3928 2935 3999 Secundum
3023 3929 3206 4014 hoc,
3265 3931 3415 4006 hoe
3455 3956 3752 4010 nomen
3812 3963 3923 4008 ens

2370 4041 2486 4113 sic
2519 4046 3190 4120 communissime
3224 4055 3675 4143 acceptum,
3717 4056 3918 4147 quod

2366 4156 2666 4232 dicitur
2697 4160 2796 4231 ab
2827 4166 3012 4234 actu
3046 4166 3387 4247 essendi,
3426 4169 3595 4241 sive
3636 4171 3740 4242 ab
3765 4198 3916 4255 esse,

2366 4270 2755 4344 dividitur
2826 4275 3088 4366 prIma
3160 4278 3283 4349 sui
3352 4279 3754 4356 divisione
3844 4285 3920 4358 in

2365 4408 2531 4470 ens,
2579 4390 2783 4480 quod
2825 4411 2982 4463 non
3013 4396 3135 4465 est
3171 4394 3324 4467 nisi
3386 4422 3522 4466 esse
3589 4421 3913 4492 purum.

2365 4503 2553 4593 quia
2595 4505 2794 4579 nihil
2835 4508 3029 4581 dicit
3069 4515 3372 4603 praeter
3410 4537 3593 4587 esse:
3638 4523 3719 4593 et
3777 4540 3917 4614 per

2363 4619 2512 4695 hoc
2555 4630 2679 4698 ost
2715 4625 3097 4717 primum,
3174 4653 3445 4717 unum,
3493 4641 3571 4710 et
3606 4639 3914 4733 simpli-

2360 4738 2808 4826 cissimum,
2837 4746 3288 4838 cujusmodi
3323 4758 3449 4827 est
3497 4757 3741 4841 Deus,
3779 4758 3912 4850 qui

2358 4859 2478 4929 est
2513 4862 2748 4930 extra
2784 4883 3018 4935 omne
3051 4883 3301 4954 genus
3338 4871 3912 4946 praedicamen-

2357 4972 2444 5054 ti,
2485 4974 2688 5064 quod
2729 4979 2855 5049 est
2898 4996 3150 5067 genus
3195 4983 3630 5076 Logicum;
3701 4994 3786 5064 et
3832 4990 3904 5062 in

2360 5108 2527 5172 ens,
2601 5090 2729 5163 cui
2799 5097 3177 5169 convenit
3247 5123 3401 5182 esse,
3477 5104 3646 5179 sive
3696 5109 3905 5201 quod

2354 5205 2590 5282 habet
2629 5233 2785 5291 esse,
2844 5216 3050 5304 quod
3123 5216 3199 5289 in
3262 5241 3408 5293 suo
3444 5223 3902 5314 significato

2355 5321 2686 5398 includit
2774 5328 3079 5420 aliquid
3169 5338 3473 5426 praeter
3547 5364 3714 5424 esse,·
3787 5343 3902 5415 ita

684 5465 837 5525 dicit
866 5483 977 5525 ens
1008 5470 1187 5540 prius
1229 5467 1430 5524 dividi
1476 5471 1540 5525 in
1574 5483 1685 5526 ens
1715 5475 2015 5539 quantum,
2044 5478 2091 5527 et
2124 5487 2236 5527 non
2350 5441 2552 5530 QUOd
2603 5462 2733 5514 Pes
2776 5446 3207 5535 CUjUSlibOt
3252 5454 3893 5539 PI'ffidiCssfflOssssi,

684 5572 987 5635 quantum,
1038 5569 1380 5639 quantitate
1431 5568 1706 5634 virtutis,
1758 5569 1860 5626 vel
1900 5570 2237 5640 perfectio-
2345 5556 2591 5629 etiam
2627 5559 2707 5632 in
2749 5565 3374 5652 generalissimo
3436 5575 3895 5648 considera-

3971 4058 4065 4106 Ens
4086 4055 4179 4116 pri·

3982 4134 4056 4167 ma
4077 4118 4178 4165 divi·

3986 4185 4107 4230 sione
4127 4181 4171 4225 in

3963 4258 4065 4306 ‹104oe
4085 4241 4186 4287 dirt-

4000 4305 4145 4354 datur.
