4252 6393
138 825 351 880 Quintum
361 861 377 877 .

136 1417 330 1481 oppetit.

201 1662 241 1710 2.

143 2001 327 2051 Sebeda

113 2065 218 2111 unde

113 2135 228 2174 retur
237 2164 250 2178 .

1754 415 2121 499 QUAES'mo
2168 418 2244 486 ΙΙΙ

414 584 1023 661 ethumiditatis
1055 583 1414 658 faciliter
1443 587 1967 658 consumeret

417 705 655 778 istam
706 702 1200 777 siccitatem.

496 820 822 903 Quinto,
888 820 1077 912 quia
1135 839 1365 912 aquae
1410 818 1835 911 pluviales,
1881 823 1961 892 et

407 940 698 1027 stagna
738 956 901 1008 non
952 938 1138 1008 sunt
1190 935 1442 1016 salsa;
1510 934 1768 1025 igitur
1816 954 1960 1007 nec

411 1075 660 1127 mare.
742 1056 993 1127 Tenet
1068 1053 1677 1146 consequentia,
1771 1052 1960 1144 quia

407 1174 595 1243 sunt
647 1171 1008 1264 ejusdem
1057 1169 1435 1242 rationis.
1502 1172 1601 1243 Et
1652 1172 1960 1244 anteco·

401 1287 591 1359 dens
628 1291 850 1380 patet
882 1286 979 1358 ad
1018 1286 1634 1379 experientiam.

495 1403 990 1496 Oppositum
1041 1403 1431 1494 arguitur
1508 1424 1653 1497 per
1719 1421 1957 1495 expe-

406 1518 824 1595 rientiam.

495 1638 587 1710 In
657 1637 819 1711 ista
889 1638 1339 1730 quaestione
1409 1636 1678 1730 primo
1759 1656 1959 1729 prae-

412 1753 827 1828 mittendze
882 1759 1071 1828 sunt
1178 1754 1785 1847 suppositiones
1867 1753 1958 1824 de

399 1872 936 1965 genera-tione
1007 1871 1466 1944 salsedinis.
1548 1873 1650 1944 Et
1693 1869 1958 1964 prima

398 1997 558 2073 est,
653 1993 863 2084 quod
946 1992 1261 2065 salsedo
1339 1995 1786 2082 generatur
1860 2010 1958 2061 ex

407 2107 1004 2182 commixtione
1044 2107 1241 2180 sicci
1292 2106 1723 2181 terrestris
1773 2126 1956 2178 cum

400 2227 764 2299 humido.
836 2226 1248 2299 Probatur
1324 2245 1472 2318 per
1536 2223 1957 2317 experien—

401 2342 637 2424 tiam,
739 2341 929 2434 quia
1015 2340 1357 2414 lixivum
1438 2345 1563 2413 est
1650 2340 1956 2410 salsum

400 2462 752 2552 propter
791 2457 1463 2531 commixtionem
1496 2457 1591 2529 ad
1622 2476 1950 2549 aquam;

391 2580 471 2649 et
543 2575 755 2668 quod
812 2574 918 2646 ibi
1002 2573 1110 2649 sit
1179 2573 1656 2648 commixtio
1703 2578 1950 2667 patet,

394 2693 590 2784 quia
649 2711 860 2784 aqua
931 2711 1074 2783 per
1115 2691 1363 2766 talem
1430 2690 1948 2773 colationem,

395 2809 772 2883 redditur
864 2810 1286 2890 colorata,
1386 2808 1770 2900 spissior,
1873 2813 1954 2882 et

400 2927 948 3021 ponderosior
990 2943 1231 3020 quam
1288 2932 1499 3011 ante,
1554 2928 1759 3020 quod
1792 2948 1952 2999 non

393 3049 649 3124 esset,
729 3044 890 3117 nisi
970 3049 1249 3138 partes
1318 3044 1786 3138 superiores
1845 3043 1951 3116 ci-

388 3181 693 3234 nerum
766 3164 1041 3233 essent
1090 3159 1242 3233 sibi
1282 3160 1772 3234 commixtae.

484 3279 855 3353 Secunda
912 3277 1443 3370 experientia,
1511 3277 1698 3370 quia
1748 3277 1949 3349 vide-

390 3415 574 3467 mus
642 3395 850 3487 quod
911 3395 1151 3467 urina
1217 3398 1342 3469 est
1408 3395 1650 3476 salsa,
1713 3413 1951 3487 prop·

390 3519 520 3587 ter
598 3511 1275 3586 commixtionem
1355 3511 1745 3603 superflui
1805 3534 1947 3584 nu-

387 3628 770 3704 trimenti
801 3648 986 3700 cum
1020 3628 1239 3701 sicco
1272 3628 1658 3702 terrestri
1686 3650 1947 3701 rema-

387 3751 637 3819 nente
680 3750 869 3839 post
899 3745 1459 3836 digestionem,
1497 3744 1947 3839 cujusmodi

386 3861 514 3930 est
562 3854 1042 3948 hypostasis
1078 3855 1362 3926 urinae.

471 3971 759 4046 Tertia
800 3971 1310 4065 experientia
1342 3976 1467 4045 est
1498 3972 1589 4043 de
1624 3971 1939 4053 sudore,

384 4094 464 4164 et
495 4091 591 4163 de
635 4088 1035 4163 salsedine
1070 4088 1418 4170 sudoriS,
1459 4110 1635 4180 quae
1671 4109 1945 4181 prove-

386 4206 507 4280 nit
577 4227 679 4278 ex
756 4205 1343 4279 commixtione
1435 4204 1944 4278 humiditatis

386 4343 575 4395 cum
630 4321 1005 4415 partibus
1050 4322 1595 4396 terrestribus
1646 4322 1944 4395 ablutis

388 4460 435 4511 a
492 4460 773 4522 carne,
837 4458 1035 4532 quas
1077 4439 1340 4514 defert
1392 4439 1639 4511 sudor
1693 4438 1947 4513 distil-

390 4560 628 4632 lando
664 4556 813 4652 per
843 4578 1202 4631 carnem.
1244 4559 1426 4630 Ideo
1495 4557 1690 4630 dicit
1723 4558 1944 4630 Aris-

390 4676 688 4750 toteles
724 4679 797 4744 in
829 4678 942 4744 lib.
977 4677 1044 4747 2.
1083 4675 1289 4768 quod
1312 4675 1702 4748 sudorest
1729 4674 1947 4746 ablu-

388 4795 502 4869 tio
535 4794 839 4869 carnis.

478 4915 792 4995 Quarta
851 4908 1362 5002 experientia
1420 4912 1544 4981 est
1599 4909 1691 4980 de
1752 4930 1944 5000 qua-

390 5029 571 5099 dam
606 5046 820 5119 aqua
866 5026 945 5098 in
989 5025 1453 5107 Palaestina,
1512 5025 1592 5097 in
1626 5046 1781 5117 qua
1814 5023 1945 5097 ho-

393 5164 522 5214 mo
592 5142 897 5235 ligatus
957 5161 1117 5213 non
1182 5145 1449 5234 potest
1507 5141 1796 5212 cadere
1848 5141 1941 5212 ad

395 5262 903 5353 profundum,
970 5266 1051 5334 et
1121 5261 1292 5333 ideo
1379 5261 1698 5342 fluvius,
1773 5260 1942 5332 sive

392 5383 770 5470 stagnum
812 5377 1007 5452 illud
1052 5384 1177 5454 est
1217 5378 1445 5450 valde
1489 5378 1822 5459 salsum,
1862 5384 1941 5452 et

392 5496 543 5568 hoc
576 5517 736 5568 non
780 5496 1178 5589 provenit,
1217 5495 1374 5567 nisi
1407 5517 1505 5567 ex
1547 5496 1942 5568 commix-

395 5613 614 5692 tione
656 5611 1293 5694 terrestrietatis
1338 5612 1488 5694 sibi
1530 5611 1935 5695 admixtae.

3610 415 3723 486 139

2174 583 2563 666 Quintum
2609 584 2929 675 signum
2969 585 3096 659 est
3154 582 3627 675 ponderosi-

2077 701 2232 781 tas,
2273 704 2353 776 et
2386 700 2820 792 grossities
2853 719 3083 793 aquae
3117 699 3397 782 salsae3
3435 718 3626 772 nam

2076 834 2289 909 aqua
2376 817 2597 911 putei
2670 818 2870 891 salsi
2938 819 3122 912 plus
3201 817 3621 911 ponderat,

2077 955 2319 1027 quam
2354 956 2564 1028 aqua
2630 937 2884 1010 dulcis
2930 936 3014 1011 in
3045 935 3340 1030 aequali
3383 956 3626 1028 quan-

2075 1051 2340 1138 titate,
2395 1058 2475 1130 et
2510 1053 2661 1132 hoc
2703 1075 2889 1138 non,
2932 1055 3092 1128 nisi
3141 1075 3288 1148 per
3321 1058 3627 1129 terres-

2072 1169 2496 1244 treitatem
2543 1170 2988 1245 admixtam
3043 1191 3297 1264 aquae.

2164 1290 2524 1362 Secunda
2576 1290 3036 1383 suppositio
3077 1293 3226 1372 est,
3275 1293 3483 1383 quod
3526 1293 3623 1365 ad
3697 1307 3861 1382 ‚Quia
3901 1307 3976 1356 aa

2073 1407 2687 1497 generationem
2738 1409 3161 1482 salsedinis
3201 1409 3626 1485 concurrit
3651 1383 3976 1547 ἓξΐῖἔῖᾗ

2072 1522 2290 1596 actio
2311 1523 2614 1597 caloris
2645 1526 3170 1617 evaporantis
3205 1526 3398 1599 illud
3421 1528 3627 1619 quod

2071 1640 2302 1712 dulce
2335 1647 2484 1723 est,
2522 1647 2601 1717 et
2636 1642 2929 1716 subtile
2976 1643 3446 1738 adjacentis,
3494 1643 3627 1716 sed

2073 1774 2482 1845 grossum,
2565 1760 2645 1831 et
2731 1760 3135 1831 terrestre
3228 1762 3621 1833 remanet.

2074 1871 2485 1946 Probatur
2573 1872 2884 1965 prim0,
2986 1873 3178 1966 quia
3259 1874 3624 1948 videmus

2071 2008 2433 2081 corpora
2501 1994 2780 2063 assata
2829 2011 3008 2063 esse
3062 1991 3323 2082 magis
3378 1992 3619 2075 salsa,

2069 2105 2195 2177 vel
2251 2107 2579 2192 tendere
2643 2106 2903 2200 magis
2947 2108 3044 2180 ad
3111 2108 3619 2192 salsedinem,

2070 2226 2152 2294 et
2202 2221 2352 2295 hoc
2406 2242 2566 2295 non
2614 2223 2771 2296 nisi
2848 2228 3192 2318 propter
3266 2225 3623 2300 adustio-

2070 2356 2253 2409 nem
2289 2339 2722 2415 terrestris
2762 2341 3288 2424 remanentis,
3333 2347 3414 2418 et
3445 2363 3624 2416 eva-

2070 2455 2588 2546 porationem
2637 2456 3119 2530 subtilioris.

2162 2574 2518 2646 Secundo
2573 2578 2824 2668 patet,
2872 2574 3061 2667 quia
3121 2578 3246 2648 est
3299 2575 3621 2667 quidam

2068 2687 2249 2759 fons
2304 2687 2384 2760 in
2447 2690 2776 2773 Arabia,
2838 2690 3065 2763 circa
3124 2712 3360 2783 quem
3411 2713 3623 2765 cres-

2067 2810 2260 2878 cunt
2301 2804 2594 2889 herbae,
2660 2827 2835 2899 quae
2896 2808 3277 2882 dicuntur
3334 2811 3624 2898 Seirpece

2062 2924 2454 3006 arundines,
2504 2945 2680 3016 quae
2740 2924 2809 2996 Si
2868 2924 3491 3006 comburantur,
3539 2929 3621 2999 et

2066 3039 2385 3112 cineres
2409 3061 2695 3114 earum
2725 3042 3165 3116 mittantur
3190 3043 3269 3115 in
3292 3063 3615 3135 aquam,

2064 3162 2661 3234 convertuntur
2695 3158 2773 3231 in
2808 3159 3087 3242 salem,
3133 3180 3344 3253 aqua
3378 3161 3620 3253 frige-

2064 3274 2307 3355 facta,
2349 3276 2555 3367 quod
2577 3296 2736 3347 non
2761 3280 2977 3349 esset
3001 3276 3173 3349 sinc
3198 3277 3619 3353 adustione

2063 3389 2394 3462 caloris.

2152 3506 2454 3588 Tertio,
2522 3508 2712 3602 quia
2770 3507 3115 3580 lixivum
3168 3530 3614 3602 numquam

2061 3624 2319 3704 fieret,
2404 3623 2564 3699 nisi
2631 3646 2732 3696 ex
2791 3625 3203 3698 cineribus
3270 3628 3611 3709 adustis,

2062 3740 2354 3813 saltem
2385 3759 2546 3812 non
2586 3740 2821 3814 fieret
2853 3740 3176 3813 bonum.
3217 3741 3615 3817 Similiter

2064 3856 2352 3929 melius
2411 3858 2503 3932 fit
2554 3878 2738 3930 cum
2771 3877 2984 3950 aqua
3027 3858 3312 3940 calida,
3369 3881 3612 3953 quam

2058 3993 2242 4045 cum
2275 3994 2485 4066 aqua
2526 3973 2851 4065 frigida,
2907 3976 3114 4067 quod
3158 3995 3322 4048 non
3356 3982 3601 4061 esset,

2058 4089 2220 4161 nisi
2275 4091 2491 4164 actio
2536 4089 2842 4162 caloris
2886 4091 3200 4165 faceret
3249 4093 3343 4165 ad
3379 4112 3610 4185 gene·

2062 4206 2473 4279 rationem
2508 4206 2959 4279 salsediniS.

2147 4326 2461 4405 Quarto
2491 4324 2924 4415 patetillud
2945 4325 3036 4397 de
3062 4324 3461 4398 salsedine
3489 4348 3610 4398 su-

2060 4441 2561 4533 perfluorum
2621 4442 3371 4527 nutrimentorum;
3421 4464 3610 4517 nam

2061 4576 2207 4648 per
2273 4558 2633 4634 calorem
2703 4558 3168 4631 naturalem
3229 4558 3607 4633 subtilius

2059 4673 2545 4746 nutrimenti
2615 4673 3084 4755 resolvitur,
3157 4679 3237 4748 et
3300 4675 3607 4748 siccum

2060 4794 2461 4863 terrestre
2503 4790 2904 4874 aduritur,
2989 4791 3220 4884 cujus
3279 4792 3604 4884 signum

2057 4913 2208 4989 est,
2257 4912 2565 5000 quanto
2598 4908 2899 4982 diutius
2943 4910 3445 5003 applicatum
3480 4933 3604 4984 ca·

2060 5024 2219 5097 lori
2264 5030 2632 5100 remanet
2692 5025 3023 5111 siccum,
3082 5029 3310 5101 tanto
3362 5027 3603 5103 effici-

2058 5146 2196 5215 tur
2226 5141 2548 5213 salsius,

2146 5257 2442 5340 Quinto
2500 5264 2744 5351 patet,
2785 5262 2973 5351 quia
3013 5280 3161 5352 per
3200 5261 3605 5335 actionem

2055 5377 2362 5449 caloris
2427 5379 2878 5452 resolvitur
2917 5378 3379 5461 humiditas,
3428 5402 3604 5473 quae

2055 5499 2180 5567 est
2230 5514 2480 5565 causa
2543 5494 3193 5589 putrefactioniS,
3244 5496 3414 5568 idco
3489 5519 3606 5569 re-

2059 5615 2330 5695 manet
2390 5611 2721 5701 siccum,
2794 5633 2891 5684 ex
2942 5633 3097 5713 quo
3159 5617 3606 5712 generatur
