4252 6393
1662 401 2024 478 QUAEs'rlo
2076 403 2121 463 11

301 588 455 667 esse
510 564 939 657 digestum,
995 566 1206 639 sicut
1267 566 1581 638 ferrum
1626 565 1825 655 igni-

303 688 508 756 retur
547 702 696 776 per
738 683 1008 774 ignem
1057 683 1225 756 cito
1276 685 1371 755 ad
1412 682 1678 762 finem,
1736 687 1824 756 ut

303 799 578 872 molliri
650 799 936 892 possit,
995 819 1154 870 non
1213 802 1487 873 tamen
1526 798 1824 870 dicere-

301 921 420 990 tur
453 915 881 1006 digestum,
929 914 1120 1006 quia
1170 935 1332 986 non
1389 919 1609 988 esset
1667 913 1821 986 hoc

301 1031 708 1104 secundum
744 1031 1278 1104 intrinsecam
1312 1030 1820 1122 qualitatem,

300 1149 412 1219 sed
438 1148 735 1223 dicitur
763 1152 1054 1237 alicujus
1079 1152 1304 1229 miaeei,
1342 1148 1532 1239 quia
1568 1148 1824 1239 diges-

299 1264 398 1337 tio
449 1270 571 1339 est
627 1264 1060 1359 dispositio
1113 1264 1819 1357 complexionalis,

299 1381 410 1453 vel
461 1381 923 1473 composita
971 1402 1071 1453 ex
1123 1385 1481 1472 quatuor
1529 1380 1822 1472 primis

300 1498 804 1589 qualitatibus
845 1500 1313 1580 actualiter,
1377 1503 1458 1573 et
1515 1499 1823 1573 virtua-

299 1612 465 1685 liter
493 1614 1118 1689 inexistentibus
1168 1615 1503 1695 intense,
1540 1616 1667 1687 vel
1705 1636 1821 1686 re-

303 1730 545 1812 misse,
591 1735 672 1805 et
717 1732 889 1804 ideo
930 1753 1091 1804 non
1127 1732 1540 1806 invenitur
1567 1731 1823 1822 diges-

300 1846 398 1918 tio
445 1849 783 1941 propria
844 1848 922 1920 in
979 1849 1334 1941 simplici
1391 1849 1817 1930 elementO,

296 1968 364 2037 et
389 1964 683 2041 dicitur
710 1969 1075 2035 secundum
1103 1968 1279 2056 quod
1310 1970 1596 2035 mixtum
1625 1970 1823 2034 inna-

298 2093 413 2147 tum
447 2093 539 2148 est
573 2104 795 2171 were,
830 2085 934 2150 vel
968 2085 1139 2171 pali,
1190 2086 1272 2157 et
1317 2102 1460 2174 per
1502 2080 1652 2153 hoc
1693 2102 1821 2152 ex-

296 2196 708 2270 cluduntur
786 2197 1230 2288 qualitates
1313 2199 1705 2279 secundae,
1773 2220 1821 2271 a

297 2312 560 2403 quibus
605 2314 1179 2407 principaliter
1229 2335 1390 2386 non
1445 2315 1822 2409 provenit

296 2430 488 2503 actio
523 2455 540 2512 ;
584 2431 710 2504 vel
748 2433 1064 2525 passim
1105 2433 1236 2505 sed
1259 2433 1560 2509 dicitur
1596 2457 1823 2502 secun-

296 2547 432 2613 dum
466 2551 669 2632 finem
727 2551 1080 2631 intentum,
1138 2549 1328 2641 quia
1367 2549 1644 2621 eadem
1690 2567 1821 2619 res

299 2667 543 2754 potest
634 2664 791 2737 dici
885 2664 1240 2757 perfecte
1322 2666 1640 2757 digesta
1726 2661 1823 2738 ad

299 2797 521 2850 unum
561 2779 828 2860 finem,
876 2801 1052 2871 quae
1093 2785 1310 2855 esset
1346 2780 1822 2873 imperfecte

296 2894 585 2985 digesta
634 2898 728 2969 ad
780 2897 1030 2969 alium
1072 2898 1336 2981 finem,
1385 2903 1472 2972 ut
1516 2899 1820 2973 dictum

296 3015 427 3084 est.
473 3015 570 3087 Et
621 3014 924 3088 dicitur
972 3018 1394 3104 simpliciter,
1452 3020 1555 3084 vel
1590 3040 1820 3085 secun·

298 3128 434 3196 dum
488 3146 762 3222 tempus,
810 3136 1154 3225 propter
1193 3151 1286 3204 ea
1332 3130 1583 3207 etiam
1646 3150 1820 3223 quae

302 3245 507 3336 prius
546 3247 762 3321 dicta
804 3251 1027 3329 sunt;
1084 3251 1166 3321 et
1207 3248 1322 3320 sie
1371 3252 1594 3341 patet
1636 3247 1820 3340 quid

303 3379 427 3450 per
455 3362 601 3436 hoc
635 3384 930 3436 nomen
979 3365 1286 3452 diqesciO.

378 3480 515 3551 Sed
572 3479 922 3555 ulterius
966 3478 1400 3560 sciendum,
1461 3479 1666 3569 quod
1714 3478 1820 3549 di-

304 3596 543 3681 gestio
603 3618 747 3690 pro
801 3598 961 3678 via,
1037 3602 1118 3671 et
1193 3597 1653 3670 mutatione
1726 3596 1822 3667 ad

301 3710 527 3783 talem
577 3713 1195 3807 dispositionem
1246 3714 1420 3807 jam
1469 3713 1820 3806 descrip-

298 3829 475 3909 tam,
519 3850 673 3902 non
714 3834 840 3903 est
881 3830 1121 3911 aliud,
1169 3849 1410 3922 quam
1455 3831 1817 3921 quaedam

298 3940 658 4017 alteratio
702 3944 1186 4038 dispositiva
1227 3945 1322 4016 ad
1365 3945 1614 4017 talem
1651 3964 1820 4037 per-

301 4055 730 4143 fectionem,
766 4061 894 4133 vel
934 4061 1548 4153 dispositionem
1585 4060 1821 4133 mixti

296 4171 448 4263 jam
488 4176 820 4259 dictam;
875 4182 956 4251 et
1005 4180 1132 4251 est
1192 4176 1381 4251 talis
1439 4177 1815 4269 digestio,

313 4289 699 4375 alteratio,
775 4314 949 4385 quae
1017 4293 1319 4367 dicitur
1396 4293 1638 4365 simul
1740 4297 1821 4366 et

303 4405 728 4492 calefactiO,
782 4415 863 4484 et
919 4411 1392 4492 exsiccatio,
1448 4414 1529 4484 et
1569 4410 1819 4483 etiam

304 4518 798 4608 humectatio,
834 4526 1029 4602 lieet
1083 4527 1520 4599 secundum
1564 4526 1820 4598 diver-

303 4656 418 4711 sas
467 4648 762 4734 partes,
822 4647 904 4717 et
953 4644 1530 4737 dispositiones
1565 4643 1818 4735 diges-

300 4753 546 4840 tionis,
577 4764 656 4834 et
691 4759 1070 4832 remissio
1106 4759 1184 4832 in
1217 4758 1668 4850 frigiditate
1712 4759 1820 4833 sit

304 4871 589 4964 aliquod
639 4895 915 4959 unum,
961 4876 1088 4948 vel
1132 4875 1406 4949 nonin
1451 4875 1817 4968 proposi-

305 4987 378 5057 to
430 4988 529 5063 sit
578 4991 730 5073 vis,
789 4991 1217 5064 dummodo
1266 4990 1390 5064 hae
1437 4991 1817 5068 mutatio-

307 5120 432 5176 nes
477 5108 708 5182 simul
766 5113 1240 5201 aggregatae
1290 5109 1439 5184 tali
1481 5130 1640 5182 uno
1683 5130 1817 5181 no-

313 5221 501 5295 mine
538 5231 875 5318 possunt
915 5226 1345 5320 appellari.
1389 5229 1490 5301 Et
1533 5226 1815 5299 simili-

314 5337 426 5408 ter
459 5340 765 5416 dicatur
828 5341 1173 5434 digestio
1246 5342 1510 5436 primo
1582 5343 1814 5415 modo

313 5450 523 5538 dicta,
553 5481 726 5552 quae
766 5463 890 5533 est
933 5460 1421 5552 aggregatio
1463 5458 1814 5532 diversa-

318 5585 479 5642 rum
554 5575 1047 5670 qualitatum
1117 5595 1277 5649 non
1330 5595 1814 5668 componen-

3369 397 3488 465 239

1940 565 2143 638 tium
2188 562 2515 655 aliquod
2568 576 2840 644 unum,
2888 561 3046 635 nisi
3099 562 3316 635 forte
3356 580 3491 651 ag-

1940 680 2391 773 gregative,
2466 680 2681 754 sicut
2749 678 3055 761 albedo,
3127 678 3487 762 dulcedo,

1938 802 2018 871 et
2077 798 2333 879 calor,
2403 796 2530 868 vel
2603 796 3015 887 frigiditas
3089 795 3169 868 in
3249 796 3484 868 laete.

1941 914 2222 986 Exilis
2268 917 2492 1007 patet
2534 915 2740 1006 quod
2782 913 3127 1004 digestio
3171 933 3331 985 non
3372 934 3491 985 re-

1940 1028 2196 1121 quirit
2240 1029 2868 1122 acquisitionem
2918 1047 3147 1101 novae
3200 1028 3489 1102 sormae

1939 1146 2533 1228 substantialiS,
2588 1150 2669 1221 et
2714 1146 2865 1218 hoc
2899 1168 2998 1219 ex
3033 1167 3189 1238 quo
3225 1147 3489 1219 solum

1936 1268 2061 1337 est
2117 1265 2548 1357 dispositio
2610 1264 3116 1356 qualitative,
3157 1267 3245 1338 ut
3286 1264 3491 1336 vide-

1937 1385 2098 1463 tur,
2138 1386 2224 1455 ut
2257 1382 2507 1474 aliqui
2544 1382 2924 1455 inferunt.

2035 1501 2345 1572 Contra
2432 1499 2636 1590 quod
2716 1501 2988 1572 tamen
3069 1497 3479 1590 objicitur,
3540 1504 3789 1569 ObJ'ectio·

1939 1613 2131 1705 quia
2164 1613 2653 1688 Aristoteles
2695 1614 2889 1688 dicit
2940 1620 3015 1683 in
3056 1618 3304 1696 littera,
3354 1612 3485 1684 ubi

1938 1731 2283 1823 quaestio
2315 1731 2554 1805 habet
2589 1731 2886 1812 locum,
2935 1732 3139 1823 quod
3177 1734 3341 1816 linis
3379 1734 3486 1800 di·

1931 1852 2253 1937 yettionis
2327 1862 2420 1917 ese
2486 1863 2759 1930 natura,
2839 1847 2911 1920 id
2977 1851 3135 1931 est,
3212 1847 3483 1921 forma

1936 1964 2528 2047 substantialis,
2615 1966 2802 2057 quia
2871 1986 3032 2038 non
3103 1966 3479 2045 materia,

1937 2103 2112 2174 quae
2147 2087 2270 2156 est
2306 2081 2911 2171 ingenerabilis,
2949 2085 3029 2154 et
3065 2082 3483 2174 incorrup-

1935 2195 2213 2278 tibilis,
2269 2202 2349 2270 et
2401 2197 3142 2288 inaugmentabilis.
3196 2201 3485 2271 Secun-

1933 2312 2056 2394 do,
2114 2313 2304 2404 quia
2356 2333 2499 2405 per
2547 2313 3084 2404 digestionem
3117 2334 3484 2388 corrum-

1936 2429 2164 2522 pitur
2226 2430 2847 2512 nutrimentum,
2912 2431 3100 2523 quia
3160 2450 3484 2522 semper

1935 2546 2360 2635 generatio
2404 2547 2639 2618 unius
2672 2551 2797 2621 est
2828 2547 3483 2621 concomitabilis

1935 2663 2452 2757 corruptioni
2486 2664 2855 2745 alterius,
2903 2664 3074 2736 ideo
3115 2664 3488 2756 sequitur

1937 2780 2145 2870 quod
2201 2779 2548 2869 digestio
2608 2780 2716 2854 sit
2768 2799 2927 2851 non
2988 2779 3162 2852 sine
3217 2779 3486 2853 forma

1937 2894 2489 2969 substantiali.

2022 3012 2326 3094 Tertio,
2365 3013 2552 3104 quia
2585 3013 2831 3087 aliter
2860 3034 3017 3086 non
3052 3013 3486 3105 distingue-

1937 3134 2168 3203 retur
2202 3129 2300 3201 ab
2341 3129 2855 3204 alteratione.

2023 3246 2138 3317 Ad
2171 3245 2321 3319 hoc
2355 3246 2654 3320 dicitur
2685 3247 3233 3322 communiter
3273 3246 3481 3340 quod
3516 3282 3825 3349 flamm-0,

1934 3362 2426 3438 Aristoteles
2491 3363 2831 3437 intendit
2883 3366 3090 3455 quod
3132 3363 3314 3436 finis
3356 3367 3482 3436 est

1936 3483 2264 3563 naturam
2320 3486 2400 3554 et
2445 3502 2590 3574 per
2658 3481 2732 3570 ly
2796 3497 3070 3563 namra,
3140 3480 3483 3555 intendit

1937 3596 2520 3689 perfectionem
2553 3599 3100 3680 essentialem,
3142 3598 3309 3669 sive
3351 3616 3486 3668 na·

1934 3712 2315 3796 turalem,
2355 3714 2525 3786 ideo
2558 3715 3078 3787 describendo
3107 3712 3486 3804 digestio-

1935 3850 2119 3902 nem
2160 3830 2366 3903 dixit
2409 3831 2615 3922 quod
2657 3833 2940 3921 diqestio
2988 3843 3082 3898 esc
3125 3832 3484 3919 perfecciO,

1937 3945 2008 4016 id
2056 3950 2206 4027 est,
2260 3946 2690 4039 dispositio
2735 3944 3101 4039 perfecta
3144 3944 3488 4036 qualita-

1935 4063 2123 4135 tive.
2174 4065 2319 4138 Sed
2350 4068 2573 4137 certe
2606 4062 3097 4136 Aristoteles
3130 4061 3325 4135 dicit
3359 4082 3486 4133 ex·

1937 4198 2240 4270 presse,
2284 4184 2445 4264 linis
2482 4193 2574 4247 esc
2622 4182 2697 4247 in
2748 4182 2856 4260 iis,
2903 4201 3050 4268 quoe
3106 4181 3184 4245 in
3238 4190 3486 4246 natura

1930 4310 2108 4377 sunt,
2155 4308 2403 4363 natura
2432 4310 2655 4363 aulem
2693 4318 2891 4383 quam
2921 4296 3209 4363 dicimus
3236 4298 3480 4385 specie,

1936 4410 2007 4481 id
2074 4414 2232 4492 est,
2317 4410 2671 4482 formam
2738 4414 2819 4484 et
2889 4410 3476 4493 substantiam;

1932 4547 2093 4599 non
2173 4527 2431 4617 igitur
2506 4528 2728 4602 valet
2806 4528 2966 4602 ista
3042 4527 3474 4620 expositio.

1938 4644 2117 4716 Ideo
2153 4644 2400 4720 aliter
2429 4644 2702 4718 dicunt
2746 4645 2911 4726 alii,
2961 4645 3094 4737 qui
3139 4648 3475 4738 ponunt,
3531 4661 3798 4737 Aqdiqes·

1931 4764 2013 4833 et
2043 4760 2266 4840 bene,
2315 4763 2402 4834 ut
2444 4764 2663 4853 puto,
2713 4761 2919 4853 quod
2965 4762 3059 4833 ad
3100 4734 3828 4852 digestio-miamin-

1931 4895 2114 4948 nem
2162 4875 2397 4949 multi
2452 4881 2719 4950 motus
2773 4881 3304 4959 concurrunt,
3349 4877 3477 4950 vel
3532 4859 3787 4902 ‘mmm'

1935 4991 2458 5066 mutationes.
2497 4993 2799 5076 Primo,
2848 4998 3116 5068 motus
3162 4993 3475 5076 localiS,

1932 5128 2086 5200 quo
2159 5110 2429 5184 activa
2497 5110 3020 5204 applicantur
3100 5109 3475 5203 passivis,

1933 5226 2319 5309 Secunde,
2391 5231 2662 5300 motus
2723 5226 3268 5309 alterationis,
3349 5226 3477 5299 vel

1932 5340 2210 5431 plures
2278 5342 2841 5427 alterationeS,
2909 5344 3196 5436 quibus
3264 5343 3476 5433 dige-

1933 5476 2120 5529 rens
2163 5463 2536 5533 assumat
2604 5458 2755 5532 sibi
2812 5458 3295 5550 digestibile,
3364 5459 3473 5532 in-

1927 5573 2420 5647 troducendo
2467 5573 2545 5645 in
2601 5574 2775 5668 ipso
2828 5575 3267 5667 qualitates
3320 5574 3474 5649 sibi
