4252 6393
1666 423 2024 502 QUAEs'rlo
2081 423 2124 488 V

347 583 721 654 materiae.
804 584 986 657 Ideo
1056 585 1558 680 temporibus
1632 588 1874 660 inter-

352 700 611 772 mediis
661 702 937 794 plures
968 705 1170 778 fiunt
1211 708 1463 779 venti.

118 835 332 882 causoeees-
422 820 635 890 Tunc
683 821 775 892 dc
820 821 1092 893 causis
1137 822 1647 903 cessationis,
1694 822 1870 894 dico

138 895 287 944 tutionis

115 965 312 1007 meorum.
352 938 534 1028 quod
588 958 856 1010 causae
906 939 1394 1012 cessationis
1442 944 1630 1012 sunt
1670 941 1866 1021 duae,

349 1054 647 1126 scilicet
685 1055 1061 1130 caliditas
1108 1060 1188 1128 et
1232 1055 1667 1144 frigiditas,
1749 1060 1871 1128 ta-

351 1191 507 1242 men
574 1172 1139 1244 diversimode.
1212 1172 1429 1243 Unde
1497 1172 1870 1245 caliditas

346 1287 763 1378 dupliciter
803 1292 1074 1380 potest
1114 1311 1292 1360 esse
1323 1308 1572 1360 causa
1605 1308 1871 1359 cessa-

351 1403 575 1475 tionis
622 1403 871 1477 venti.
919 1404 1093 1475 Uno
1145 1405 1417 1485 modo,
1452 1403 1639 1495 quia
1683 1425 1872 1496 pro-

345 1521 547 1594 venit
622 1521 1102 1594 desiccando
1182 1527 1520 1600 terram,
1608 1521 1871 1613 prius-

345 1656 563 1724 quam
627 1635 898 1709 fumus
957 1636 1347 1716 elevetur,
1393 1640 1473 1708 et
1515 1635 1630 1707 sie
1676 1657 1869 1727 quo-

345 1751 755 1824 dammodo
837 1753 1184 1825 suffocat
1235 1750 1868 1832 exhalationem,

342 1868 544 1938 verbi
580 1868 880 1958 gratia,
920 1869 998 1940 in
1031 1868 1442 1962 exemplo:
1472 1888 1658 1938 nam
1694 1887 1869 1958 par-

339 2005 508 2055 vum
550 1985 862 2076 lignum
916 1986 1145 2079 prius
1184 1991 1311 2059 est
1356 1985 1869 2057 combustum

342 2105 408 2176 in
470 2103 655 2193 igne
726 2122 1021 2193 magno
1074 2123 1313 2195 quam
1364 2101 1695 2175 emittat
1757 2100 1867 2171 fu-

340 2241 566 2292 mum.

414 2337 591 2409 Alio
650 2336 883 2408 modo
935 2334 1309 2407 caliditas
1359 2333 1556 2406 facit
1606 2352 1867 2406 cessa-

340 2473 413 2523 re
441 2456 795 2533 ventum,
842 2452 1385 2524 consumendo
1432 2451 1865 2524 materiam

338 2572 567 2651 venti,
624 2570 1099 2642 resolvendo
1154 2570 1416 2662 ipsam
1472 2569 1550 2639 in
1591 2588 1865 2640 aerem

337 2692 406 2760 et
440 2689 972 2781 dispergendo
1018 2708 1160 2780 per
1193 2687 1371 2759 loca
1402 2685 1748 2767 diversa,
1786 2687 1867 2758 ct

338 2804 439 2877 sic
470 2805 555 2876 in
584 2809 871 2879 aestate
914 2803 1273 2877 faciliter
1318 2806 1644 2875 cessant
1684 2821 1867 2872 ven-

338 2922 392 2993 ti
480 2927 823 3016 propter
927 2921 1466 2995 intensionem
1563 2918 1866 2992 caloris

337 3040 565 3111 Solis.
626 3039 1027 3112 Similiter
1079 3037 1485 3126 frigiditas
1537 3035 1866 3128 duplici·

337 3160 451 3229 ter
516 3162 642 3231 est
703 3177 952 3231 causa
1008 3154 1231 3229 venti
1296 3152 1782 3228 cessationis
1847 3178 1860 3223 :

336 3296 478 3348 uno
528 3277 761 3347 modo
815 3276 1003 3368 quia
1040 3296 1181 3368 per
1212 3274 1865 3363 congelationem

334 3391 825 3481 constringit
878 3409 1155 3483 poros,
1210 3393 1289 3461 et
1343 3393 1656 3461 meatus
1707 3391 1867 3460 ter-

340 3529 464 3588 rae,
505 3512 589 3581 ct
633 3508 1007 3602 prohibet
1056 3506 1597 3579 elevationem
1629 3503 1865 3575 exha-

337 3625 680 3699 lationis.
746 3625 927 3697 Alio
992 3624 1223 3696 modo
1278 3621 1864 3713 quodammodo

338 3741 912 3832 submergendo
945 3738 1578 3817 exhalationem,
1623 3756 1863 3828 quan-

336 3858 425 3930 do
454 3866 577 3932 est
612 3881 733 3932 ma
750 3879 906 3949 gna
940 3856 1374 3945 frigiditas,
1410 3859 1490 3928 et
1532 3853 1863 3925 humidi-

338 3979 455 4047 tas
486 3976 725 4048 simul
768 3973 1250 4067 cooperiens
1293 3973 1588 4052 locum,
1627 3992 1673 4041 a
1707 3991 1863 4061 quo

335 4093 554 4168 debet
591 4091 1006 4165 exhalatio
1037 4090 1370 4168 elevari,
1433 4093 1513 4161 et
1557 4087 1671 4160 sic
1706 4087 1864 4159 for-

338 4210 409 4278 te
447 4214 570 4283 est
622 4208 827 4300 quod
882 4227 929 4277 a
987 4204 1227 4277 fundo
1281 4204 1534 4276 maris
1587 4223 1864 4295 pauca}

337 4324 882 4399 exhalationes
948 4322 1398 4401 elevantur,
1450 4341 1626 4412 qua}
1681 4340 1863 4391 con-

338 4447 760 4516 vertuntur
818 4441 899 4513 in
958 4443 1310 4512 ventum.
1369 4439 1603 4510 Patet
1658 4457 1859 4525 ergo

340 4580 505 4649 quae
555 4560 655 4632 sit
703 4579 952 4633 causa
992 4553 1597 4633 commotionis,
1643 4558 1724 4627 et
1756 4553 1863 4625 fa·

339 4676 554 4749 ciens
583 4698 906 4750 cessare
928 4679 1254 4747 ventos.
1296 4675 1394 4745 Et
1426 4671 1576 4744 hoc
1617 4672 1708 4743 de
1751 4693 1865 4743 se-

337 4795 607 4866 cundo.

820 5119 1246 5176 ARTICULL'S
1278 5116 1371 5173 111.

349 5287 436 5353 De
472 5296 680 5358 ccc-esis
735 5291 1172 5381 quorumdam
1231 5292 1582 5375 effectuum
1644 5301 1866 5355 veneo-

1016 5427 1185 5473 rum.

441 5610 833 5692 Quantum
910 5604 1006 5676 ad
1083 5603 1421 5677 tertium
1503 5629 1517 5671 :
1598 5602 1870 5675 dandae

3418 423 3528 487 149

1990 595 2178 664 sunt
2253 611 2520 663 causae
2585 591 3088 665 diversitatis
3151 609 3530 680 quorum-

1984 705 2166 777 dam
2198 713 2656 790 ventorum,
2741 708 3092 782 maxime
3139 708 3532 778 Boreaeet
3615 709 3824 756 ΗΘΜ*

1986 826 2295 905 Austri,
2349 826 2536 917 quia.
2577 827 2668 897 de
2709 826 2894 898 aliis
2939 825 3140 897 satis
3187 828 3408 916 patet
3453 825 3528 894 in

1984 949 2238 1017 textu.
2277 945 2494 1015 Unde
2531 945 2796 1037 primo
2831 945 3138 1014 Boreas
3184 947 3307 1015 est
3349 962 3528 1013 ven-

1986 1065 2116 1135 tus
2173 1061 2465 1142 siccus,
2514 1082 2853 1133 serenus
2916 1064 2995 1133 ct
3029 1076 3302 1141 sanus,
3343 1058 3530 1149 quia

1986 1179 2422 1250 secundum
2486 1177 2836 1249 medicos
2897 1174 3218 1248 confert
3279 1176 3372 1246 ad
3425 1175 3530 1246 di-

1985 1296 2463 1384 gestionem,
2519 1300 2600 1369 et
2641 1294 3055 1366 confortat
3096 1292 3260 1363 vim
3302 1312 3528 1381 genc-

1987 1413 2364 1494 rativaln,
2454 1414 2532 1484 in
2617 1417 2932 1486 tantum
3004 1409 3210 1503 quod
3286 1410 3528 1481 flante

1983 1532 2249 1601 Borea
2319 1530 2588 1622 potius
2660 1533 3160 1621 generantur
3222 1546 3527 1598 mascu-

3612 771 3808 833 qualis.

1980 1648 2061 1719 li.
2120 1648 2267 1720 Sed
2328 1649 2628 1720 Auster
2688 1652 2812 1720 est
2871 1650 3159 1718 ventus
3220 1643 3524 1736 pluvio·
3578 1663 3799 1713 Auster.

1983 1786 2145 1845 sus,
2211 1764 2606 1845 humiduS,
2677 1763 3055 1835 inducens
3115 1760 3525 1851 aegritudi-

1981 1903 2121 1953 nes
2165 1885 2474 1962 acutas,
2516 1886 2594 1954 et
2644 1879 3217 1955 tunchomines
3257 1877 3520 1970 magis

1981 2001 2375 2090 appetunt
2409 2018 2807 2068 somnum.

2083 2115 2444 2186 Secundo
2514 2117 2881 2206 apparet,
2965 2111 3154 2203 quia
3223 2110 3520 2201 saepius

1980 2231 2183 2302 fiunt
2224 2230 2443 2302 venti
2479 2229 2862 2300 Boreales
2907 2247 3150 2319 quam
3186 2229 3522 2299 Austra-

1980 2346 2120 2417 les,

2068 2463 2372 2543 Tertio,
2423 2461 2612 2553 quia
2661 2459 2879 2533 venti
2921 2458 3329 2531 australes
3366 2477 3524 2529 ina-

1970 2577 2199 2668 jores
2233 2580 2419 2650 sunt
2455 2576 2958 2649 Borealibus.
2989 2579 3251 2648 Causa
3281 2572 3524 2664 primi

1975 2697 2100 2766 est
2141 2693 2323 2774 ista,
2353 2693 2540 2785 quia
2581 2697 2869 2765 ventus
2907 2691 3273 2762 Borealis
3295 2689 3516 2762 venit

1977 2829 2024 2880 a
2056 2809 2452 2882 lateribus
2481 2809 2902 2889 montium,
2934 2828 3107 2899 quae
3138 2806 3522 2898 objiciun-

1979 2928 2118 2996 tur
2188 2924 2282 2996 ad
2351 2925 2644 3005 Solem,
2715 2928 2796 2997 et
2869 2921 3425 3015 respiciuntur
3475 2941 3524 2991 a

1981 3043 2189 3124 Sole,
2237 3046 2316 3115 et
2364 3041 2535 3113 idco
2586 3041 2856 3113 fumus
2904 3040 3064 3121 ille,
3120 3039 3256 3131 qui
3315 3039 3524 3113 cedit

1982 3155 2061 3228 in
2097 3155 2529 3229 materiam
2574 3154 2789 3228 venti
2845 3153 3214 3227 Borealis
3261 3152 3523 3245 magis

1978 3278 2105 3346 est
2137 3274 2539 3345 alteratus
2581 3293 2625 3343 a
2668 3272 3110 3351 caliditate,
3147 3274 3226 3342 et
3261 3270 3522 3361 magis

1977 3389 2368 3479 digestus,
2441 3393 2521 3462 et
2582 3390 2842 3478 magis
2909 3390 3378 3479 depuratuS,
3442 3392 3523 3462 ct

1982 3508 2153 3581 ideo
2213 3511 2501 3579 ventus
2563 3506 2696 3578 illc
2745 3512 2870 3580 est
2915 3506 3238 3585 siccior,
3286 3527 3520 3597 prop·

1978 3628 2110 3698 ter
2148 3623 2685 3713 digestionem
2746 3622 3043 3695 factam
3109 3644 3155 3693 a
3213 3623 3515 3704 calore,

1976 3744 2057 3813 et
2089 3744 2213 3812 est
2256 3738 2635 3829 frigidior
2676 3736 3246 3831 propter‘loca
3298 3738 3523 3828 frigi-

1975 3856 2233 3938 diora,
2272 3877 2417 3948 pcr
2450 3877 2622 3946 quae
2658 3855 2983 3929 transit.

2068 3974 2214 4045 Sed
2244 3979 2534 4045 ventus
2578 3970 2994 4046 Australis
3044 3974 3265 4046 venit
3315 3994 3362 4043 a
3416 3973 3522 4045 la-

1978 4092 2288 4165 teribus
2325 4092 2747 4172 montium,
2795 4111 2970 4181 quae
3025 4089 3524 4181 objiciuntur

1978 4207 2072 4278 ad
2135 4205 2642 4297 Aquilonem,
2697 4210 2776 4279 et
2829 4205 3385 4297 respiciuntur
3426 4207 3526 4277 ab

1977 4321 2399 4414 Aquilone,
2446 4326 2525 4394 et
2556 4342 2714 4394 non
2749 4343 2794 4391 a
2838 4322 3045 4403 Sole,
3085 4323 3217 4394 sed
3253 4324 3524 4415 potius

1978 4443 2199 4511 stant
2238 4437 2312 4508 in
2350 4438 2634 4509 umbra
2669 4437 2904 4519 solis,
2969 4438 3142 4509 idco
3177 4460 3525 4531 vapores

1979 4553 2268 4625 ibidem
2334 4553 2665 4636 elevati,
2742 4557 2928 4625 sunt
2997 4553 3521 4640 humidiores,

1977 4670 2461 4749 crassiores,
2510 4673 2589 4741 et
2631 4669 2894 4742 minus
2955 4670 3170 4762 puri;
3226 4676 3307 4744 et
3352 4672 3523 4743 ideo

1979 4792 2266 4860 ventus
2328 4785 2743 4858 Australis
2795 4791 2918 4858 est
2961 4784 3336 4859 humidus
3401 4810 3522 4861 ra.-

1976 4905 2199 4978 tione
2237 4902 2573 4996 vaporis
2625 4903 2914 4984 crassi,
2953 4924 3050 4974 ex
3096 4926 3250 4995 quo
3295 4926 3524 4995 gene-

1982 5025 2242 5102 ratur,
2280 5024 2361 5092 et
2394 5024 2518 5091 est
2550 5019 2857 5090 calidus
2894 5025 3233 5112 propter
3267 5024 3523 5113 regio-

1978 5157 2146 5218 neS,
2198 5158 2340 5229 per
2382 5156 2580 5227 quas
2624 5136 2950 5217 transit,
3034 5159 3220 5210 nam
3268 5141 3523 5230 regio-

1978 5274 2117 5323 nes
2190 5252 2758 5325 meridionales
2828 5253 3258 5325 calidiores
3337 5262 3522 5330 sunt

1981 5368 2796 5460 septentrionalibus.

2088 5489 2352 5557 Causa
2437 5486 2784 5567 secundi,
2878 5486 3189 5560 scilicet
3271 5509 3520 5579 quare

1986 5600 2259 5692 plures
2305 5603 2583 5674 Borea)
2635 5606 2861 5684 liunt,
2918 5608 3069 5676 etc.
3123 5610 3245 5676 est
3289 5604 3446 5677 ista
3498 5633 3511 5676 :

3677 5554 3731 5606 6.
