4252 6393
746 353 865 420 268

731 521 1178 609 dum‘rem,
1233 546 1328 600 eo
1369 530 1575 620 quod
1620 532 1962 607 realiter
2003 534 2276 628 priva-

730 636 851 710 tio
885 638 1891 739 educitur-cumssmateria,
1931 653 2017 723 ut
2054 651 2277 743 patet

730 750 952 826 cirea
1027 755 1270 831 finem
1351 761 1480 834 lib.
1553 765 1616 837 1.
1691 763 2272 857 physicorum,

380 862 703 989 “5320‘2‘9-
728 870 928 944 text.
967 895 1033 947 e.
1081 877 1189 947 59.
1225 879 1303 948 et
1335 878 1445 950 66.
1499 878 1721 951 Unde
1751 879 2111 972 privatio
2152 881 2278 951 est

396 998 642 1125 rimu
737 991 1230 1086 principium
1306 997 1577 1079 fiendi,
1648 1018 1810 1070 non
1875 1017 2074 1071 vero
2160 1018 2278 1070 es·

596 1100 611 1118 ⁹
728 1109 990 1191 sendi;
1030 1113 1377 1186 materia
1408 1114 1649 1196 enim,
1686 1117 1764 1186 et
1798 1112 2067 1186 forma
2098 1133 2278 1186 esse

729 1233 848 1307 rei
883 1237 1373 1325 generabilis
1407 1240 1940 1312 constituunt.

514 1370 570 1424 3.
824 1360 952 1433 Sic
1004 1363 1257 1436 etiam
1304 1364 1506 1445 dico,
1573 1367 1781 1458 quod
1841 1366 1923 1439 in
1979 1386 2274 1456 genere

734 1489 1274 1565 materiarum
1309 1492 1658 1566 materia
1710 1492 2274 1585 Metaphysiea

725 1618 848 1687 est
884 1618 1233 1690 materia
1274 1620 1541 1712 primo
1585 1621 1876 1713 prima
1912 1624 2276 1699 Vocatur

378 1738 704 1878 Nym
734 1742 1083 1815 materia
1144 1744 1731 1838 Metaphysiea,
1792 1748 2009 1831 illud,
2067 1754 2272 1842 quod

407 1866 595 1929 coqui
649 1867 677 1916 ²
733 1868 1071 1958 praestat
1156 1867 1719 1945 fulcimentum
1796 1872 2273 1966 cuicumque

729 1992 1044 2076 formae,
1102 1996 1422 2087 qualem
1474 1997 1851 2090 ponimus
1905 1999 1986 2072 in
2018 2002 2271 2091 Ange-

728 2117 854 2202 lis,
901 2123 980 2193 et
1022 2120 1298 2193 anima
1357 2122 1771 2205 rationali,
1836 2126 2271 2199 secundum

732 2248 1281 2340 Augustinum
1337 2250 1417 2321 et
1462 2249 1840 2322 Boetium
1878 2253 1959 2319 de
2005 2253 2275 2321 Unitate

726 2387 789 2445 ec
835 2374 1001 2445 Uno.
1036 2397 1093 2442 c.
1128 2376 1195 2448 1.
1240 2386 1299 2443 et
1335 2376 1404 2447 2.

1282 2572 1684 2631 SCHOLIUM.

796 2754 864 2809 In
899 2750 1180 2822 AngeliS,
1214 2754 1275 2808 et
1311 2751 1523 2809 anima
1566 2754 1852 2810 rationali
1893 2754 2029 2813 dari
2072 2763 2273 2817 mate-

725 2854 908 2919 riam,
943 2866 1064 2908 non
1097 2866 1218 2908 uno
1262 2852 1374 2908 hoc
1423 2853 1555 2909 loco
1600 2853 1825 2912 asserit
1862 2856 2094 2926 ScotuS,
2158 2874 2272 2917 ve·

724 2964 867 3008 rum
900 2951 1087 3008 etiam
1120 2954 1337 3023 quaest.
1365 2951 1451 3008 15.
1485 2950 1561 3007 de
1593 2953 1841 3010 Anima.
1864 2957 1924 3011 et
1962 2961 2179 3027 quaest.
2211 2960 2267 3016 7.

727 3051 920 3122 hujus
976 3051 1205 3121 operia,
1278 3050 1382 3108 ubi
1457 3051 1760 3108 latissime
1834 3052 2268 3121 difficultatem

728 3151 889 3208 hanc
929 3147 1245 3222 expendit,
1295 3153 1356 3207 et
1405 3150 1728 3222 ingeniose
1776 3168 1891 3225 per
1938 3154 2269 3216 duodecim

724 3245 1102 3317 quaestiones
1161 3243 1434 3315 explicat
1478 3245 1633 3316 quid
1698 3248 1950 3304 nomine
2019 3253 2271 3306 materia

724 3343 1209 3413 intelligendum
1261 3344 1340 3400 sit
1389 3344 1453 3399 in
1501 3346 1865 3406 substantiis
1916 3349 2273 3423 spirituali-

725 3442 777 3500 b·
774 3457 860 3500 ιε.
896 3441 1129 3501 Ibidem
1162 3456 1270 3500 nos
1300 3443 1486 3514 plura
1516 3445 1971 3503 adnotabimus,

811 3626 1178 3698 Vocatur
1238 3628 1510 3697 autem
1565 3624 1915 3697 materia
1973 3638 2270 3709 extensa,

726 3750 1078 3823 materia
1112 3748 1694 3822 Mathematica
1729 3750 2074 3822 secundo
2115 3751 2275 3842 pri-

722 3895 876 3957 ma,
935 3876 1150 3967 quia,
1189 3878 1274 3947 ut
1308 3875 1859 3948 communiter
1916 3879 2269 3959 tenetur,

713 4007 859 4079 sub
916 4004 1396 4098 quantitate,
1452 4005 1530 4074 et
1584 4002 1729 4074 sub
1775 4002 2043 4077 forma
2101 4026 2274 4081 cor-

715 4153 990 4228 porea,
1054 4137 1179 4206 est
1283 4130 1736 4222 subjeetum
1823 4133 2277 4224 generatio-

716 4268 870 4340 nis.
916 4265 1220 4337 Tamen
1271 4264 1459 4356 quia
1499 4266 1799 4336 natura
1848 4282 2010 4334 nen
2070 4263 2269 4361 agit,

715 4393 875 4467 nisi
911 4412 1057 4486 per
1088 4391 1641 4466 instrumenta
1674 4409 1846 4470 sua,
1885 4409 2060 4481 quae
2087 4393 2272 4461 sunt

722 4524 1078 4613 quatuor
1153 4518 1625 4611 qualitates,
1709 4536 1885 4608 quae
1951 4517 2272 4588 contra·

726 4648 1104 4721 rietatem
1173 4665 1331 4717 non
1398 4643 1692 4715 habent
1754 4641 1848 4712 ad
1916 4640 2271 4712 formam

722 4793 1234 4868 corpoream,
1296 4771 1467 4843 ideo
1520 4789 1676 4840 non
1728 4769 2270 4859 corrumpunt

719 4910 924 4971 eam,
980 4892 1154 4963 tum
1191 4886 1379 4980 quia
1414 4882 1862 4977 subjeetum
1896 4881 2058 4954 tale
2092 4902 2269 4953 esse

715 5007 969 5090 debet,
1016 5007 1221 5099 quod
1261 5005 1358 5076 ab
1392 5004 1681 5094 agente
1722 4997 1982 5093 possit
2033 4997 2270 5070 attin·

719 5125 825 5218 gi.
890 5121 1244 5197 Materia
1293 5122 1565 5192 autem
1620 5116 2109 5207 incorporea
2171 5113 2271 5184 ab

716 5243 1007 5333 agente
1057 5234 1501 5330 corporali,
1568 5234 1858 5322 agente
1921 5249 2066 5322 per
2116 5227 2268 5299 dis-

720 5355 1168 5450 positiones
1204 5349 1665 5442 singulares
1709 5351 1787 5419 et
1823 5364 2268 5437 corporeas

719 5469 1016 5562 attingi
1077 5489 1238 5540 non
1272 5468 1565 5559 potest.

498 5618 556 5676 5.
812 5588 942 5668 Sic
988 5586 1249 5680 igitur
1302 5581 1651 5657 materia
1704 5575 2268 5671 Metaphysioa

1901 364 2003 432 nn
2047 368 2315 435 numm
2357 349 2773 442 ratumne.

2393 538 2516 610 est
2541 539 2809 632 primo
2836 543 3102 636 prima
3129 545 3208 619 in
3233 566 3528 639 genere
3556 555 3916 631 materia-

2396 682 2621 735 rum:
2663 668 3012 741 materia
3048 670 3627 751 Mathematiea
3660 700 3917 755 secun·

2391 789 2488 861 do
2550 793 2814 884 prima
2877 796 2957 867 in
3011 814 3305 887 genere
3358 802 3910 889 materiarum,

2393 927 2567 1000 quae
2620 910 2960 986 subsunt
3001 912 3350 989 diversis
3383 921 3915 1008 generationi-

2389 1022 2559 1107 bus,
2622 1029 2699 1099 et
2761 1032 3450 1125 corruptionibus.
3497 1038 3598 1110 Et
3661 1057 3918 1110 secun-

2389 1142 2574 1213 dum
2641 1143 2792 1218 hoe
2853 1148 2934 1220 in
2994 1149 3349 1241 quolibet
3412 1172 3731 1243 genere,
3799 1155 3919 1226 vel
3989 1169 4173 1237 Ῑηφωι

2392 1255 2472 1328 in
2525 1259 2877 1352 qualibet
2933 1266 3222 1357 speeie,
3286 1270 3409 1339 est
3458 1266 3650 1340 dale
3698 1288 3916 1341 suam

2391 1377 2823 1450 materiam
2889 1381 3155 1474 p1imo
3219 1384 3607 1476 primam;
3674 1389 3759 1458 ut
3812 1407 3916 1458 se-

2389 1512 2569 1565 men
2613 1494 2693 1567 in
2726 1516 3020 1587 genere
3054 1501 3567 1584 animalium3
3606 1523 3812 1597 aqua
3847 1504 3918 1577 in

3939 1233 4009 1283 bet
4024 1250 4173 1308 genere

3939 1304 3983 1345 et
4015 1299 4065 1346 in
4102 1316 4173 1364 quo

3941 1358 4046 1408 libet
4068 1364 4173 1424 speci

3938 1430 4007 1470 est
4073 1425 4173 1474 dara

3937 1498 4076 1533 suam
4118 1502 4173 1539 ma

3936 1553 4004 1593 ter
3983 1546 4103 1596 riam
4115 1550 4173 1611 pn

2388 1630 2682 1701 genere
2717 1614 3259 1707 liquabilium;
3303 1623 3532 1693 terra
3579 1622 3656 1694 in
3691 1641 3918 1713 gene·
3936 1613 4173 1723 mmm

2389 1750 2476 1802 le
2518 1732 2970 1817 aridorum;
3007 1740 3085 1807 et
3128 1736 3358 1811 sicin
3417 1738 3762 1815 diversis
3795 1761 3920 1831 ge-

2383 1848 2713 1949 neribus
2760 1854 2882 1923 est
2922 1852 3114 1925 dare
3156 1854 3430 1946 aliqua
3494 1857 3920 1950 principia,

2384 1952 2673 2039 tamin
2725 1987 3021 2059 genere
3070 1991 3249 2043 esse
3302 1971 3682 2046 formalis
3719 1976 3929 2068 prin-

2385 2083 2602 2177 cipii,
2642 2087 2726 2155 ut
2764 2085 2905 2158 illa
2937 2107 3112 2178 quae
3144 2088 3333 2160 dant
3371 2089 3726 2183 primum
3759 2114 3929 2167 esse

2383 2200 2730 2274 formale
2774 2205 3167 2287 materiae,
3228 2227 3473 2299 quam
3519 2208 3600 2281 in
3633 2228 3928 2300 genere

2387 2319 2871 2402 materialis,
2922 2324 2999 2393 et
3053 2322 3169 2396 sic
3210 2322 3302 2396 de
3351 2323 3564 2398 aliis.
3619 2328 3735 2399 De
3782 2327 3926 2401 tali

2386 2436 2656 2529 primo
2727 2438 2806 2510 in
2876 2460 3173 2530 genere
3250 2463 3412 2514 non
3489 2446 3923 2536 quaeritur,

2384 2555 2663 2625 utrum
2716 2554 2820 2627 sit
2865 2576 3112 2630 unum
3168 2557 3689 2653 principium,
3747 2559 3928 2659 quia

2383 2672 2605 2763 patet
2669 2674 2875 2765 quod
2936 2674 3016 2747 in
3056 2674 3403 2750 diversis
3465 2678 3922 2768 generibus,

2384 2790 2569 2859 sunt
2610 2787 2937 2861 diversa
2978 2792 3413 2885 principia.

2471 2906 2614 2976 Est
2649 2904 2866 2978 aliud
2902 2908 3423 3002 plincipium,
3475 2913 3684 3004 quod
3735 2913 3926 2988 diei-

2377 3025 2944 3114 tursimpliczter
2976 3031 3418 3118 princ-tpittm,
3470 3032 3678 3122 quod
3709 3053 3923 3105 com·
3937 3062 4023 3125 ξη-
4024 3060 4173 3172 mm

3982 3128 4164 3186 timpum

2384 3144 2732 3232 palatul
2798 3143 2893 3215 ad
2962 3144 3270 3228 omnia,
3347 3146 3926 3242 cujuscumque

2384 3255 2546 3328 sint
2609 3259 2957 3348 generis,
3024 3263 3162 3332 aut
3215 3262 3538 3354 speciei,
3606 3268 3747 3336 aut
3809 3286 3932 3337 ac-

2382 3373 2660 3454 tionis,
2717 3376 2794 3446 et
2853 3380 3222 3468 respectu
3288 3378 3652 3452 omnium
3697 3379 3931 3453 habet

2384 3491 2878 3584 simpliciter
2915 3495 3444 3586 primitatem,
3493 3500 3931 3572 secundum

2388 3605 2793 3678 rationem
2863 3608 3415 3690 causalitatis,
3498 3632 3677 3702 quae
3751 3633 3935 3706 pro-

2389 3722 2564 3815 prie
2627 3724 3115 3799 attribuitur
3182 3746 3448 3800 causae
3507 3729 3930 3813 efficienti;

2386 3844 2464 3913 et
2528 3844 2962 3915 seeundum
3023 3844 3344 3917 modum
3396 3847 3930 3929 causationis,

2390 3957 2524 4050 qui
2584 3959 3069 4032 attribuitur
3108 3961 3394 4036 formae
3452 3965 3932 4059 exemplari,

2388 4095 2549 4146 non
2610 4074 2895 4148 formae
2947 4076 3421 4163 inhaerenti;
3503 4085 3581 4154 et
3656 4103 3935 4156 secun-

2387 4190 2574 4263 dum
2620 4193 3023 4265 rationem
3068 4194 3277 4276 finis,
3340 4196 3528 4288 quia
3565 4198 3731 4271 ista
3770 4197 3934 4271 tria

2390 4331 2690 4402 genera
2730 4329 3164 4382 causarum
3195 4312 3466 4386 dieunt
3511 4314 3933 4406 perfeetio-

2387 4445 2594 4496 nem.
2642 4427 2820 4497 Non
2871 4429 3144 4497 autem
3189 4432 3516 4520 oportet
3552 4432 3765 4521 quod
3799 4432 3932 4502 ha-

2384 4541 2567 4613 beat
2612 4542 3117 4634 primitatem
3180 4546 3614 4618 seeundum
3681 4546 3931 4620 ratio-

2386 4679 2569 4730 nem
2630 4679 2896 4732 causae
2957 4660 3441 4743 materialis,
3507 4663 3702 4754 quia
3741 4662 3929 4736 talis

2380 4774 2573 4847 dicit
2620 4774 3357 4867 imperfectionem.

2477 4892 2618 4962 Est
2686 4890 2938 4964 etiam
3010 4891 3654 4982 intelligendum,
3730 4892 3932 4984 quod

2384 5027 2544 5078 non
2588 5008 2994 5098 quaeritur
3035 5008 3165 5082 hie
3216 5010 3306 5081 de
3348 5009 3805 5103 primitate,
3858 5013 3932 5082 et

2384 5121 2698 5195 unitate
2750 5123 2895 5196 Dei
2943 5122 3313 5195 absolute
3363 5124 3442 5196 in
3494 5146 3603 5204 se,
3653 5125 3746 5197 de
3782 5143 3932 5217 qua

2384 5237 2664 5329 agitur
2700 5238 2778 5310 in
2815 5239 3081 5331 primo
3120 5239 3758 5321 Sententiarum,
3807 5241 3933 5312 sed

2381 5355 2472 5427 de
2556 5354 2977 5447 primitate
3043 5358 3120 5427 et
3196 5354 3507 5429 unitate
3573 5357 3780 5451 ejus,
3857 5355 3932 5429 in

2382 5469 2999 5564 comparatione
3059 5473 3153 5545 ad
3204 5477 3660 5553 creaturas,
3693 5472 3931 5545 ratio·

2381 5607 2480 5661 ne
2547 5606 2848 5669 causae,
2915 5589 2992 5659 et
3054 5587 3404 5664 maxime
3470 5586 3921 5663 efficientis

4057 2933 4098 2984 6.

3975 2997 4093 3053 Quid
4146 2994 4173 3049 sl

4007 3198 4075 3240 ter
4093 3189 4113 3236 7
