4252 6393
746 458 854 526 194

727 621 994 702 ssexi0‚
1068 617 1733 710 quemadmodum
1812 614 2083 686 radius
2165 613 2272 684 lu-

733 736 976 809 minis
1061 735 1476 825 frangitur
1571 736 1665 805 ad
1761 732 2271 824 superficiem

731 874 984 945 aqua-22,
1041 856 1384 946 apparet
1446 850 1551 923 ibi
1601 850 1941 923 claritas
2002 848 2273 940 aliqua

733 993 831 1043 ex
865 970 1168 1043 lumine
1215 970 1538 1041 reflexo.

524 1104 575 1180 ⁵:
827 1092 927 1161 Et
960 1088 1028 1160 si
1064 1091 1507 1180 quaeratur,
1555 1105 1805 1177 quare
1850 1083 1927 1155 in
1973 1083 2273 1155 refrac-

426 1169 681 1220 Dubwm'
738 1208 982 1289 tione,
1023 1228 1160 1278 seu
1197 1204 1635 1277 reflexione
1680 1202 1884 1274 radii
1928 1201 2139 1273 Solis
2182 1200 2277 1271 ad

734 1343 1126 1415 vaporem
1159 1343 1317 1394 non
1351 1325 1692 1414 apparet
1745 1320 2016 1409 imago
2066 1316 2275 1388 Solis

739 1441 819 1514 in
890 1462 1220 1534 vapore,
1294 1437 1960 1531 quemadmodum
2038 1455 2276 1528 appa-

741 1563 867 1632 ret
929 1560 1007 1630 in
1075 1579 1308 1649 aqua,
1383 1578 1566 1629 cum
1618 1556 1707 1629 fit
1781 1553 2110 1626 reflexio
2184 1553 2277 1624 ad

739 1674 1685 1767 aquam?Diciturquod
1747 1692 1988 1744 causa
2055 1672 2279 1762 patet

397 1821 712 1884 namn-0,
736 1812 832 1862 ex
857 1789 1513 1884 praecedentibus,
1548 1809 1732 1860 nam
1767 1806 1973 1877 aqua.
2015 1791 2139 1858 est
2184 1785 2279 1856 le-

738 1907 862 1978 vis
884 1907 961 1978 in
995 1905 1447 1998 superficie,
1479 1904 1646 1975 sive
1678 1902 2156 1975 diversitate
2200 1901 2278 1973 in

736 2025 1084 2098 raritate
1133 2027 1213 2096 et
1252 2021 1674 2101 densitate,
1726 2020 1896 2092 ideo
1948 2040 2108 2091 non
2160 2040 2279 2091 so-

737 2143 903 2214 lum
952 2139 1298 2213 reflectit
1348 2139 1635 2218 lucem,
1697 2137 1825 2208 vel
1885 2137 2273 2216 colorem,

739 2258 872 2329 sed
930 2276 1111 2328 cum
1164 2255 1315 2327 hoc
1377 2254 1626 2328 etiam
1685 2253 2078 2345 figura-1n;
2146 2253 2277 2324 sed

733 2393 993 2465 vapor
1050 2376 1173 2445 est
1243 2370 1756 2460 irregularis,
1827 2370 1954 2440 vel
2009 2369 2277 2441 diffor-

739 2490 918 2570 mis,
957 2489 1130 2561 ideo
1166 2489 1260 2561 ad
1295 2487 1865 2560 reflectendum
1899 2492 2023 2559 est
2066 2486 2275 2559 sicut

739 2605 1209 2698 superficies
1279 2625 1596 2697 aspera,
1672 2609 2011 2697 propter
2069 2603 2274 2695 quod

740 2723 1004 2795 solum
1078 2722 1425 2796 reflectit
1492 2722 1780 2801 lucem,
1855 2741 2013 2792 non
2079 2720 2274 2810 figu-

738 2860 955 2919 ram;
997 2843 1220 2930 patet
1264 2838 1519 2929 igitur
1564 2837 1768 2929 quod
1820 2857 2077 2929 vapor
2120 2837 2274 2908 ins-

738 2956 1098 3049 pissatus
1175 2960 1298 3028 est
1379 2955 1728 3026 materia
1817 2953 2049 3035 11010,
2135 2973 2271 3024 scu

736 3070 1036 3144 fractio
1071 3070 1244 3164 ejus
1287 3075 1410 3142 est
1444 3090 1691 3142 causa
1732 3069 2115 3141 efficiens.

825 3190 944 3259 Ex
998 3208 1151 3279 quo
1217 3186 1587 3280 sequitur
1642 3186 1826 3279 quid
1878 3186 1984 3260 sit
2037 3186 2269 3266 Halo,

735 3305 923 3398 quia
955 3326 1114 3377 non
1156 3310 1279 3379 est
1330 3306 1569 3388 aliud,
1628 3326 1867 3398 quam
1915 3305 2272 3377 circulus

733 3423 1009 3495 clarus
1052 3443 1455 3515 apparens
1497 3427 1734 3496 extra
1775 3422 2271 3494 luminosum

731 3561 827 3611 ex
875 3539 1367 3611 refractione
1422 3539 1546 3610 sui
1606 3539 1935 3611 luminis
1991 3539 2084 3610 ad
2144 3559 2272 3609 va·

731 3677 1015 3748 porem
1086 3656 1614 3748 inspissatum
1683 3677 1934 3747 usque
2003 3656 2096 3727 ad
2164 3655 2273 3726 vi·

733 3793 911 3843 sum
944 3776 1347 3845 nostrum.

821 3893 922 3963 Et
996 3890 1062 3962 si
1135 3895 1556 3982 qufrratur
1625 3891 1806 3982 quid
1882 3894 2007 3963 est
2081 3889 2271 3962 illud

512 4044 560 4094 5·
732 4006 934 4096 quod
976 4005 1385 4078 videmus?
1437 4005 1761 4078 Dicitur
1811 4006 2015 4097 quod
2065 4005 2274 4076 vide·

383 4107 687 4158 ‘mmm'
733 4152 910 4202 mus
955 4131 1482 4223 inspissatum
1543 4152 1957 4225 vaporem,
2011 4136 2089 4204 et
2139 4135 2274 4202 So-

729 4253 911 4336 lem,
984 4275 1142 4326 non
1212 4260 1484 4327 tamen
1550 4255 1878 4336 directe,
1951 4256 2083 4327 scd
2154 4276 2270 4327 re-

726 4379 951 4460 ssexe,
1023 4380 1235 4454 sicut
1292 4381 1708 4454 dicebatur
1751 4382 1841 4451 de
1897 4381 2270 4452 rubedine

726 4504 1092 4598 parietiS,
1166 4507 1259 4580 ad
1336 4527 1568 4598 quem
1631 4507 2084 4579 reflectitur
2147 4528 2269 4578 ra-

723 4630 897 4703 dius
933 4631 1341 4703 transiens
1380 4651 1521 4722 per
1562 4630 1863 4704 vitrum
1905 4633 2265 4704 rubeum.

813 4755 957 4827 Sed
1020 4760 1313 4828 contra
1375 4755 1584 4826 istud
1654 4757 2040 4845 arguitur
2116 4758 2270 4849 pri-

725 4868 878 4961 mo,
928 4880 1114 4972 quia
1173 4900 1480 4952 corona
1532 4880 1622 4954 fit
1673 4902 1718 4952 a
1770 4903 2117 4974 corpore
2165 4881 2273 4952 lu-

719 5007 1035 5079 minoso
1092 5012 1267 5081 toto
1333 5007 1592 5079 medio
1659 5007 2043 5082 existenti
2107 5009 2274 5083 uni-

713 5132 1004 5207 Iormis
1064 5134 1281 5207 inter
1320 5134 1586 5206 visum
1621 5139 1701 5207 et
1737 5134 2270 5218 luminosum;

728 5261 983 5350 igitur
1015 5282 1174 5333 non
1209 5260 1660 5353 requiritur
1691 5282 1951 5354 vapor
1988 5262 2272 5354 inspis-

711 5391 969 5459 satus.
1047 5385 1644 5477 Consequentia
1713 5390 1836 5458 est
1907 5390 2125 5468 nota,
2189 5392 2269 5461 et

710 5512 1186 5584 antecedens
1245 5512 1639 5604 probatur
1690 5511 1784 5582 ad
1847 5512 2267 5604 experien-

704 5636 930 5721 tiam,
971 5638 1336 5711 videmus
1379 5638 1594 5711 enim
1636 5639 1725 5709 de
1760 5645 1994 5713 nocte
2030 5660 2259 5712 coro-

1938 430 2083 513 Lm.
2131 444 2227 510 ιιι.
2278 438 2821 509 Mmssononml

2384 634 2572 685 nam
2634 614 2859 685 circa
2916 612 3356 693 candelam,
3429 613 3740 704 quando
3814 612 3915 689 ta-

2387 750 2568 802 men
2630 736 2896 805 totum
2943 731 3287 804 medium
3330 735 3456 803 est
3498 732 3910 806 uniforme.

2477 850 2835 921 Secundo
2878 848 3319 932 dubitatur,
3356 852 3633 921 utrum
3694 849 4157 928 sorti-Dubium

2390 965 2603 1048 tude,
2640 967 2769 1038 vel
2803 965 3175 1039 debilitas
3201 964 3915 1041 visusconseratad

2390 1079 2565 1161 boc,
2613 1081 2818 1172 quod
2860 1085 3255 1173 appareat
3303 1082 3564 1153 Halo?
3596 1082 3919 1157 Videtur

2390 1195 2593 1287 quod
2628 1216 2809 1275 non,
2858 1196 3045 1288 quia
3090 1202 3277 1271 tunc
3324 1199 3528 1270 Halo
3572 1199 3802 1275 fieret
3831 1222 3920 1275 ex

2389 1311 2793 1384 fractione
2837 1311 3043 1386 radii
3082 1314 3575 1403 egredientis
3618 1317 3715 1389 ab
3752 1337 3917 1390 ocu-

2390 1431 2507 1511 lo,
2589 1435 2669 1504 et
2744 1451 2904 1503 non
2984 1455 3081 1505 ex
3152 1435 3650 1509 refractione
3729 1438 3922 1510 radii

2389 1546 2879 1637 egredientis
2957 1570 3002 1620 a
3079 1550 3510 1623 luminoso.
3594 1553 3922 1645 Opposi-

2390 1669 2560 1740 tum
2630 1670 2901 1738 tamen
2969 1667 3289 1741 videtur
3356 1670 3451 1741 ad
3519 1669 3923 1762 experien-

2389 1783 2615 1865 tiam,
2660 1783 3022 1855 videmus
3061 1784 3274 1855 enim
3331 1786 3641 1878 quando
3691 1785 3924 1858 bomo

2393 1900 2657 1974 subito
2730 1904 3203 1993 expergefit,
3264 1922 3654 1975 coronam
3720 1902 3929 1978 videt

2391 2016 2612 2088 circa
2669 2017 3111 2100 candelam,
3178 2039 3418 2110 quam
3466 2023 3735 2091 tamen
3778 2039 3930 2092 non

2388 2135 2659 2210 vident
2715 2135 2855 2207 alii
2914 2136 3571 2215 circumstantes,
3636 2142 3717 2210 et
3788 2136 3929 2210 boc

2390 2273 2574 2335 non,
2646 2252 2802 2325 nisi
2866 2258 3205 2345 propter
3261 2254 3757 2326 debili'ssatem
3814 2256 3930 2328 sui

2389 2367 2613 2439 visus
2665 2390 2763 2440 ex
2820 2369 3063 2441 sumis
3125 2369 3463 2441 elevatis
3507 2370 3600 2441 ad
3659 2374 3926 2462 caput.

2479 2486 2754 2558 Tertio
2788 2486 3230 2568 dubitatur,
3268 2491 3545 2559 utrum
3581 2486 3679 2556 ab
3714 2486 3931 2558 omni
3955 2500 4164 2552 Dubiumss

2388 2621 2740 2694 corpore
2807 2602 3212 2675 luminoso
3283 2607 3553 2696 potest
3626 2603 3934 2674 indiffe-

2390 2722 2668 2789 renter
2708 2719 3035 2790 causari
3083 2720 3313 2800 Halo,
3361 2718 3486 2789 vel
3532 2720 3630 2791 ab
3660 2719 3933 2811 aliquo

2390 2833 2531 2911 sic,
2578 2834 2703 2905 vel
2747 2835 2845 2905 ab
2886 2834 3160 2925 aliquo
3203 2840 3417 2906 non?

2476 2954 2784 3031 Quarto
2818 2950 3237 3024 dubitatur
3275 2952 3365 3023 de
3418 2952 3594 3024 loco
3650 2951 3729 3023 in
3778 2964 4163 3043 quomam}

2384 3065 2499 3139 fit.

2476 3184 2589 3256 Ad
2635 3185 2988 3277 primum
3050 3185 3395 3260 istorum
3458 3190 3733 3280 potest
3783 3184 4046 3308 diciM
4078 3191 4164 3318 ἦ

2389 3303 2594 3395 quod
2658 3303 2863 3374 Halo
2936 3308 3206 3396 potest
3274 3303 3450 3377 fieri
3518 3324 3565 3375 a
3625 3303 3940 3376 lumine
4050 3292 4113 3307 ‘⁶

2387 3419 2736 3492 candela}
2775 3419 2851 3491 in
2889 3421 3146 3493 medio
3183 3421 3593 3501 uniformi,
3652 3426 3736 3495 et
3784 3420 3940 3493 hoc

2388 3542 2729 3630 propter
2785 3538 3285 3613 debilitatem
3353 3538 3685 3609 luminis
3749 3558 3946 3610 can-

2385 3653 2603 3734 dela),
2671 3656 2801 3726 sed
2852 3675 2899 3726 a
2958 3655 3262 3728 lumine
3314 3654 3520 3727 astri
3583 3674 3751 3726 non
3802 3675 3947 3747 po-

2387 3775 2571 3853 test,
2621 3774 2930 3864 quando
2974 3775 3063 3848 fit
3118 3774 3331 3846 inter
3371 3771 3725 3844 medium
3762 3772 3949 3844 den-

2387 3886 2580 3968 sius,
2618 3888 2709 3960 ad
2755 3891 2961 3980 quod
2993 3889 3132 3962 fiat
3176 3887 3582 3961 sensibilis
3630 3887 3950 3958 refrac-

2387 4001 2527 4084 tio,
2575 4007 2654 4076 et
2699 4004 2877 4087 boc,
2927 4005 3107 4097 quia
3157 4004 3291 4076 lux
3341 4003 3551 4078 astri
3601 4009 3733 4076 est
3783 4003 3951 4074 for·

2387 4128 2577 4201 tior.

2476 4256 2621 4328 Sed
2689 4261 3004 4338 contra,
3083 4261 3510 4350 postquam
3582 4256 3953 4329 medium

2383 4386 2507 4453 est
2548 4382 2976 4464 uniforme,
3035 4404 3189 4474 qua
3233 4382 3553 4456 ratione
3586 4387 3956 4476 apparet

2386 4506 2592 4578 Ilalo
2638 4507 2716 4578 in
2763 4529 2915 4580 una
2963 4513 3196 4601 parte
3242 4509 3480 4581 medii
3537 4508 3769 4582 inter
3831 4507 3958 4580 vi-

2385 4655 2562 4705 sum
2625 4639 2705 4707 et
2764 4636 3204 4717 candelam,
3260 4637 3534 4706 cadem
3609 4635 3959 4709 ratione

2384 4763 2463 4831 et
2508 4759 2586 4830 in
2619 4760 2821 4841 alia;
2863 4760 3117 4851 igitur
3150 4759 3576 4853 apparebit
3626 4760 3715 4831 in
3764 4782 3967 4852 quo-

2389 4887 2603 4968 libet,
2651 4888 2778 4959 vel
2831 4887 2908 4958 in
2951 4887 3201 4961 nullo.

2496 5014 3062 5105 Respondetur
3174 5014 3541 5104 negando
3651 5034 3968 5086 conse-

2390 5141 2841 5231 quentiam,
2944 5141 3132 5232 quia
3224 5142 3495 5212 lumen
3582 5140 3970 5212 candelae

2389 5269 2730 5357 propter
2806 5265 3302 5339 debilitatem
3381 5284 3543 5336 non
3632 5262 3973 5336 sufficit

2380 5412 2723 5463 causare
2802 5413 3194 5464 coronam
3285 5389 3773 5463 sensibilem
3861 5388 3965 5459 ad

2380 5518 2821 5610 quamlibet
2870 5517 3343 5591 distantiam
3388 5517 3603 5590 inter
3668 5515 3971 5587 visum

2373 5646 2453 5715 et
2513 5642 2959 5728 candelam,
3023 5664 3170 5715 nec
3233 5642 3478 5717 etiam
3550 5638 3965 5720 causabit
