4252 6393
693 427 811 493 460

679 610 866 664 cere
934 595 1229 668 contra
1310 597 1895 674 resolutionem
1971 623 2224 694 quaes-

681 704 955 779 tionis,

1167 1033 1602 1093 ARTICULUS
1677 1038 1725 1093 1.

683 1213 759 1280 In
837 1214 974 1280 Deo
1050 1216 1196 1282 sola
1270 1230 1363 1285 est
1437 1224 1742 1308 potentia
1827 1225 2072 1306 activa,
2157 1226 2232 1292 in

774 1334 1061 1399 materia
1124 1336 1354 1421 prima
1411 1340 1555 1405 sola
1617 1342 1915 1426 passiva,
1991 1343 2067 1409 in
2120 1364 2230 1408 en-

776 1447 947 1514 tibus
1016 1450 1438 1520 intermediis
1509 1466 1644 1520 eam
1719 1457 1943 1523 activa.
2032 1479 2233 1543 quam

770 1565 1063 1650 passiva.

341 1775 664 1852 nupzeqpo-
778 1759 1016 1834 Circa
1109 1761 1469 1854 primum
1561 1767 1684 1839 est
1790 1767 2226 1852 sciendum,

406 1847 602 1892 cmm.
691 1880 896 1970 quod
927 1882 1361 1954 secundum
1415 1882 2000 1978 Philosophum
2047 1891 2114 1962 5.
2151 1893 2232 1963 et

682 1997 750 2068 9.
809 1998 1092 2087 Metaph.
1160 2012 1320 2070 text.
1363 2002 1430 2073 2.
1474 2002 1765 2095 duplex
1806 2007 1929 2077 est
1977 2023 2231 2096 genus

688 2111 1098 2202 potentiae,
1150 2115 1247 2186 ad
1298 2116 1505 2206 quod
1560 2118 1821 2190 omnis
1864 2120 2234 2213 potentia

687 2225 1129 2313 reducitur,
1174 2229 1481 2305 scilicet
1534 2235 1900 2326 potentia
1932 2238 2226 2321 activa,

683 2343 763 2415 et
834 2345 1200 2435 potentia
1265 2347 1616 2440 passiva.
1690 2350 1877 2426 Haec
1955 2358 2229 2428 autem

684 2458 838 2531 duo
889 2479 1192 2551 genera
1252 2465 1638 2556 potentiae
1694 2467 1775 2539 in
1826 2469 2228 2562 aliquibus

688 2576 874 2648 sunt
941 2575 1349 2663 distincta,
1430 2580 1547 2654 ita
1608 2583 1813 2674 quod
1867 2584 2230 2677 potentia

690 2691 1017 2766 omnino
1050 2695 1346 2781 activa,
1390 2702 1471 2771 et
1504 2698 1729 2771 nullo
1766 2702 1999 2774 modo
2053 2722 2230 2795 pas-

686 2806 862 2880 siva
891 2814 1015 2884 est
1058 2810 1138 2883 in
1180 2833 1364 2897 uno,
1403 2813 1483 2886 in
1533 2814 1797 2889 altero
1830 2838 1872 2888 e
1906 2823 2227 2891 contra-

687 2926 812 2999 rio
882 2927 1249 3020 potentia
1325 2931 1675 3023 passiva.
1760 2933 2036 3005 Prima
2102 2937 2225 3007 est

684 3044 766 3116 in
834 3043 1011 3118 solo
1062 3046 1229 3118 Deo
1275 3069 1289 3113 :
1331 3049 1677 3122 secunda
1745 3049 1827 3121 in
1880 3053 2228 3126 materia

685 3164 1011 3239 omnino
1054 3165 1346 3259 prima,
1410 3167 1640 3262 cujus
1697 3169 1995 3243 entitas
2035 3171 2229 3245 dici-

678 3285 820 3355 tur
862 3302 1111 3376 prope
1151 3282 1378 3356 nihil.
1428 3285 1519 3358 In
1551 3285 1920 3359 omnibus
1952 3292 2227 3362 autem

679 3399 998 3472 entibus
1071 3398 1350 3473 mediis
1418 3401 1541 3474 hae
1606 3403 1987 3495 potentiae
2038 3408 2227 3478 sunt

681 3516 1108 3609 permixtae
1167 3517 1603 3589 secundum
1661 3534 2078 3589 accessum
2147 3523 2227 3592 et

684 3652 1097 3706 recessum
1138 3633 1233 3705 ad
1293 3631 1751 3715 materiam,
1788 3637 1870 3706 et
1909 3634 2005 3705 ad
2045 3655 2228 3707 cau-

682 3768 857 3821 sam
917 3748 1298 3842 primam,
1359 3769 1444 3821 se
1504 3749 1888 3822 habentes
1951 3771 2224 3823 secun-

680 3867 869 3939 dum
905 3865 1165 3957 magis
1197 3867 1275 3939 et
1320 3865 1613 3939 minus
1684 3867 1808 3939 Ita
1868 3868 2074 3959 quod
2109 3888 2224 3940 se-

681 3985 1027 4057 cundum
1071 3983 1277 4076 quod
1336 3983 1516 4076 plus
1566 3982 2224 4077 appropinquant

685 4100 1052 4175 materiae
1130 4099 1440 4192 prImae,
1487 4103 1567 4173 et
1633 4100 2126 4192 elongantur
2180 4122 2227 4174 a

685 4216 1316 4313 participatione
1361 4217 1865 4291 actualitatis
1908 4218 2221 4301 divinae,

685 4333 866 4428 plus
935 4333 1229 4406 habent
1291 4333 1383 4404 de
1460 4337 1760 4407 natura
1839 4335 2222 4427 potentiae

688 4449 1057 4544 passivae,
1132 4452 1209 4523 et
1272 4449 1537 4523 minus
1596 4452 1685 4523 ‹le
1746 4454 2045 4523 natura
2089 4472 2228 4544 po-

685 4569 961 4644 tentiae
994 4567 1306 4649 activae,
1361 4572 1441 4641 et
1482 4590 1524 4640 e
1565 4569 1989 4643 contrario
2050 4569 2231 4662 plus

686 4688 777 4759 de
810 4684 1079 4762 activa
1119 4704 1359 4777 quam
1400 4686 1491 4758 de
1528 4686 1876 4779 passiva.

468 4835 518 4884 2,
775 4802 997 4885 Quod
1042 4804 1315 4875 autem
1359 4801 1440 4873 in
1490 4804 1658 4875 Deo
1711 4801 1890 4893 ipso
1940 4801 2045 4874 sit
2089 4820 2228 4893 po·

343 4898 661 5024 ἷᾶξζξὲὦῆἷ
683 4918 942 4992 tentia
1029 4919 1356 4991 omnino
1430 4918 1724 4999 activa,
1801 4921 2047 5010 patet.
2140 4918 2229 4988 In

344 5022 423 5075 ‘⁶⁰
452 5026 655 5079 “mm
685 5036 859 5130 ipso
900 5034 1286 5130 potentia,
1332 5034 1713 5117 essentia,
1752 5035 1993 5116 actio,
2041 5037 2228 5108 sunt

682 5151 1013 5226 omnino
1057 5152 1288 5234 idem,
1327 5152 1505 5223 sola
1551 5150 1870 5224 ratione
1910 5154 1989 5224 et
2039 5170 2224 5223 con·

680 5271 916 5361 ceptu
949 5266 1428 5349 differentia,
1479 5266 1668 5359 quia
1709 5266 1913 5339 alias
1947 5264 2026 5338 in
2059 5268 2227 5339 Deo

676 5387 892 5459 esset
935 5384 1452 5478 compositio,
1508 5403 1600 5455 ac
1645 5403 1791 5475 per
1824 5382 1971 5455 hoc
2012 5386 2229 5456 esset

675 5503 1123 5597 dependens
1166 5503 1264 5575 ab
1318 5501 1508 5583 alio,
1556 5500 1870 5575 scilicet
1912 5519 1959 5572 a
2012 5499 2225 5592 prin-

676 5618 940 5712 cipiis,
1031 5640 1176 5692 nec
1250 5622 1466 5691 esset
1529 5615 1989 5690 omnimoda
2067 5615 2224 5709 pri-

1858 437 1960 503 DE
2004 439 2273 506 RERUM
2317 441 2707 509 PRINCIPIO

2338 603 2582 678 mitas
2652 605 2733 678 in
2818 626 2938 690 ea,
3022 628 3205 681 cum
3279 608 3872 702 componentia,

2339 721 2629 794 saltem
2694 723 2972 796 ordine
3011 728 3356 808 naturae,
3423 725 3651 818 prius
3722 725 3878 799 sint

2337 840 2820 931 composito.
2856 845 3354 934 sequeretur
3373 841 3650 924 etiam,
3680 842 3878 934 quod

2339 957 2552 1028 Deus
2613 977 2774 1030 non
2841 963 3057 1032 esset
3120 979 3371 1051 agens
3433 960 3764 1032 omnino
3802 964 3876 1033 et

2342 1071 2837 1165 simpliciter
2896 1075 3254 1167 primum
3301 1099 3316 1143 :
3363 1096 3599 1148 omne
3669 1074 3877 1147 enim

2343 1208 2619 1279 agens,
2687 1190 2765 1262 in
2835 1211 2992 1283 quo
3060 1191 3330 1265 differt
3399 1192 3766 1285 potentia
3804 1195 3879 1266 et

2340 1307 2723 1389 essentia,
2769 1311 3236 1383 necessario
3278 1311 3401 1382 est
3442 1328 3695 1400 agens
3742 1328 3880 1401 per

2343 1420 2559 1493 aliud
2602 1424 3035 1499 reducibile
3077 1428 3174 1499 ad
3224 1446 3372 1519 per
3440 1445 3550 1507 se,
3612 1427 3692 1497 et
3752 1444 3879 1516 po-

2344 1537 2601 1610 tentia
2662 1538 2880 1612 illius
2946 1540 3043 1612 ad
3106 1539 3556 1633 potentiam
3614 1538 3876 1620 istius,

2345 1655 2734 1745 tanquam
2797 1657 3003 1748 quod
3046 1661 3170 1730 est
3231 1676 3375 1748 per
3440 1654 3880 1748 participa-

2343 1768 2651 1842 tionem
2712 1775 2997 1865 potens
3066 1772 3162 1845 ad
3224 1772 3440 1853 illud,
3497 1771 3704 1863 quod
3760 1773 3883 1844 est

2346 1888 2630 1976 potens
2729 1906 2875 1979 per
2962 1909 3070 1960 se.
3167 1889 3267 1961 Et
3355 1886 3543 1978 quia
3612 1885 3883 1958 omnia

2343 2002 2673 2090 agentia
2743 2003 2837 2074 ad
2906 2022 3156 2094 agens
3236 2002 3593 2096 primum
3663 2002 3884 2074 redu-

2343 2122 2666 2204 cuntur,
2711 2125 2799 2193 ut
2861 2121 3271 2213 posterius
3322 2121 3413 2192 ad
3479 2119 3733 2213 prius,
3805 2121 3883 2192 et

2343 2236 2847 2329 participans
2895 2238 2991 2309 ad
3032 2237 3225 2310 illud
3306 2236 3514 2329 quod
3552 2238 3677 2309 est
3721 2235 3883 2308 tale

2342 2373 2490 2446 per
2544 2374 2652 2436 se,
2716 2375 3045 2427 necesse
3105 2358 3229 2428 est
3291 2357 3378 2426 ut
3427 2355 3647 2427 Deus
3697 2372 3883 2425 cum

2342 2467 2450 2542 sit
2496 2489 2637 2540 ens
2670 2473 2749 2542 et
2783 2472 3012 2542 actus
3049 2469 3360 2561 primus
3395 2467 3886 2561 simpliciter

2342 2606 2487 2678 per
2510 2606 2739 2657 suam
2781 2585 3222 2659 essentiam
3258 2604 3577 2658 omnem
3607 2583 3886 2657 eliciat

2341 2701 2776 2783 actionem,
2842 2721 2933 2773 ac
2999 2720 3144 2794 per
3212 2699 3388 2783 hoc,
3463 2701 3672 2792 quod
3742 2719 3886 2771 sua

2341 2818 2710 2913 potentia
2779 2818 2886 2892 sit
2965 2817 3170 2890 idem
3241 2817 3605 2899 realiter,
3680 2817 3887 2909 quod

2342 2954 2487 3005 sua
2546 2931 2927 3005 essentia.
2977 2931 3141 3002 Nec
3185 2930 3403 3013 illud,
3441 2935 3529 3004 ut
3570 2931 3888 3005 dicetur

2340 3051 2694 3125 intortio
2729 3049 3102 3130 articulo,
3152 3053 3420 3142 potest
3451 3049 3888 3121 convenire

2339 3167 2584 3241 alicui
2653 3169 3059 3240 creaturae
3129 3164 3565 3237 secundum
3637 3163 3886 3239 istum

2340 3286 2690 3368 modum,
2771 3287 2860 3358 ut
2930 3282 3244 3357 scilicet
3316 3300 3463 3353 sua
3527 3281 3888 3355 essentia

2340 3402 2642 3495 absque
2677 3401 2839 3474 alio
2894 3399 3412 3493 superaddito
3468 3397 3575 3470 sit
3605 3398 3680 3470 ei
3724 3396 3890 3470 suf-

2341 3520 2622 3593 ficiens
2715 3517 2930 3591 ratio
3025 3516 3119 3589 ad
3181 3515 3706 3609 operandum,
3790 3514 3888 3587 si-

2339 3642 2477 3711 cut
2517 3658 2661 3709 nec
2697 3631 3239 3709 ratio‘totalis
3285 3631 3764 3725 primitatiS,
3810 3636 3892 3704 et

2339 3754 2926 3829 consummatae
2978 3748 3514 3831 actualitatis,
3561 3751 3640 3822 et
3679 3748 3892 3823 enti-

2339 3870 2537 3945 tatis
2574 3888 2720 3961 per
2751 3888 2835 3938 se
2878 3869 2958 3938 ct
3006 3863 3636 3956 independentis,
3682 3862 3890 3936 nulli

2341 3990 2609 4082 potest
2633 3982 3091 4063 convenire,
3137 3978 3297 4052 nisi
3327 3981 3521 4053 Deo.

2428 4102 2650 4187 Quod
2716 4104 2989 4174 autem
3069 4097 3419 4172 materia
3498 4097 3605 4171 sit
3678 4095 3892 4170 idem

2339 4241 2522 4295 cum
2561 4216 2922 4311 potentia
2955 4213 3303 4306 passiva,
3344 4214 3672 4287 omnino
3709 4213 3891 4287 solo

2341 4342 2718 4431 respectu
2786 4335 3192 4415 differens,
3257 4338 3677 4407 ostensum
3732 4336 3894 4412 fuit

3962 4139 4105 4255 ³122,

3916 4276 3988 4318 est
4011 4264 4105 4314 ead:

3947 4344 4054 4380 cum
4077 4341 4105 4375 ει

3964 4399 4105 4454 poten·

2337 4458 2595 4546 supra*
2665 4453 2745 4526 in
2796 4451 3244 4544 quaestione
3321 4450 3414 4523 de
3482 4453 3893 4545 composi·
3940 4466 4105 4578 ναῖς

2340 4574 2561 4647 tione
2593 4570 2884 4643 animae
2920 4568 3355 4662 multiplici
3390 4569 3740 4643 ratione.
3791 4572 3895 4645 Et

2343 4688 2546 4761 satis
2606 4688 2864 4778 patet;
2939 4684 3127 4776 quia
3195 4684 3263 4756 si
3308 4684 3675 4776 potentia
3729 4705 3894 4757 ma·

2343 4803 2572 4879 teriae
2639 4804 2854 4875 esset
2897 4800 3111 4873 aliud
3170 4800 3269 4872 ab
3319 4820 3439 4882 ea,
3503 4805 3722 4876 esset
3762 4823 3895 4875 ne-

2342 4918 2705 4991 cessario
2790 4919 3121 5010 recepta
3187 4916 3271 4987 in
3356 4917 3734 5001 materia,
3806 4919 3896 4992 ut

2343 5034 2736 5116 accidenS,
2789 5032 2915 5104 vel
2959 5031 3229 5105 Forma
3269 5032 3471 5124 ejus.
3529 5034 3630 5106 Et
3696 5034 3896 5106 tunc

2345 5168 2731 5241 quaeram,
2821 5152 3101 5222 utrum
3179 5146 3532 5220 materia
3619 5148 3896 5242 seipsa

2343 5266 2569 5338 illam
2615 5264 2982 5357 recipiat,
3044 5265 3124 5337 et
3167 5268 3356 5338 tunc
3393 5263 3603 5339 sicut
3637 5285 3896 5358 supra

2341 5382 2644 5455 dictum
2681 5381 2857 5462 suit,
2902 5378 3063 5453 erit
3116 5399 3551 5471 processus
3586 5380 3666 5451 in
3712 5380 3896 5453 infi-

2339 5498 2627 5574 nitum.
2677 5500 2776 5570 Et
2827 5497 3103 5568 eodem
3157 5494 3390 5568 modo
3432 5493 3597 5568 dixi
3649 5494 3757 5568 ibi
3799 5497 3893 5570 de

2339 5613 2706 5709 potentia
2739 5612 3105 5706 subjecti,
3145 5632 3289 5705 per
3320 5629 3562 5703 quam
3595 5610 3892 5706 recipit

3972 4590 4096 4629 num·
