4252 6393
128 2357 222 2391 alm

127 2420 223 2454 stum

127 2483 221 2578 ab}
291 2450 553 2524 omnis
579 2451 849 2525 forma
888 2456 1437 2531 communicat
1474 2476 1640 2528 suaa
1666 2477 1834 2530 ma-

130 2592 241 2641 sone.
289 2570 524 2644 teriae
563 2572 1127 2646 actualitatem
1168 2594 1425 2656 suam,
1468 2579 1547 2647 et
1594 2595 1831 2647 suum

289 2690 563 2759 actum
604 2688 944 2769 essendi,
997 2690 1076 2761 et
1134 2709 1367 2761 suam
1428 2690 1855 2783 operatio-¹

133 5472 453 5570 sfwcum
516 5491 744 5565 enim
787 5489 1196 5564 altissima
1239 5494 1600 5567 omnium
1661 5494 1833 5568 for-

1578 423 1941 502 QUAEsTlo
1990 425 2069 485 IX

289 588 629 662 cundum
686 587 1240 662 habitudinem
1321 587 1826 682 aequiparan-

291 708 447 790 tiae,
493 709 627 780 sed
662 706 1281 800 inaequalitatis;
1315 705 1611 779 unione
1653 706 1825 799 qui-

286 825 460 898 dem
519 824 1228 907 consubstantiali,
1275 825 1465 919 quia
1524 844 1823 918 corpus

287 961 382 1012 ex
435 961 594 1014 una
652 943 914 1035 parte,
979 945 1059 1015 et
1111 941 1386 1014 anima
1471 939 1825 1013 humana

288 1079 382 1131 ex
472 1058 662 1142 alia,
742 1059 973 1153 cujus
1040 1063 1213 1132 tres
1291 1061 1568 1152 partes
1636 1058 1823 1129 sunt

290 1178 566 1267 partes
634 1176 1213 1250 substantiales
1283 1174 1522 1248 unius
1580 1174 1820 1255 entis,

291 1291 599 1365 scilicet
629 1291 984 1366 hominis
1013 1318 1029 1376 ;
1065 1296 1143 1366 et
1170 1291 1678 1387 impossibile
1701 1291 1824 1362 est

290 1409 643 1502 aliquam
677 1410 1223 1484 substantiam
1282 1409 1674 1483 constitui
1726 1427 1826 1480 ex

291 1515 412 1599 iis,
451 1538 629 1609 quae
673 1517 824 1591 sibi
860 1518 1205 1591 invicem
1247 1538 1407 1590 non
1459 1516 1825 1589 substan·

289 1632 602 1706 tialiter
632 1635 1065 1716 uniuntur;
1109 1653 1311 1728 ergo
1362 1654 1545 1707 cum
1598 1632 1825 1706 intel-

287 1747 578 1822 lectiva
611 1750 718 1822 sit
754 1770 945 1843 pars
970 1749 1538 1825 substantialis
1570 1749 1825 1823 homi·

287 1866 433 1946 nis,
483 1868 810 1959 oportet
844 1867 1052 1961 quod
1090 1868 1426 1962 corpori
1460 1867 1830 1940 substan-

286 1985 601 2057 tialiter
634 1985 993 2068 uniatur,
1028 2006 1218 2058 nam
1255 2005 1447 2079 pars
1475 1983 1828 2058 intellec-

286 2099 454 2172 tiva
520 2100 880 2194 corpori,
925 2120 1085 2173 non
1144 2101 1389 2176 alicui
1458 2100 1830 2176 materiae

288 2217 705 2310 corporali
739 2217 958 2291 uniri
994 2221 1287 2311 potest.

374 2335 653 2408 Primo
732 2335 1051 2429 quidem
1136 2338 1560 2431 probatur,
1644 2340 1833 2432 quia

285 2823 493 2876 nem.
540 2804 762 2886 Quod
799 2825 900 2877 ex
933 2803 1090 2878 hoc
1132 2809 1380 2899 patet,
1426 2808 1615 2899 quia
1665 2807 1832 2879 for-

129 2944 238 2980 nu-
286 2943 416 2996 ma
467 2922 1017 3006 accidentalis,
1070 2923 1163 2997 de
1215 2945 1370 3018 qua
1424 2925 1737 2999 ostendi
1761 2930 1825 3010 ·'‚

282 3043 489 3134 quod
578 3041 842 3115 minus
937 3043 1374 3117 intimatur
1462 3045 1830 3119 materiae

283 3181 446 3233 suae
547 3180 686 3233 seu
758 3160 1145 3254 subject0,
1239 3181 1481 3256 quam
1559 3160 1829 3236 forma

280 3277 851 3351 substantialis
928 3279 1296 3352 materiae
1373 3301 1575 3363 suae,
1652 3281 1829 3374 ipsa

276 3394 558 3466 tamen
587 3392 1051 3467 denominat
1086 3415 1318 3467 suam
1352 3395 1822 3477 materiam;

275 3528 476 3600 ergo
532 3508 789 3581 multo
830 3510 1093 3600 magis
1144 3510 1413 3583 forma
1463 3512 1829 3585 substan-

278 3623 547 3708 tialis,
643 3629 1035 3718 quantum
1112 3627 1208 3698 ad
1281 3626 1829 3720 perfectiones

278 3760 468 3812 suas
512 3745 594 3814 et
637 3743 896 3824 actuS,
953 3760 1183 3813 suam
1230 3743 1665 3816 materiam
1707 3745 1829 3815 de-

278 3857 688 3939 nominat;
732 3878 933 3949 ergo
967 3879 1294 3951 corpus,
1339 3860 1471 3934 cui
1523 3860 1829 3933 sorma-

276 3973 471 4048 liter
517 3976 802 4047 unitur
834 3994 1024 4068 pars
1072 3976 1830 4071 intellectiva-‚par-

274 4090 656 4185 ticipabit
725 4090 1194 4165 formaliter
1274 4094 1580 4176 omnia,
1656 4114 1831 4185 quae

274 4207 665 4281 dicuntur
720 4208 811 4281 de
874 4212 1107 4302 parte
1166 4210 1690 4292 intellectiva,
1750 4214 1829 4284 et

273 4321 634 4404 dicetur,
735 4324 943 4416 quod
1020 4345 1316 4416 corpus
1406 4324 1823 4417 intelligit,

274 4458 582 4533 corpus
630 4443 753 4513 est
804 4438 1185 4514 liberum:
1243 4440 1588 4514 ulterius
1628 4443 1830 4516 dice-

275 4556 433 4639 tur,
473 4575 784 4650 corpus
824 4556 1067 4639 videt,
1119 4558 1393 4641 sentit,
1448 4580 1622 4650 quae
1667 4580 1831 4632 om-

275 4675 406 4746 nia
476 4678 675 4747 sunt
743 4675 986 4756 falsa;
1058 4695 1259 4768 ergo
1321 4676 1614 4749 falsum
1675 4683 1826 4761 est,

277 4793 479 4882 quod
518 4812 721 4885 pars
753 4790 1255 4865 intellectiva
1298 4793 1405 4867 sit
1446 4794 1619 4887 ejus
1668 4795 1831 4867 for-

277 4928 450 4979 ma:
500 4908 721 4981 tales
751 4908 970 4981 enim
1009 4912 1240 4981 actus
1286 4930 1444 4982 non
1487 4914 1829 5003 possunt

273 5028 751 5119 competere
798 5024 958 5099 nisi
1010 5026 1378 5099 materiae
1439 5028 1827 5121 simplici,

275 5142 700 5235 spirituali
787 5145 866 5217 et
916 5143 1440 5236 intelligibili,
1506 5147 1834 5239 ingene-

279 5262 514 5335 rabili
551 5265 639 5334 et
675 5259 1312 5354 incorruptibili.

359 5374 933 5450 confirmatur
1000 5378 1272 5448 autem
1342 5375 1512 5450 haec
1581 5381 1829 5463 ratic,

276 5628 604 5682 marum
638 5610 718 5681 et
752 5606 1369 5701 simplicissima
1411 5611 1517 5684 sit
1560 5610 1835 5687 forma

424 5747 577 5800 Tom.
612 5744 711 5798 lv.

3446 412 3558 481 401

1945 580 2491 673 intelligibilis
2566 581 2645 652 et
2748 578 3039 659 libera,
3138 572 3490 647 materia

1947 721 2121 792 quae
2184 700 2278 773 ad
2338 699 2602 792 ipsam
2663 716 2807 790 per
2873 716 2956 767 se
3013 692 3491 782 contingere

1947 817 2280 911 poterit,
2325 819 2411 888 ut
2468 813 2778 888 scilicet
2841 812 2940 884 ab
3001 812 3180 904 ipsa
3241 808 3492 883 insor-

1949 938 2245 1016 metur,
2285 929 2692 1026 oportebit
2729 929 2935 1021 quod
2977 927 3083 1000 sit
3128 928 3209 1001 in
3261 945 3489 1017 gene-

1947 1072 2035 1123 re
2117 1048 2484 1123 materiae
2537 1047 2964 1121 altissimae
3015 1047 3094 1118 et
3154 1042 3493 1137 'comple-

1945 1169 2324 1251 tissimae;
2365 1166 2715 1240 materia
2756 1169 3028 1239 autem
3072 1160 3486 1257 corporali

1945 1285 2151 1359 nihil
2190 1289 2314 1359 est
2358 1283 2738 1357 infimius.

2038 1402 2397 1475 Secunda
2457 1398 2674 1473 ratio
2734 1419 2834 1470 ex
2901 1402 3135 1492 parte
3201 1396 3489 1470 formae
3523 1412 3829 1464 semaam

1948 1520 2327 1600 sumitur,
2374 1517 2563 1609 quia
2610 1515 2834 1587 nulla
2883 1514 3234 1588 materia
3296 1515 3491 1589 reci·
3525 1489 3824 1589 ‘'ww''

1949 1637 2066 1731 pit
2114 1637 2467 1710 formam
2515 1633 3033 1727 spiritualem
3075 1632 3493 1726 perfectis-

1909 1754 2270 1836 ·simam,
2326 1751 2486 1825 nisi
2556 1751 2661 1823 sit
2731 1770 3044 1823 summe
3093 1750 3492 1843 disposita

1951 1875 2324 1965 respectu
2387 1868 2671 1962 ipsius,
2735 1867 2958 1939 nulla
3009 1869 3280 1940 autem
3331 1867 3494 1939 vir-

1948 1994 2084 2063 tus
2154 1986 2616 2081 corporalis
2694 1984 3104 2057 naturalis
3172 1985 3492 2076 agentis

1954 2109 2222 2200 potest
2290 2106 2484 2176 dare
2553 2100 3089 2175 sufficientem
3149 2102 3494 2195 disposi-

1951 2225 2258 2297 tionem
2293 2221 2391 2294 ad
2426 2218 2973 2313 receptionem
3009 2217 3295 2292 formae
3339 2220 3494 2313 spi-

1954 2340 2310 2420 ritualis,
2357 2337 2546 2431 quia
2577 2337 2800 2408 nulla
2829 2335 3098 2409 virtus
3136 2336 3492 2431 disponit

1954 2457 2178 2530 ultra
2210 2476 2442 2528 suam
2474 2457 2884 2536 naturam,
2922 2453 3133 2527 sicut
3163 2474 3307 2527 nec
3340 2453 3501 2543 viri·

1952 2579 2085 2649 tus
2120 2575 2201 2648 in
2235 2574 2542 2646 semine
2586 2571 2823 2643 unius
2857 2571 3154 2664 speciei
3222 2573 3316 2644 ad
3347 2573 3497 2646 dis-

1956 2691 2448 2785 positionem
2509 2689 2854 2763 alterius
2915 2688 3211 2782 speciei
3257 2713 3271 2758 ε
3320 2688 3492 2762 ideo

1956 2809 2221 2882 omnis
2264 2808 2544 2880 modus
2586 2804 3070 2898 capacitatis
3104 2808 3493 2879 causatus

1953 2926 2052 2999 ab
2100 2924 2375 3018 aliqua
2422 2925 2732 2998 virtute
2773 2922 3133 2996 naturali
3183 2926 3263 2996 et
3322 2944 3493 2996 cor·

1954 3042 2250 3137 porali,
2334 3042 2659 3134 oportet
2736 3039 2943 3132 quod
3029 3040 3135 3112 sit
3214 3041 3494 3112 modus

1951 3161 2355 3235 limitatus
2388 3162 2466 3232 et
2500 3156 3019 3239 terminatus,
3056 3157 3492 3231 secundum

1954 3280 2276 3352 modum
2307 3275 2646 3348 virtutis
2687 3274 3131 3357 educentis;
3172 3274 3344 3345 ideo
3380 3294 3493 3345 se-

1950 3395 2298 3467 cundum
2354 3394 2625 3465 datam
2677 3390 2775 3462 ab
2816 3388 3091 3482 aliquo
3147 3389 3293 3462 tali
3333 3407 3493 3460 non

1950 3512 2260 3605 poterit
2300 3486 2477 3582 esse
2523 3528 2779 3601 capax
2823 3507 3098 3599 aliqua
3143 3506 3494 3579 materia

1951 3630 2242 3702 formae
2277 3624 2506 3720 quasi
2554 3623 3016 3706 illimitatae,
3063 3644 3222 3695 non
3255 3642 3492 3713 agen-

1951 3748 2059 3822 tis
2100 3744 2596 3825 necessario,
2643 3742 2775 3814 scd
2826 3740 3100 3813 libere.

2041 3863 2319 3937 Tertia
2351 3861 2566 3934 ratio
2607 3881 2705 3931 cx
2747 3858 3021 3931 cadem
3065 3862 3299 3950 parte
3339 3862 3491 3939 est,

1954 3981 2146 4073 quia
2189 3978 2449 4052 omnis
2487 3975 2836 4048 materia
2876 3972 3343 4066 corporalis
3389 3974 3495 4046 di-

1952 4094 2304 4169 visibilis
2385 4098 2463 4165 ct
2542 4090 3143 4185 corruptibili&
3231 4097 3497 4184 potest

1953 4210 2420 4284 necessario
2507 4207 2890 4281 amittere
2978 4226 3211 4277 suum
3290 4227 3492 4288 esse,

1953 4347 2100 4420 per
2165 4323 2669 4403 divisionem,
2744 4320 3346 4402 alterationem,
3419 4324 3499 4392 et

1952 4441 2571 4534 corruptionem
2605 4442 2684 4511 et
2733 4437 3308 4517 mutationem3
3368 4435 3499 4507 sed

1951 4576 2131 4627 esse
2174 4554 2516 4625 liberum
2562 4548 3097 4639 intelligibile,
3150 4553 3273 4621 est
3322 4570 3500 4619 esse

1956 4669 2606 4764 incorruptibile,
2660 4690 2838 4741 esse
2899 4668 3252 4749 firmum,
3319 4688 3497 4739 esse

1952 4791 2419 4885 personalc;
2457 4808 2655 4877 ergo
2704 4788 2818 4859 sic
2864 4787 3113 4859 etiam
3151 4786 3500 4859 materia

1952 4905 2443 5000 corporalis,
2521 4904 2647 4975 vel
2725 4923 3025 4995 corpus
3094 4900 3255 4974 tale
3323 4922 3501 4973 esse

1954 5024 2314 5105 haberet,
2353 5019 2992 5115 quandoquidem
3025 5023 3241 5092 esset
3284 5038 3331 5090 a
3372 5039 3498 5091 ne·

1953 5144 2370 5223 cessitate,
2410 5139 2477 5211 si
2513 5136 3011 5210 intellectiva
3056 5155 3244 5228 pars
3285 5137 3499 5208 essct

1954 5260 2132 5353 ejus
2185 5258 2487 5339 forma3
2551 5276 2750 5346 ergo
2803 5252 3308 5346 impossibile
3346 5255 3496 5335 est,

1956 5377 2166 5468 quod
2199 5375 2304 5446 sit
2337 5372 2511 5467 ejus
2547 5371 2838 5443 forma.

2050 5493 2407 5565 Secundo
2444 5488 2594 5561 hoc
2641 5488 2861 5580 patet
2893 5507 2990 5558 cx
3026 5484 3501 5562 universali·
3553 5506 3822 5562 Quanam

1955 5614 2126 5685 tate
2187 5613 2562 5701 aspectus
2635 5602 2892 5696 partis
2951 5602 3496 5679 intellectivae.
3546 5584 3838 5687 &wafa-

3278 5739 3344 5791 26

3557 3881 3811 3935 Tertium.

3540 3961 3839 4011 aryumen-

3616 4016 3747 4060 tum.
