4252 6393
1675 412 2034 489 QUAEs'rlo
2080 411 2213 473 Xlll
3442 403 3554 473 521

387 578 804 652 secundum
847 577 1199 670 aliquem
1248 575 1592 656 modum,
1632 578 1707 646 ta
1726 594 1800 644 m
1837 572 1915 644 in
2028 571 2278 644 tionis
2323 591 2630 642 sensus.
2665 569 3098 660 Nunquam
3127 563 3341 639 enim
3373 584 3578 659 puer

388 694 785 767 intellectu
852 712 1094 786 quam
1151 693 1225 765 iu
1299 691 1911 781 imaginatione.
2027 692 2367 760 vocaret
2411 687 2620 758 hunc
2661 688 2742 759 et
2811 684 3042 757 illum
3085 695 3372 775 patrem,
3416 680 3576 756 nisi

194 831 339 884 omacio
468 809 766 883 Sivero
799 809 1145 890 dicatur,
1196 808 1399 900 quod
1438 806 1698 895 magis
1740 827 1917 876 con·
2032 805 2202 898 ipsc
2281 804 2602 878 actuale
2669 824 2847 875 esse
2914 801 3144 894 prius
3212 799 3576 875 naturali

191 903 328 1019 ,3255
385 927 553 998 susa
603 930 791 999 sunt
836 926 1063 1018 prius
1106 929 1297 997 nota
1348 924 1421 994 iu
1471 922 1910 1002 intellectu,
2032 922 2308 995 ordine
2397 922 2958 1012 cognosceret.
3050 920 3261 992 Dum
3355 916 3573 993 enim

191 1034 292 1130 ,2⁶2
320 1045 347 1057 ‘
383 1044 636 1136 qualia
672 1049 861 1117 sunt
894 1043 1419 1123 universalia,
1468 1041 1668 1122 dico,
1709 1039 1915 1132 quod
2032 1061 2205 1112 rem
2248 1039 2477 1111 video
2519 1059 2566 1110 a
2606 1037 2846 1130 longe
2887 1034 3247 1120 confuse,
3305 1034 3574 1129 primo

195 1144 332 1194 ''⁶⁶⁸²“
381 1161 441 1234 si
473 1161 828 1252 cognitio
862 1161 1317 1253 accipiatur
1348 1181 1446 1232 ex
1486 1162 1713 1252 parte
1739 1177 1916 1248 cog·
2032 1157 2392 1232 occurrit
2429 1156 2627 1230 mihi
2658 1155 2864 1249 quod
2896 1157 3021 1230 est
3052 1158 3267 1239 actu,
3302 1174 3577 1229 secun·

378 1277 913 1359 noscibilium,
999 1297 1181 1349 cum
1266 1276 1727 1349 intellectus
1807 1275 1911 1347 sit
2026 1276 2122 1349 do
2186 1274 2392 1368 quod
2458 1278 2584 1348 est
2659 1273 2811 1348 hoc
2874 1272 3204 1355 animal,
3286 1275 3578 1366 postea

376 1390 641 1471 nudus,
710 1390 976 1483 primo
1031 1389 1266 1462 habet
1326 1393 1772 1482 aspectum,
1828 1391 1915 1461 ut
2028 1394 2234 1486 quod
2284 1396 2407 1468 est
2457 1391 2751 1485 aliquis
2794 1389 3066 1464 homo.
3111 1388 3332 1463 Unde
3389 1389 3575 1462 dum

197 3158 257 3211 ⁴5.

378 1506 1245 1599 perficiaturconfusiS,
1293 1504 1698 1599 cujumodi
1725 1509 1911 1578 sunt

379 1623 887 1697 universalia.
938 1622 1018 1695 si
1061 1628 1333 1696 autem
1376 1624 1739 1713 cognitio
1794 1643 1911 1694 re-

376 1741 683 1813 feratur
722 1742 815 1814 ad
861 1741 1210 1823 modum,
1252 1761 1405 1833 quo
1452 1740 1911 1815 intellectus

377 1855 813 1949 perficitur,
852 1876 1032 1928 cum
1079 1854 1540 1928 universale
1578 1854 1911 1945 inquan-

374 1976 533 2046 tum
569 1973 732 2048 talc
767 1971 1098 2046 omnino
1133 1992 1295 2045 non
1337 1973 1446 2046 sit
1489 1972 1568 2044 in
1614 1992 1725 2053 re,
1780 1972 1911 2043 scd

372 2089 502 2163 fiat
536 2090 858 2163 actione
892 2087 1185 2161 animae
1230 2109 1376 2182 per
1426 2088 1908 2162 abstractio-

373 2228 539 2278 nem
606 2228 645 2278 a
712 2206 1290 2298 singularibus,
1365 2227 1689 2279 necesse
1757 2209 1905 2284 est,

373 2327 453 2397 ut
492 2324 709 2398 actio
752 2323 1216 2397 intellectus
1270 2323 1499 2417 prius
1554 2321 1911 2414 attingat

372 2442 803 2534 singulare,
877 2464 977 2515 cx
1046 2464 1203 2535 quo
1285 2463 1431 2534 per
1501 2443 1909 2516 actionem

373 2559 591 2650 quasi
657 2558 748 2631 de
820 2558 1161 2650 quadam
1242 2557 1590 2631 materia
1665 2556 1910 2629 saciat

374 2674 855 2755 universale,
930 2677 1010 2745 et
1090 2674 1503 2766 posterius
1583 2672 1908 2744 univer-

372 2793 527 2865 sale
596 2792 974 2881 attingat,
1035 2793 1113 2864 ct
1176 2791 1289 2862 sic
1363 2791 1912 2865 materialiter

374 2909 752 3003 loquendo
798 2909 1026 3001 prius
1070 2907 1495 2996 cognoscit
1558 2908 1909 3001 particu-

371 3028 559 3100 lare.

475 3146 615 3218 Vol
715 3147 979 3237 potest
1072 3142 1261 3226 dici,
1357 3142 1562 3236 quod
1631 3163 1911 3236 quam-

368 3263 480 3335 vis
598 3263 767 3334 haee
868 3261 1308 3334 actualitas
1410 3261 1489 3332 in
1594 3281 1677 3332 re
1784 3282 1911 3333 ex-

372 3387 498 3455 tra
558 3381 660 3453 sit
727 3378 1415 3469 singularissima‚
1480 3382 1559 3452 ct
1609 3378 1910 3451 nullius

372 3495 969 3577 abstractionis,
1028 3495 1458 3566 secundum
1514 3495 1718 3586 quod
1776 3517 1915 3588 per

373 3617 449 3709 ly
501 3621 635 3685 laoec
684 3614 1221 3706 intelligimus
1271 3634 1448 3685 osse
1508 3613 1912 3686 rationem

372 3733 708 3807 actualis
740 3731 1196 3806 existentia}
1232 3732 1310 3802 in
1344 3729 1490 3805 tali
1531 3750 1615 3800 rc
1651 3730 1915 3819 signa-

368 3854 469 3930 ta,
550 3853 817 3923 tamen
863 3847 1036 3940 ipsa
1078 3846 1516 3919 actualitas
1570 3844 1918 3919 existen·

370 3960 500 4032 tiae
541 3980 995 4052 quanquam
1029 3960 1136 4033 sit
1180 3963 1319 4027 lucc
1353 3963 1431 4031 et
1493 3964 1784 4047 εἰῃηαια,
1831 3960 1917 4030 ut

370 4076 748 4149 dividitur
807 4079 904 4150 ab
982 4077 1166 4149 aliis
1232 4076 1683 4150 rationibus
1745 4095 1919 4165 quae

370 4202 552 4269 sunt
595 4198 672 4269 in
713 4217 830 4277 ca,
875 4195 1110 4267 habet
1149 4194 1553 4268 rationem
1597 4193 1917 4266 confusi

374 4320 456 4387 ct
490 4312 1086 4388 indeterminati
1112 4317 1191 4385 et
1229 4312 1309 4385 in
1342 4334 1449 4392 se,
1479 4317 1558 4385 ct
1602 4333 1918 4404 respec-

387 4437 469 4503 tu
497 4451 768 4502 sensus
805 4436 884 4503 ct
911 4433 1281 4522 respectu
1311 4429 1658 4501 aliarum
1679 4430 1920 4502 ratio-

380 4571 558 4622 num
624 4550 1189 4638 singularium,
1240 4570 1412 4641 quae
1458 4552 1643 4620 sunt
1684 4547 1761 4618 iu
1792 4567 1909 4623 ca.

376 4670 580 4748 Quod
608 4675 858 4761 patet:
890 4668 1342 4742 sicutenim
1371 4667 1586 4739 ratio
1615 4666 1916 4737 anima-

382 4782 1255 4876 lis,hominis‚etlu1jus
1292 4782 1671 4863 hominis,
1712 4804 1913 4874 pra}-

380 4903 821 4992 supponunt
913 4899 1317 4971 rationem
1398 4899 1649 4980 entis,
1736 4904 1911 4971 tan-

386 5037 602 5105 quam
658 5015 918 5106 magis
992 5015 1454 5088 universale
1519 5022 1597 5089 et
1645 5016 1914 5087 confu-

385 5153 566 5212 sum,
610 5131 839 5203 sicin
872 5131 1021 5204 hoc
1058 5130 1385 5204 homine
1421 5132 1908 5225 particulari

385 5249 759 5323 existente
792 5254 978 5321 actu
1016 5248 1181 5319 lucc
1219 5248 1709 5328 humanitas,
1742 5250 1908 5321 hmo

388 5365 831 5437 animalitas
903 5387 1075 5455 qum
1110 5371 1289 5437 actu
1329 5366 1714 5446 existunt,
1761 5368 1910 5457 pri-

391 5503 503 5552 mo
548 5487 1007 5575 supponunt
1050 5483 1251 5554 hanc
1298 5483 1722 5556 entitatem
1777 5505 1907 5555 ac-

392 5600 691 5681 tualem,
729 5604 808 5672 et
848 5599 923 5670 in
970 5622 1050 5669 sc
1112 5602 1190 5672 ct
1229 5604 1599 5689 respectu
1640 5600 1906 5688 cogui-

2023 1509 2348 1594 dicitur,
2388 1511 2594 1603 quod
2626 1507 2990 1602 cognitio
3039 1510 3331 1581 nostra
3380 1505 3579 1581 inci-

2026 1628 2146 1720 pit
2189 1648 2232 1700 a
2278 1627 2541 1720 magis
2572 1625 2938 1702 confusis
2997 1628 3077 1700 et
3111 1623 3374 1717 magis
3407 1624 3575 1700 uni-

2022 1743 2513 1827 versalibus,
2578 1743 2769 1818 talis
2830 1739 3204 1817 confusio
3257 1744 3339 1815 et
3407 1741 3575 1815 uni·

2021 1861 2490 1944 versalitas‚
2572 1879 2733 1932 non
2796 1856 3152 1933 excludit
3223 1856 3576 1951 singula-

2026 1979 2386 2059 ritatem,
2461 1980 2540 2052 ct
2610 1974 3157 2068 signationem
3225 1973 3575 2048 actualis

2022 2094 2481 2170 existentiae
2542 2094 2622 2166 in
2682 2114 2770 2166 re
2826 2096 3066 2167 extra
3130 2117 3146 2162 ι
3209 2111 3353 2165 nec
3413 2091 3577 2166 tale

2023 2208 2452 2282 confusum
2493 2211 2572 2282 et
2651 2205 3138 2287 universale,
3182 2209 3307 2280 est
3385 2203 3577 2279 illud

2024 2348 2069 2398 a
2112 2327 2344 2418 cujus
2406 2325 2725 2400 ratione
2784 2322 3249 2400 excluditur
3307 2326 3439 2407 hic,
3493 2327 3575 2398 et

2023 2468 2221 2524 mmo,
2284 2444 2444 2516 imo
2498 2443 2575 2514 in
2617 2464 2710 2515 eo
2760 2440 3306 2523 includuntur,
3389 2441 3578 2534 quia

2022 2579 2434 2652 nunquam
2505 2579 3113 2650 cognoscerem,
3189 2558 3397 2651 quod
3467 2556 3575 2631 sit

2022 2676 2292 2757 homo,
2339 2678 2463 2749 vel
2507 2677 2836 2759 animal,
2871 2676 2999 2748 vel
3032 2675 3162 2750 hic
3193 2675 3461 2758 homo,
3497 2677 3578 2749 et

2024 2792 2176 2865 hoc
2219 2793 2549 2876 animal,
2611 2793 2771 2866 nisi
2825 2794 3055 2887 prius
3108 2812 3392 2867 sensus
3444 2812 3577 2865 na-

2026 2914 2109 2983 tu
2126 2911 2278 2983 rali
2325 2911 2604 2984 ordine
2636 2910 3278 3004 apprehenderet
3311 2908 3575 3004 ipsum

2024 3049 2202 3099 csse
2252 3049 2394 3100 ens
2438 3032 2619 3103 actu
2660 3028 3098 3120 signatum.
3142 3026 3576 3106 Universa-

2026 3147 2096 3218 le
2141 3150 2437 3228 autem,
2483 3146 2576 3221 de
2627 3167 2783 3239 quo
2837 3145 3164 3239 quaeris,
3229 3143 3575 3220 alterius

2027 3263 2350 3353 generis
2429 3266 2577 3343 est,
2626 3262 2815 3355 quia
2877 3261 2968 3334 de
3038 3261 3359 3335 ratione
3428 3279 3576 3333 sua

2027 3380 2381 3454 excludit
2447 3383 2576 3461 Ιιῖο,
2651 3383 2730 3453 et
2787 3402 2984 3461 nunc,
3050 3380 3130 3452 et
3191 3376 3578 3470 signatio·

2027 3518 2210 3570 nem
2260 3502 2340 3570 et
2383 3496 2950 3571 actualitatem
3001 3493 3425 3570 existendi.
3467 3493 3577 3568 Is·

2030 3615 2167 3688 tud
2229 3619 2526 3697 autem,
2577 3612 2784 3705 quod
2825 3632 3109 3685 sensus
3155 3609 3384 3704 prius
3441 3630 3576 3684 na-

2032 3732 2282 3806 turali
2345 3731 2619 3805 ordine
2688 3728 3241 3823 apprehendit,
3305 3743 3578 3821 quam·

2031 3849 2153 3921 vis
2199 3848 2276 3921 in
2330 3869 2475 3920 sua
2525 3847 2845 3922 ratione
2905 3844 3261 3920 includat
3312 3843 3576 3938 signa-

2031 3967 2336 4039 tionem
2379 3968 2458 4039 ot
2502 3963 3066 4039 actualitatem
3113 3961 3573 4044 existentis,

2031 4081 2332 4154 (licitur
2364 4085 2634 4156 tamen
2670 4101 2817 4174 pro
2852 4084 3081 4155 tanto
3116 4076 3578 4159 confusum.

2035 4199 2222 4291 quia.
2255 4198 2422 4270 haec
2456 4196 2756 4271 entitas
2788 4194 3151 4271 naturali
3183 4197 3576 4288 conceptu

2038 4315 2416 4408 praecedit
2523 4314 2725 4389 hanc
2810 4313 3410 4389 animalitatem
3498 4318 3579 4388 et

2034 4432 2236 4503 hanc
2299 4430 2916 4513 humanitatem,
3004 4433 3085 4504 et
3143 4429 3579 4503 secundum

2034 4571 2265 4621 suam
2309 4549 2734 4631 rationem,
2771 4552 2851 4623 et
2894 4552 3267 4642 respectu
3310 4548 3581 4641 cogni-

2031 4668 2281 4739 tionis
2336 4688 2619 4739 sensus
2659 4693 2672 4736 2
2718 4666 2920 4738 unde
2973 4669 3198 4759 patet
3244 4666 3453 4759 quod
3495 4665 3577 4740 in

2031 4783 2424 4856 instantia
2467 4783 3025 4876 {equivocatur
3063 4784 3465 4852 universale.

2120 4903 2353 4974 Patet
2399 4900 2653 4991 igitur
2709 4921 2808 4973 ex
2852 4899 3116 4981 dictis,
3175 4899 3574 4992 quomodo

2030 5016 2490 5091 intellectus
2526 5016 3090 5094 actualitatem
3123 5015 3580 5091 existentiae

2030 5250 2687 5341 prehensionem,
2807 5250 2936 5322 vel
3025 5249 3572 5325 sensationem

2025 5388 2200 5457 quae
2269 5368 2358 5439 fit
2430 5368 2509 5439 in
2581 5386 2929 5459 organo,
2993 5371 3072 5441 et
3131 5388 3277 5461 per
3339 5386 3574 5461 orga-

2022 5504 2239 5565 num,
2289 5485 2648 5575 attingit.
2689 5487 2788 5557 Et
2824 5504 2967 5575 per
3010 5484 3160 5557 hoc
3206 5485 3571 5578 potentia

2024 5600 2546 5683 intellectiva,
2611 5622 2795 5674 cum
2859 5600 3106 5677 faciat
3174 5623 3360 5675 cum
3428 5602 3570 5679 illa

3605 4933 3891 5063 Recfghu-

3631 5061 3766 5112 latio
3796 5068 3878 5110 to·

2028 5135 2146 5206 rci
2182 5134 2585 5207 sensibilis
2620 5132 3176 5228 apprehendit,
3226 5133 3414 5226 quia
3447 5153 3578 5226 ap·
3605 5123 3920 5188 'fumum‘-
