4252 6393
712 411 832 488 636.

442 591 506 640 In
535 593 642 642 Deo
718 574 919 647 tia-m
968 601 981 644 :
1028 579 1108 649 ct
1159 576 1592 649 secundum
1652 580 2087 666 utrumque
2137 596 2262 646 eo·

373 667 687 790 εἷῖἴῆἷῗέἶε
721 710 904 764 rum
955 692 1384 783 respondet
1443 691 1516 764 ei
1565 691 1797 764 varia
1850 712 2259 763 mensura.

400 787 638 892 θὐἔὲξῗ·
722 811 835 880 Ex
916 813 1148 901 parte
1222 809 1437 882 enim
1504 808 1878 881 essentiae
1952 829 2263 879 mensu·

722 948 814 1000 ra
870 926 1017 1000 Dei
1065 930 1191 1001 est
1261 947 1407 999 sua
1476 926 2011 1008 immensitas,
2089 946 2264 1017 quae

718 1044 893 1114 sola
936 1043 1255 1116 ratione
1295 1042 1563 1117 differt
1605 1063 1651 1114 a
1694 1064 1839 1115 sua
1879 1044 2260 1117 essentia.

718 1163 835 1232 Ex
876 1164 1109 1253 parte
1146 1181 1345 1231 vcro
1380 1182 1544 1233 suae
1600 1160 2081 1242 existentiae,
2116 1162 2263 1235 Dei

719 1296 1102 1349 mensura
1160 1281 1284 1350 est
1343 1278 1791 1359 aeternitas,
1867 1300 2039 1370 quse
2104 1298 2265 1350 mo-

718 1394 903 1466 dum
951 1415 1115 1466 suae
1158 1394 1613 1468 existentia}
1659 1395 2109 1489 simplicem
2158 1395 2266 1466 in-

720 1509 1199 1582 variabilem
1258 1514 1468 1593 actu,
1533 1515 1613 1585 et
1685 1512 2074 1604 potentia,
2139 1532 2264 1583 ca·

726 1631 1037 1699 rentem
1068 1627 1221 1700 fine
1253 1634 1332 1702 et
1371 1628 1770 1722 principio
1815 1632 2258 1703 mensurat.

724 1745 821 1816 Et
855 1743 1024 1817 haec
1082 1746 1396 1836 quidem
1454 1766 1837 1818 mensura
1881 1745 1959 1818 in
2012 1766 2094 1816 sc
2142 1749 2266 1819 est

722 1858 1258 1943 indivisibilis,
1287 1882 1429 1934 nec
1464 1861 1766 1934 habens
1803 1867 2148 1954 partem,
2185 1866 2265 1935 et

722 1980 1069 2070 partem,
1126 1978 1434 2051 virtute
1476 1982 1752 2052 tamen
1793 1981 1870 2050 et
1919 1999 2060 2071 per
2092 2001 2264 2052 coe—

714 2089 1188 2166 xistentiam
1226 2094 1538 2167 infinita
1583 2121 1596 2165 :
1647 2096 1847 2167 unde
1890 2096 1955 2167 si
2000 2100 2265 2170 totum

723 2211 1043 2300 tempus
1123 2212 1557 2284 secundum
1639 2232 1916 2285 omnes
1987 2217 2266 2305 partes

721 2344 909 2396 suas
946 2324 1185 2397 simul
1219 2331 1459 2409 esset,
1526 2330 1947 2404 aeternitas
1980 2335 2059 2404 et
2089 2330 2265 2421 ejus

382 2448 918 2574 ἓξὲξὲτειὲἶῗηηηο,
970 2445 1340 2517 omnibus
1402 2447 1937 2526 coexisteret,
2000 2452 2078 2520 et
2136 2451 2267 2521 ad-

386 2572 694 2683 imilqisibi-
721 2557 875 2631 huc
949 2560 1022 2631 in
1096 2560 1495 2635 infinitum
1566 2565 2013 2636 excederet.
2088 2567 2267 2637 Non

443 2651 643 2769 AEifaing
724 2674 839 2745 sic
917 2679 1040 2747 est
1128 2698 1389 2749 {evum
1469 2677 1989 2761 indivisibile;
2081 2681 2270 2773 quia

380 2766 695 2873 3532.55›5·12'Y'
725 2793 1096 2884 quamvis
1147 2794 1237 2866 de
1281 2818 1363 2867 se
1409 2796 1513 2870 sit
1567 2796 2071 2880 indivisibile,
2111 2820 2268 2872 non

724 2913 998 2983 tamen
1030 2913 1525 2989 coexisterct
1564 2915 1931 3007 partibus
1965 2921 2270 3010 tempo-

727 3028 865 3109 ris,
925 3028 993 3100 si
1052 3029 1291 3101 simul
1352 3037 1647 3105 essent.
1712 3033 1929 3105 Unde
1992 3036 2274 3108 indivi-

725 3143 1074 3219 sibilitas
1134 3147 1625 3223 {eternitatis
1684 3151 2270 3243 quodammodo

722 3266 846 3335 cst
891 3263 1098 3337 siout
1153 3264 1755 3340 indivisibilitas
1808 3270 2098 3342 animae
2155 3291 2273 3343 ra-

729 3379 1085 3462 tionalis,
1135 3404 1309 3474 quac
1371 3388 1545 3457 tota
1587 3387 1970 3462 coexistit
2024 3391 2274 3463 omni-

726 3499 870 3569 bus
909 3498 1275 3589 partibus
1308 3501 1685 3592 corporis
1724 3501 2063 3576 indivisa
2099 3505 2274 3596 ejus

727 3615 1120 3696 essentia,
1170 3615 1375 3687 sicut
1422 3619 1725 3709 puncti.

410 3745 686 3795 Mensurae
822 3734 910 3804 In
954 3732 1308 3807 essentia
1351 3739 1624 3808 autem
1689 3744 2091 3811 creaturae
2153 3744 2277 3812 est

391 3815 679 3921 mxii?-
728 3849 1018 3942 duplex
1100 3871 1508 3924 mensura.
1584 3854 1761 3925 Una.
1840 3856 2274 3927 secundum

731 3967 936 4057 quod
1012 3972 1136 4040 est
1213 3969 1571 4042 essentia
1659 3971 2018 4062 simplex.
2096 3974 2276 4044 Alia

731 4087 1164 4159 secundum
1244 4089 1448 4179 quod
1517 4094 1641 4162 cst
1720 4094 2079 4173 extensa,
2150 4093 2277 4163 vel

727 4201 1273 4294 multiplicata
1309 4207 1742 4277 secundum
1781 4211 2083 4297 partes.
2116 4209 2280 4279 Pri·

732 4339 860 4390 mo
898 4319 1129 4390 modo
1175 4322 1977 4412 qilaelibetcrcat111·a
2020 4325 2280 4417 dupli-

727 4455 898 4506 cem
970 4434 1210 4508 habet
1284 4457 1776 4509 mensuram.
1843 4440 2101 4510 Unam
2170 4441 2279 4511 in-

730 4554 886 4629 tra,
963 4572 1136 4642 quac
1204 4556 1329 4626 est
1404 4553 1790 4628 limitatio
1864 4557 1943 4627 in
2023 4554 2273 4645 gradu

730 4671 1047 4741 natura}
1089 4670 1165 4740 et
1211 4670 1585 4742 essentiae
1640 4695 1654 4738 ε
1704 4671 1949 4743 aliam
2012 4677 2272 4750 extra,

728 4787 807 4857 ct
876 4784 1020 4856 illa
1081 4804 1463 4858 mensura
1533 4792 1656 4860 est
1721 4786 1815 4867 id,
1882 4789 2085 4879 quod
2156 4792 2279 4862 est
2394 4789 2558 4879 pat,
2613 4790 2737 4859 est
2804 4784 3118 4865 melius,
3186 4782 3654 4875 perfectius,
3711 4787 3795 4856 et
3845 4782 3945 4853 di·
3988 4811 4209 4859 mamea«,

730 4898 1224 4994 principium
1286 4901 1879 4993 dignissimum,
1952 4901 2278 4974 verissi·
2394 4905 2630 4994 gnius
2693 4909 2933 4995 atque
2979 4902 3301 4993 majus:
3352 4903 3692 4993 propter
3745 4899 4209 4994 q11odffl,qu.a3

730 5034 949 5087 mum
1020 5037 1187 5098 ens,
1267 5019 1394 5091 cui
1456 5037 1615 5090 non
1674 5022 1884 5093 inest
1943 5043 2075 5087 esse
2141 5041 2281 5112 per

729 5132 1480 5226 participationem,
1551 5137 1680 5206 sed
1741 5139 1862 5208 est
1925 5156 2066 5207 ens
2140 5156 2282 5227 per

731 5271 838 5322 se.
892 5249 1083 5323 Haec
1126 5252 1341 5323 enim
1376 5258 1499 5327 est
1544 5274 1926 5324 mensura
1971 5252 2281 5324 univer·

731 5367 1021 5439 saliter
1093 5368 1453 5442 omnium
1526 5369 1863 5450 entium,
1940 5372 2023 5440 ut
2096 5374 2284 5443 sunt

728 5484 1112 5558 essentiae
1158 5487 1543 5579 quaedam,
1599 5490 1677 5558 et
1743 5485 1953 5558 istud
2002 5490 2124 5558 cst
2180 5487 2285 5557 di-

732 5600 922 5674 vina
972 5603 1351 5678 essentia.
1414 5603 1636 5679 Sicut
1691 5605 1964 5676 autem
2020 5601 2288 5675 divina

1868 416 1970 478 DE
2014 416 2280 481 RERUM
2324 406 2709 479 PluN'clPlo

2377 575 2760 657 essentia,
2805 575 2992 667 quia
3051 575 3125 646 ei
3184 574 3575 668 competit
3617 574 3917 648 entitas

2380 712 2523 783 per
2564 714 2648 763 se
2681 691 2971 784 prim0,
3021 711 3335 763 summe
3374 695 3455 764 et
3501 689 3921 782 perfectis-

2379 808 2617 887 sime,
2682 813 2806 882 est
2877 807 3459 882 universaliter
3537 827 3921 879 mensura-

2380 924 2740 997 omnium
2816 925 3150 997 entium.
3245 924 3374 997 Sic
3460 923 3921 1016 accipiendo

2381 1062 2873 1123 mensuram,
2937 1041 3315 1134 quaelibet
3354 1045 3742 1114 creatura
3797 1040 3925 1111 ha-

2377 1159 2510 1233 bet
2589 1178 3054 1230 mensuram
3131 1157 3682 1230 extrinsecam
3760 1177 3924 1227 suae

2377 1274 2752 1347 essentiae
2797 1275 3219 1367 propriam
3276 1274 3355 1346 in
3399 1294 3544 1345 suo
3597 1291 3921 1363 genere,

2381 1390 2451 1463 id
2488 1392 2565 1463 in
2600 1413 2756 1484 quo
2790 1392 3320 1473 nobilissime,
3365 1390 3922 1470 veracissime,

2377 1512 2455 1582 et
2503 1509 3097 1602 perfectissime
3153 1510 3568 1602 reperitur
3626 1513 3928 1581 natura

2380 1626 2595 1699 illius
2639 1627 2963 1717 generis
3001 1653 3014 1696 :
3061 1626 3175 1698 sic
3220 1627 3427 1719 quod
3460 1626 3541 1698 in
3589 1625 3755 1698 illis
3807 1628 3930 1698 cst

2382 1745 2520 1817 illa
2562 1747 2861 1816 natura
2922 1743 3245 1835 generis
3303 1742 3594 1837 primo,
3648 1744 3730 1813 et
3789 1761 3930 1832 pcr

2380 1885 2487 1943 se,
2537 1860 2919 1955 perfecte,
2974 1860 3053 1931 in
3095 1858 3284 1932 aliis
3330 1861 3603 1931 autem
3644 1858 3745 1930 ab
3789 1858 3929 1930 illo

2381 1978 2874 2051 mensuratis
2911 1997 3053 2070 per
3088 1976 3516 2069 quamdam
3555 1975 3931 2049 desectio·

2380 2115 2588 2176 nem,
2627 2100 2706 2168 et
2742 2095 2887 2166 sub
2921 2093 3269 2185 quodam
3302 2091 3556 2183 gradu
3602 2091 3932 2165 inferio·

2383 2215 2478 2295 ri,
2537 2218 2617 2287 et
2669 2212 2940 2284 minus
2998 2211 3386 2305 perfecto
3443 2213 3543 2285 Et
3587 2232 3735 2304 per
3787 2210 3934 2284 hoc

2384 2351 2767 2404 mensura
2804 2331 2960 2404 isto
2997 2331 3230 2402 modo
3272 2330 3394 2401 est
3440 2328 3935 2421 principium

2379 2446 2913 2537 cognoscendi
2962 2445 3501 2537 quantitatem
3545 2444 3664 2516 rei
3732 2465 3941 2519 men·

2385 2568 2727 2643 suratae;
2794 2583 2952 2634 non
3015 2564 3333 2655 quidem
3386 2563 3937 2655 quantitatem

2385 2681 2648 2762 molis,
2716 2701 2890 2773 quae
2950 2680 3485 2771 cognoscitur
3533 2700 3680 2771 per
3729 2700 3938 2752 men-

2384 2819 2664 2870 suram
2732 2799 3286 2872 extrinsecam
3361 2796 3941 2889 respicientem

2383 2913 2971 2993 extensionem,
3033 2912 3163 2986 sed
3232 2915 3355 2985 est
3447 2912 3940 3006 principium

2385 3033 2927 3122 cognoscendi
3007 3030 3550 3123 quantitatem
3634 3029 3941 3122 persec-

2388 3149 2636 3223 tionis
2718 3148 3163 3226 naturalis:
3247 3147 3434 3239 quia
3505 3147 3943 3221 secundum

2391 3266 2934 3358 Augustinum
2989 3268 3054 3337 6.
3115 3269 3199 3335 de
3259 3268 3501 3334 Trinil.
3557 3289 3706 3354 cap.
3760 3268 3829 3336 8.
3874 3266 3946 3332 In

2389 3393 2474 3456 iis
2524 3410 2668 3475 qme
2707 3410 2834 3453 non
2869 3396 3022 3453 sunl
3069 3386 3239 3451 mole
3289 3405 3558 3471 maana,
3617 3384 3796 3449 idem
3856 3395 3946 3449 esc

2390 3511 2604 3593 masas
2634 3527 2789 3581 esse,
2826 3503 3000 3590 quod
3033 3504 3267 3568 melius
3306 3523 3463 3580 esse,
3511 3519 3674 3570 non
3727 3497 3941 3569 boni-

2391 3623 2558 3696 tate
2639 3618 2918 3701 moris,
2973 3617 3104 3688 scd
3171 3617 3535 3690 bonitate
3599 3619 3943 3694 naturae,

2393 3737 2596 3829 quod
2648 3740 2772 3809 est
2822 3758 2955 3803 esse
3005 3732 3449 3826 perfectius
3508 3732 3584 3803 in
3629 3732 3779 3804 illa
3818 3750 3948 3803 na·

2396 3859 2607 3928 tura.

2481 3975 2636 4044 Per
2689 3971 2936 4046 talem
2985 3974 3266 4043 autem
3311 3989 3784 4041 mensuram
3824 3990 3948 4041 co-

2393 4090 2823 4182 gnoscitur
2863 4089 2953 4160 de
2993 4112 3127 4156 esse
3157 4085 3596 4178 cujuslibet
3628 4089 3945 4158 creatu-

2395 4228 2534 4288 ινφ,
2574 4206 2654 4277 in
2689 4209 2990 4296 quanto
3025 4204 3277 4294 gradu
3312 4202 3768 4294 dignitatis,
3810 4221 3939 4272 seu

2400 4317 2919 4410 perfectionis
2964 4318 3070 4390 sit
3105 4345 3118 4387 z
3164 4316 3350 4408 quia
3388 4317 3464 4388 in
3500 4318 3731 4388 tanto
3769 4334 3945 4404 gra.-

2391 4437 2488 4507 ‹lu
2535 4437 2682 4514 est,
2742 4434 3175 4506 secundum
3229 4437 3647 4524 quantum,
3693 4433 3825 4503 vel
3871 4432 3944 4502 in

2395 4556 2696 4643 quanto
2735 4550 3179 4643 participat
3211 4549 3310 4630 id,
3340 4550 3545 4640 quod
3578 4552 3705 4621 est
3742 4569 3946 4620 men-

2394 4689 2613 4739 sura.
2664 4667 2882 4749 Quod
2923 4666 3138 4740 enim
3184 4666 3254 4738 id
3301 4664 3562 4755 magis
3606 4664 3944 4756 partici-

2391 5022 2714 5102 dicitur,
2773 5019 2980 5113 quod
3046 5037 3433 5090 mensura
3495 5020 3619 5091 est
3680 5016 3945 5107 unige-

2394 5160 2542 5210 nea
2577 5142 3079 5217 mensurato,
3143 5136 3213 5208 id
3257 5138 3406 5217 est,
3445 5134 3683 5207 unius
3717 5154 3945 5225 gene·

2400 5255 2538 5328 ris.
2593 5259 2687 5328 Et
2730 5254 2954 5326 debet
2993 5272 3378 5325 mensura
3428 5273 3606 5325 esse
3646 5250 3947 5343 aliquid

2399 5393 2644 5444 unum
2689 5372 2765 5444 in
2810 5374 3106 5442 natura
3161 5368 3604 5459 singulare,
3671 5368 3749 5439 in
3795 5386 3946 5458 qua

2398 5495 2695 5562 natura
2734 5488 2950 5561 illius
2987 5487 3310 5577 generis
3344 5485 3578 5558 habet
3613 5510 3745 5555 esso
3779 5505 3947 5577 per-

2412 5602 2898 5686 i‘ectissime;
2973 5607 3053 5676 et
3124 5601 3203 5675 in
3273 5621 3427 5693 quo
3496 5602 3619 5673 est
3686 5602 3949 5673 status

3990 4684 4208 4753 Mensam

3972 4756 4039 4797 est
4058 4751 4208 4802 umet?d

4025 4873 4190 4921 suram·

4027 5011 4074 5045 n.
4110 4991 4173 5039 10.
4207 5031 4208 5038 ,
