4252 6393
1634 393 1999 471 QUAES'rlo
2045 393 2152 457 Xll
2211 449 2218 450 ff

300 552 463 624 ideo
506 553 587 625 in
625 553 781 626 fine
825 575 1191 647 operum,
1244 553 1559 629 seilicet
1612 558 1845 627 sexta

296 668 412 740 die
468 668 766 744 lineam
796 674 1104 744 rectam
1140 670 1219 742 in
1270 672 1671 744 circulum
1731 692 1845 743 re·

297 785 542 869 flexit,
587 787 772 859 dum
829 786 972 861 illo
1031 787 1155 862 die
1209 787 1521 862 faciens
1593 787 1842 860 homi·

297 923 501 986 nem,
573 905 1046 977 ereaturam
1134 899 1651 999 spiritualem
1764 911 1844 979 et

296 1020 816 1113 corporalem
885 1021 967 1093 in
1038 1022 1353 1096 unitate
1433 1023 1841 1116 suppositi

296 1134 578 1208 univit.
637 1139 736 1209 Et
797 1140 882 1209 ut
952 1142 1170 1211 esset
1227 1140 1424 1211 ordo
1499 1159 1641 1232 per
1704 1138 1842 1210 im-

296 1251 643 1325 mediata
685 1273 733 1324 a
773 1255 940 1327 Deo
985 1255 1079 1326 ad
1134 1255 1341 1328 alias
1385 1260 1838 1340 ereaturaS,

294 1374 763 1443 ereaturam
815 1372 1242 1462 quamdam
1296 1373 1835 1466 spiritualem,

293 1482 604 1558 seilicet
690 1485 1187 1576 Angelieam,
1271 1489 1603 1580 corpori
1681 1509 1840 1560 non

294 1597 605 1671 unitam
642 1600 995 1694 reliquit.
1055 1605 1246 1676 Post
1285 1624 1524 1696 quam
1563 1605 1840 1677 ordine

295 1713 759 1790 immediato
823 1719 1200 1809 sequitur
1258 1719 1532 1791 anima
1592 1721 1841 1794 ratio-

290 1829 525 1912 nalis,
591 1833 922 1926 corpori
1000 1834 1254 1916 unita,
1327 1838 1601 1907 tamen
1727 1858 1840 1908 se-

286 1947 682 2042 parabilis
746 1974 761 2019 :
828 1954 1010 2044 post
1067 1950 1273 2025 hane
1326 1952 1613 2025 formae
1672 1975 1838 2027 ma-

291 2072 518 2145 teriae
563 2073 838 2156 unitae,
885 2075 1017 2147 sed
1080 2097 1239 2147 non
1308 2077 1832 2169 separabiles,

288 2187 511 2262 Sieut
582 2208 779 2279 ergo
826 2189 1283 2263 substantia
1328 2193 1611 2284 Angeli
1669 2193 1837 2265 suis

289 2304 668 2377 terminis
755 2306 1247 2390 continetur,
1324 2313 1410 2381 ut
1480 2310 1837 2382 existens

291 2420 364 2492 in
399 2442 560 2493 uno
605 2421 785 2494 loeo
834 2443 996 2493 non
1050 2423 1153 2496 sit
1198 2424 1438 2496 simul
1515 2425 1590 2498 in
1642 2427 1830 2509 alio,

290 2537 399 2610 sie
446 2537 751 2621 anima,
815 2539 942 2611 cui
988 2542 1421 2614 seeundum
1472 2543 1595 2616 sui
1655 2562 1836 2635 gra-

287 2654 467 2725 dum
527 2654 889 2737 debetur,
938 2656 1143 2747 quod
1195 2656 1299 2729 sit
1365 2658 1443 2730 in
1485 2680 1835 2753 corpore

288 2768 540 2857 (sieut
621 2770 956 2862 Angelo,
1043 2774 1249 2864 quod
1312 2774 1416 2847 sit
1498 2775 1574 2847 in
1652 2776 1833 2850 loeo

288 2888 573 2978 extra)
630 2887 815 2959 dum
856 2891 981 2961 est
1042 2888 1122 2962 in
1165 2911 1537 2985 corpore,
1610 2893 1833 2965 nullo

292 3005 519 3089 modo
567 3005 727 3077 erit
767 3010 1031 3080 extra.

374 3122 544 3196 Nee
616 3123 1073 3199 auotoritas
1142 3126 1576 3217 Augustini
1656 3123 1835 3201 eon-

168 3204 536 3314 eiudaeludit
604 3242 1141 3317 eontrarium.
1208 3247 1406 3318 Cum
1475 3245 1689 3318 enim
1731 3246 1839 3319 di-

145 3329 261 3442 ῑῑζζ,
292 3354 505 3429 citur
581 3360 790 3451 quod
868 3360 1115 3434 sentit
1183 3365 1420 3433 extra
1486 3384 1832 3456 eorpus;

78 3452 266 3565 ,ὲζξῗ
290 3495 484 3567 ergo
524 3474 760 3559 vivit,
785 3480 864 3549 et
899 3481 1020 3550 est
1048 3482 1287 3551 extra
1307 3500 1631 3572 eorpus,
1671 3503 1837 3553 res-

122 3575 267 3687 arm-⁸
294 3593 628 3684 pondeO,
663 3598 912 3662 sentire
987 3609 1181 3663 extra
1246 3620 1483 3685 corpus
1571 3601 1835 3691 potest

50 3707 647 3833 hwa-intem&
710 3710 1278 3804 multipliciter
1315 3737 1328 3779 ε
1368 3712 1542 3783 Uno
1606 3715 1835 3786 modo

52 3858 53 3867 κ
115 3834 185 3879 ¹⁶*-
297 3826 619 3898 ratione
663 3825 881 3898 illius
934 3827 1386 3909 sentientis,
1443 3830 1649 3921 quod
1692 3830 1839 3903 sei-

294 3940 473 4015 lieet
509 3942 790 4015 anima
824 3942 1181 4017 sentiens
1236 3945 1343 4018 sit
1391 3950 1630 4019 extra
1662 3968 1837 4019 eor-

290 4079 454 4150 pus,
499 4064 590 4134 et
632 4058 747 4131 ita
787 4060 1100 4133 nullum
1162 4060 1516 4134 sentiens
1589 4065 1835 4138 sentit

288 4180 519 4250 extra
566 4196 896 4269 eorpus,
935 4179 1126 4268 quia
1167 4197 1327 4249 non
1370 4179 1640 4260 sentit,
1680 4180 1835 4252 nisi

48 3972 63 4069 ἓ

50 4082 65 4189 i

50 4202 63 4267 l

50 4280 67 4389 Ι
290 4294 367 4363 ut
427 4292 826 4386 conjunta
869 4293 1228 4383 organis,
1302 4293 1665 4395 alioquin
1711 4318 1834 4370 ΟΡ,

52 4416 63 4475 Ι

52 4478 67 4557 Ξ

52 4586 65 4739 ἓ

287 4413 512 4500 ganis
547 4432 713 4484 non
747 4412 1167 4503 indigeret.
1206 4415 1563 4487 Secundo
1602 4417 1833 4489 modo

292 4531 553 4617 potest
619 4525 969 4618 intelligi
1025 4527 1342 4601 ratione
1406 4528 1649 4611 illius,
1698 4552 1834 4603 eu-

281 4642 407 4731 jus
468 4643 1059 4717 informatione
1119 4645 1389 4726 sentit,
1464 4647 1670 4737 quod
1710 4652 1833 4721 est

291 4758 459 4850 ipsa
529 4759 845 4853 speeies
911 4785 925 4827 ε
987 4765 1067 4834 et
1149 4781 1291 4832 nee
1367 4760 1525 4835 isto
1597 4764 1831 4835 modo

292 4876 616 4970 aliquod
649 4876 1031 4960 sentiens,
1068 4877 1317 4952 sentit
1351 4883 1613 4961 extra,
1646 4880 1833 4971 quia

294 4993 600 5083 speeies
654 4994 977 5086 oportet
1032 4994 1235 5085 quod
1280 4993 1665 5068 informet
1710 5015 1834 5065 or-

291 5126 587 5196 ganum
630 5113 709 5181 et
757 5110 1228 5201 potentiam,
1301 5110 1471 5183 sive
1512 5131 1833 5203 compo-

290 5223 533 5296 situm
575 5246 677 5296 ex
739 5225 890 5297 his.
962 5226 1238 5300 Tertio
1285 5227 1515 5299 modo
1565 5231 1833 5320 potest

290 5337 637 5432 intelligi
677 5357 871 5411 eoetra
909 5343 1224 5415 ratione
1262 5342 1578 5435 objecti,
1628 5345 1833 5436 quod

291 5456 646 5529 sentitur
680 5482 694 5524 :
731 5461 808 5529 et
840 5457 978 5530 illo
1014 5460 1247 5530 modo
1284 5458 1555 5529 anima
1586 5461 1833 5534 sentit

290 5576 519 5646 extra
552 5595 857 5667 eorpus
900 5575 1328 5668 aliquando
1378 5595 1649 5667 prope,
1688 5577 1833 5649 ali·
1872 5618 1875 5619 ν

3381 394 3499 457 485

1962 557 2274 648 quando
2332 556 2569 646 longe
2624 582 2638 626 :
2695 559 2772 628 et
2829 556 2988 629 isto
3055 555 3288 627 modo
3348 575 3508 628 non

1956 673 2384 766 accipitur,
2475 698 2701 743 sensus
2752 697 2884 742 esse
2943 696 3079 741 non
3117 686 3347 761 potest,
3397 676 3507 741 ubi

1956 794 2092 862 vita
2170 816 2305 860 non
2361 806 2452 861 est
2516 821 2536 860 .·
2597 812 2882 864 sensus
2946 789 3160 861 enim
3226 788 3329 863 ibi
3384 810 3507 861 ae-

1956 909 2264 1003 eipitur
2332 909 2598 1001 primo
2669 908 2925 991 mode,
2985 905 3297 982 seilicet
3361 928 3505 1001 pro

1951 1028 2347 1093 sensatione.

2045 1140 2524 1213 Auctoritas
2574 1139 2821 1211 etiam
2885 1137 3280 1210 Bernardi
3341 1158 3500 1211 non
3527 1175 3620 1262 -M
3647 1148 3840 1262 gmo-

1956 1255 2389 1337 eoneludit,
2481 1255 2672 1346 quia
2801 1253 3296 1344 intelligitur
3413 1255 3503 1327 de
3586 1275 3803 1324 ritatem

1956 1374 2661 1469 pivaesentialitata
2734 1391 2895 1444 non
2963 1375 3174 1452 aetu,
3241 1371 3505 1442 sedin

1956 1492 2357 1585 potentia,
2444 1495 2530 1563 ut
2601 1489 2708 1563 sit
2769 1508 3079 1569 sensus,
3153 1488 3361 1579 quod
3434 1487 3502 1560 si

1953 1608 2230 1680 anima
2298 1605 2564 1696 diligit
2635 1603 2939 1696 aliquid
3011 1603 3189 1695 plus
3261 1623 3501 1694 quam

1946 1725 2238 1815 diligat
2299 1744 2599 1816 eorpus
2681 1742 2943 1804 suum,
3012 1720 3142 1803 ibi,
3179 1724 3260 1794 et
3319 1741 3503 1792 eum

1956 1841 2094 1913 illo
2164 1839 2762 1933 praesentialius
2818 1835 3040 1929 eupit
3121 1857 3323 1917 esse,
3390 1858 3503 1908 se.-

1952 1957 2300 2029 eundum
2359 1956 2564 2048 quod
2633 1954 2943 2026 (licebat
2995 1952 3437 2044 Apostolus
3485 1977 3499 2020 :
3619 2040 3669 2051 Η

1954 2078 2170 2163 Cupio
2200 2076 2503 2155 dissolvi,
2547 2088 2606 2142 et
2652 2097 2786 2140 esse
2825 2097 2970 2140 cum
3014 2074 3314 2140 Christo,
3534 2042 3819 2156 Plsspsskf‘

2050 2190 2293 2262 Ratio
2345 2191 2593 2262 etiam
2653 2189 2919 2282 prima
2988 2187 3349 2281 procedit
3407 2206 3501 2256 ex
3561 2195 3795 2305 (133ζῖ-

1948 2307 2158 2380 falsa
2191 2307 2811 2398 iinaginatione;
2869 2307 3078 2380 sieut
3119 2305 3332 2378 enim
3380 2325 3505 2397 po·
3559 2320 3837 2369 rationem.

1949 2425 2223 2501 tentiae
2257 2425 2546 2496 animae
2596 2423 2887 2496 habent
2929 2427 3305 2515 aspectus
3351 2426 3506 2495 ter-

1950 2529 2304 2612 minatos
2349 2538 2427 2610 in
2465 2539 2750 2632 majus,
2783 2542 2871 2611 ut
2913 2558 3164 2628 usque
3205 2539 3297 2609 ad
3341 2541 3507 2610 tan-

1950 2662 2123 2731 tum
2170 2657 2525 2749 spatium
2567 2654 2824 2748 possit
2885 2655 3156 2727 videre
3206 2659 3286 2728 et
3342 2675 3504 2726 non

1949 2777 2153 2870 plus,
2187 2779 2454 2869 potest
2479 2778 2751 2848 tamen
2775 2772 2853 2844 in
2884 2773 3188 2845 minori
3213 2773 3504 2865 spatie,

1950 2893 2065 2963 sie
2124 2891 2398 2963 anima
2449 2890 2882 2962 seeundum
2925 2888 3499 2970 substantiam,

1951 3030 2108 3103 qua
2150 3011 2272 3082 est
2321 3009 2613 3089 forma,
2661 3006 2899 3080 habet
2949 3009 3265 3079 eertum
3324 3025 3503 3097 gra—

1949 3126 2136 3198 dum
2181 3125 2258 3196 in
2329 3123 2784 3217 quantitate
2835 3120 3238 3214 eorporiS,
3287 3119 3501 3192 infra

1952 3261 2188 3333 quem
2242 3243 2507 3334 potest
2581 3238 3054 3321 informare,
3130 3242 3210 3311 et
3253 3235 3498 3309 istum

1953 3358 2288 3451 respieit
2329 3357 2600 3429 anima
2649 3354 2728 3426 in
2781 3354 3168 3445 generali.
3212 3355 3501 3427 Diver-

1951 3496 2060 3548 sae
2130 3477 2402 3547 autem
2452 3472 2741 3544 anima>
2787 3472 3082 3546 habent
3130 3471 3497 3545 diversos

1951 3594 2278 3685 gradus,
2355 3591 2788 3664 seeundum
2871 3591 3076 3683 quod
3167 3587 3494 3684 partiei-

1952 3714 2146 3803 pant
2205 3710 2503 3801 gradus
2559 3706 3068 3781 actualitatis
3129 3706 3502 3779 differen-.

1951 3832 2102 3901 ter.
2171 3828 2447 3898 Potest
2517 3829 2789 3898 autem
2852 3823 3087 3895 unius
3166 3844 3489 3915 eorpuS,

1950 3945 2101 4017 hoe
2170 3947 2293 4017 est
2336 3964 2571 4015 suum
2630 3941 3126 4035 eorpussub
3180 3940 3494 4012 minore
3642 4017 3651 4025 ,

1951 4060 2409 4154 quantitate
2488 4059 2973 4139 informare,
3055 4062 3306 4149 ‘quam
3385 4056 3607 4138 sit„
3667 4120 3722 4147 ψ,
3807 4134 3819 4153 ,

1949 4180 2091 4252 illa
2133 4177 2546 4269 quantitas
2589 4177 2663 4248 ei
2694 4174 2958 4249 debita
2993 4176 3072 4248 in
3107 4195 3250 4245 suo
3285 4195 3492 4246 eom-
3638 4252 3660 4273 ,ἵ
3709 4184 3715 4213 ²

1948 4296 2379 4389 plemento,
2460 4292 2656 4387 unde
2688 4292 2960 4363 eadem
3013 4290 3284 4364 anima
3333 4312 3492 4362 non
3665 4280 3696 4315 ⁸

1947 4415 2187 4486 aneta
2267 4407 2658 4482 informat
2730 4409 2992 4500 majus
3076 4413 3157 4482 et
3227 4409 3491 4481 minus

1947 4548 2276 4620 eorpus.

2032 4647 2198 4718 Nee
2251 4643 2474 4715 (lebet
2527 4641 2706 4723 dici,
2762 4663 2961 4733 ergo
3004 4643 3188 4714 dum
3239 4642 3492 4714 Infor-

1948 4766 2113 4835 mat
2214 4780 2514 4852 eorpus
2623 4758 2967 4851 parvuli,
3034 4763 3159 4832 est
3221 4764 3482 4843 extra,

1948 4880 2137 4973 quia
2190 4881 2276 4950 ut
2334 4879 2456 4948 est
2514 4876 2592 4947 in
2633 4896 3005 4968 corpore,
3079 4897 3489 4968 nunquam

1945 4998 2069 5067 est
2137 5014 2283 5087 per
2342 5014 2449 5074 se,
2504 4991 2663 5063 nisi
2727 4994 2810 5063 ut
2864 4991 3130 5065 forma
3182 5017 3195 5061 ε
3252 4996 3489 5065 extra

1947 5113 2221 5182 autem
2274 5129 2572 5200 eorpus
2617 5109 2938 5201 parvuli
2990 5108 3190 5181 nihil
3246 5109 3493 5180 insor-

1949 5230 2159 5307 mat;
2222 5246 2420 5315 ergo
2493 5245 2636 5317 per
2697 5247 2780 5295 se
2848 5245 3006 5296 non
3074 5227 3195 5296 est
3257 5228 3491 5296 extra

1949 5364 2249 5434 eorpus
2334 5342 2650 5434 parvuli
2719 5365 2732 5407 :
2797 5362 2941 5412 nee
2992 5364 3132 5433 per
3191 5363 3490 5434 eorpus

1949 5459 2270 5552 parvuli
2342 5462 2461 5530 est
2507 5463 2767 5540 extra,
2824 5457 3010 5549 quia
3068 5462 3259 5530 tune
3316 5481 3490 5531 eor-

1950 5598 2098 5669 pus
2140 5575 2455 5669 parvuli
2499 5581 2713 5648 esset
2756 5578 2990 5647 extra
3035 5598 3141 5646 se.
3191 5576 3486 5647 Eadem

3531 1337 3827 1393 Ber-nardi.
