4252 6393
309 4914 498 5028 Cam}
513 4978 627 5052 flu·-

302 5055 410 5090 xus
456 5054 630 5089 maru

331 5119 365 5153 α
410 5104 596 5155 Luna.

653 408 766 474 136

639 571 876 644 lioris
957 571 1491 663 operationiS,
1565 592 1803 664 quam
1874 574 2189 665 quando

644 693 871 762 Luna
918 689 1277 763 ascendit
1319 692 1415 763 ad
1459 691 1803 764 medium
1845 691 2050 773 coeli,
2097 691 2194 762 is-

641 811 744 882 tae
779 807 1034 889 lineae,
1081 811 1162 881 et
1195 808 1661 900 pyramides
1706 812 1893 881 sunt
1928 807 2191 896 magis

642 925 997 1006 directae,
1048 924 1494 1006 breviores,
1544 925 1806 1016 magis
1866 925 2192 996 redeun-

645 1047 771 1116 tes
835 1041 914 1114 in
968 1042 1307 1134 seipsas,
1356 1046 1439 1117 et
1484 1042 1750 1115 minus
1810 1043 2212 1132 frangun-·

646 1162 809 1239 tur,
846 1159 978 1231 sed
1014 1158 1275 1248 magis
1308 1157 1403 1230 ad
1437 1159 1779 1249 angulos
1811 1158 2190 1251 aequales,

648 1278 730 1349 et
793 1274 963 1348 ideo
1009 1278 1198 1349 ωηο
1261 1280 1448 1349 sunt
1519 1276 1861 1369 majoris
1915 1295 2196 1368 opera-

649 1390 925 1473 tioniS,
995 1395 1075 1465 et
1136 1391 1552 1472 fortioris;
1630 1391 1801 1465 ideo
1880 1392 2194 1485 quando

656 1508 882 1579 Luna
922 1507 1037 1580 sic
1083 1507 1377 1588 oritur,
1418 1506 1622 1579 radii
1670 1507 1794 1580 sui
1857 1511 2198 1601 propter

651 1623 1150 1698 debilitatem
1244 1645 1405 1697 non
1486 1625 1942 1706 sufficiunt,
2038 1623 2197 1697 nisi

656 1743 1070 1814 resolvere
1145 1761 1492 1834 vapores
1573 1762 1621 1813 a
1696 1746 1948 1822 terra,
2010 1744 2090 1814 et
2150 1761 2198 1813 a

653 1859 896 1932 fundo
943 1859 1220 1939 maris,
1256 1864 1336 1933 et
1366 1859 1686 1932 elevant
1728 1857 1946 1952 ipsas
1982 1857 2197 1930 infra

653 1994 954 2067 corpus
1025 1972 1303 2054 mariS,
1388 1978 1467 2046 et
1512 1979 1850 2066 propter
1926 1970 2197 2045 debili-

652 2094 911 2164 tatem
969 2110 1128 2162 non
1190 2089 1602 2163 sufficiunt
1670 2110 2017 2183 vapores
2080 2110 2196 2161 re-

654 2207 968 2280 solutos
1035 2227 1543 2288 consumere,
1623 2210 1704 2280 et
1783 2207 1862 2280 in
1920 2227 2195 2282 aerem

654 2325 1058 2417 complete
1119 2328 1628 2407 convertere,
1679 2325 1846 2396 sive
1916 2325 2011 2396 ad
2072 2344 2196 2396 ae-

658 2462 831 2513 rem
892 2440 1356 2522 attrahere;
1437 2444 1517 2514 et
1595 2440 1768 2512 ideo
1845 2461 2196 2533 vapores

658 2557 802 2638 illi,
875 2578 1059 2630 cum
1122 2557 1284 2630 sint
1352 2577 1730 2649 corpora,
1792 2579 1968 2650 quae
2035 2577 2197 2630 non

658 2674 976 2769 possint
1018 2675 1260 2748 simul
1325 2677 1547 2747 stare
1598 2696 1781 2747 cum
1827 2677 2196 2768 partibus

656 2815 927 2887 aquae,
1009 2793 1510 2887 compellunt
1588 2814 1841 2885 aquas
1942 2795 2196 2868 maris

654 2908 989 2992 eleva-ri,
1065 2911 1147 2982 et
1197 2910 1590 2998 generant
1633 2907 1715 2979 in
1765 2907 1942 3000 ipso
1988 2909 2197 2981 mari

656 3025 1105 3118 ampullaS,
1189 3028 1268 3098 et
1365 3029 1759 3106 tumores,
1839 3029 1920 3097 et
2007 3029 2197 3098 tunc

660 3161 885 3215 mare
935 3140 1136 3216 fluit.
1204 3142 1351 3216 Sed
1410 3141 1722 3233 quando
1794 3143 2021 3214 Luna
2077 3160 2199 3213 as-

656 3260 919 3334 cendit
961 3263 1057 3332 ad
1109 3260 1455 3331 medium
1498 3259 1701 3340 coeli,
1748 3263 1939 3332 tunc
1994 3260 2197 3333 radii

656 3381 736 3450 et
805 3376 1294 3469 pyramideS,
1347 3375 1633 3468 quibus
1672 3375 2037 3449 defertur
2088 3376 2200 3448 in-

655 3492 993 3565 fluentia
1047 3494 1314 3573 Lunae,
1380 3496 1566 3565 sunt
1626 3492 2073 3573 breviores,
2119 3499 2200 3567 et

655 3609 1073 3691 fortiores,
1134 3613 1214 3682 et
1281 3608 1454 3681 ideo
1528 3612 1717 3681 tunc
1787 3608 2202 3682 sufficiunt

654 3746 1003 3819 vapores
1065 3725 1504 3805 resolvere,
1549 3729 1629 3798 et
1686 3745 2195 3807 consumere,

655 3847 735 3917 et
787 3844 883 3915 ad
932 3863 1205 3917 acrem
1267 3841 1621 3933 perse-cte
1680 3841 2195 3929 contrahere,

656 3962 739 4033 et
812 3958 893 4031 in
972 3977 1247 4031 aerem
1319 3956 1762 4037 resolvere,
1845 3962 1924 4029 et
2012 3961 2202 4050 quia

657 4080 1029 4150 cessante
1080 4095 1329 4147 causa
1386 4077 1653 4145 cessat
1717 4076 1797 4146 et
1838 4074 2197 4155 effectus,

660 4193 832 4266 ideo
895 4195 1084 4266 ωηο
1145 4195 1413 4264 cessat
1471 4189 1758 4270 fluxus,
1841 4194 1919 4263 et
1974 4212 2200 4264 mare

661 4309 956 4384 refluit.
1013 4312 1247 4383 Patet
1292 4307 1548 4399 igitur
1587 4327 1762 4399 quae
1805 4306 1911 4380 sit
1952 4328 2202 4380 causa

658 4428 921 4499 fluxus
996 4424 1247 4499 maris
1324 4423 1750 4496 accedente
1810 4425 2035 4495 Luna
2103 4426 2201 4497 ab

659 4544 990 4618 Oriente
1050 4561 1303 4632 usquc
1345 4540 1441 4612 ad
1491 4539 2047 4622 meridianum,
2119 4544 2200 4614 et

661 4680 835 4751 quae
903 4662 1027 4731 est
1101 4675 1350 4729 causa
1422 4655 1778 4727 refluxus
1838 4676 1885 4727 a
1965 4656 2202 4728 meri-

658 4778 897 4849 diano
943 4795 1194 4866 usque
1255 4773 1351 4846 ad
1384 4771 1927 4846 Occidentem.

750 4892 896 4967 Sed
934 4890 1026 4964 de
1066 4911 1315 4964 causa
1371 4889 1636 4961 fluxus
1697 4889 1922 4960 Luna
1981 4909 2201 4961 acce-

658 5012 890 5084 dente
932 5008 1031 5081 ab
1061 5008 1486 5097 Occidente
1537 5026 1787 5096 usque
1838 5006 1932 5076 ad
1968 5025 2203 5097 punc-

664 5134 838 5203 tum
891 5124 1170 5198 mediae
1221 5123 1513 5203 noctis,
1570 5126 1694 5195 est
1736 5121 2195 5193 difficilius:

659 5250 738 5318 et
805 5242 999 5316 dicit
1070 5237 1628 5314 Lincolnensis
1681 5237 1886 5329 quod
1956 5257 2204 5308 causa

658 5365 809 5443 est,
885 5358 1076 5452 quia
1149 5356 1355 5429 radii
1435 5357 1679 5427 Lunae
1759 5351 2200 5427 incidentes

660 5479 756 5551 ad
837 5481 1210 5550 octavam
1299 5472 1731 5565 sphaeram,
1825 5476 1999 5562 quae
2076 5475 2203 5546 est

658 5594 888 5668 valde
958 5591 1247 5686 spissa,
1310 5595 1389 5664 et
1460 5588 1541 5664 in
1609 5592 1927 5665 tantum
1998 5591 2204 5681 quod

1852 403 1995 472 ΜΒ.
2045 404 2116 473 11.
2163 400 2708 474 METEORORUM

2305 572 2762 648 terminant
2816 573 3112 658 visum,
3175 579 3257 650 et
3315 576 3851 652 reflectuntur

2305 687 2405 760 ab
2457 692 2746 762 octava
2807 689 3131 783 sphaera
3171 712 3425 785 usque
3483 693 3578 764 ad
3619 714 3856 786 quar-

2307 807 2478 878 tam
2522 809 2771 879 terrae
2833 807 3302 900 oppositam
3371 809 3466 882 ad
3508 811 3854 902 angulos

2310 920 2512 993 satis
2554 921 2933 1012 aequales,
2979 927 3063 996 et
3103 925 3199 996 ad
3251 923 3534 1008 lineas,
3589 930 3669 1001 et
3719 947 3855 1020 py-

2311 1037 2659 1109 ramides
2700 1036 3210 1122 directiores,
3266 1039 3438 1113 ideo
3484 1041 3602 1115 illi
3646 1043 3858 1116 radii

2310 1150 2426 1223 sic
2497 1152 2778 1225 reflexi
2821 1155 2917 1226 ad
2966 1158 3348 1246 quartam
3393 1158 3858 1251 oppositam

2310 1268 2727 1344 sufficiunt
2767 1292 3287 1346 commovere
3333 1294 3685 1368 vapores
3732 1299 3858 1351 us-

2311 1407 2462 1478 que
2505 1385 2584 1457 in
2617 1407 2918 1480 eorpus
2954 1389 3233 1471 maris,
3272 1410 3473 1481 quos
3518 1398 3862 1485 propter

2307 1503 2808 1578 debilitatem
2865 1526 3028 1580 non
3098 1508 3512 1582 sufficiunt
3573 1531 3858 1584 consu-

2313 1640 2559 1701 mere,
2652 1620 2825 1694 ideo
2904 1625 3096 1696 tunc
3172 1625 3264 1699 fit
3337 1626 3640 1708 fluxus;
3720 1629 3860 1700 sed

2313 1739 2597 1828 postea
2654 1740 3080 1814 accedente
3155 1742 3382 1814 Luna
3447 1763 3494 1814 a
3559 1750 3859 1836 puncto

2314 1853 2589 1926 medioe
2631 1855 2897 1929 noctis
2930 1878 3220 1929 versus
3256 1859 3697 1943 Orientem,
3732 1863 3863 1934 de·-

2309 1969 2592 2044 ficiunt
2628 1972 2833 2045 radii
2878 1971 2997 2047 illi
3042 1975 3321 2048 reflexi
3365 1976 3460 2048 ad
3513 1978 3861 2069 angulos

2313 2108 2556 2180 super
2614 2094 2934 2181 partem
2998 2092 3484 2185 oppositam,
3546 2099 3627 2167 et
3667 2099 3866 2168 ωηο

2311 2222 2662 2294 vapores
2723 2203 2844 2277 illi
2904 2206 3533 2291 condensantur,
3593 2213 3674 2282 et
3741 2230 3865 2282 re-

2309 2320 2552 2393 deunt
2622 2322 2718 2393 ad
2776 2323 3202 2415 propriam
3283 2329 3702 2408 naturam,
3773 2330 3864 2400 et

2312 2437 2606 2509 cadunt
2683 2439 3100 2523 deorsum,
3183 2444 3265 2514 et
3349 2445 3538 2516 tunc
3631 2464 3864 2519 mare

2313 2551 2610 2626 refluit.

2401 2669 2545 2742 Sed
2587 2675 2880 2744 contra
2931 2670 3143 2746 istud
3194 2674 3604 2766 objicitur,
3668 2676 3862 2768 quia

2312 2903 2672 2994 aliquam
2713 2904 3274 2980 fortitudinem
3336 2930 3580 3002 super
3620 2931 3856 3003 quar·

2312 3023 2481 3092 tam
2516 3019 2668 3092 sibi
2705 3022 3191 3114 oppositam,
3228 3025 3503 3097 eadem
3539 3026 3860 3100 ratione

2314 3135 2450 3209 Sol
2497 3134 2831 3212 haberet
2879 3138 3391 3214 consimilem
3452 3143 3858 3219 fortitudi-

2311 3274 2494 3326 nem
2557 3274 2804 3346 super
2867 3261 3248 3347 quartam
3319 3258 3469 3332 sibi
3541 3261 3857 3354 opposi-

2313 3375 2509 3451 tam,
2547 3374 2626 3444 et
2661 3371 2776 3444 sic
2811 3392 3062 3465 usque
3093 3374 3186 3446 ad
3209 3374 3554 3447 medium
3588 3378 3855 3451 noctis

2315 3490 2530 3559 esset
2580 3486 2810 3559 valde
2844 3487 3128 3571 calida,
3166 3491 3296 3562 vel
3330 3491 3757 3566 luminosa.

2403 3603 2517 3674 Ad
2562 3602 2756 3675 illud
2804 3608 3072 3695 potest
3114 3606 3294 3689 dici,
3350 3610 3849 3683 concedendo
3881 3644 4215 3711 Rem,

2317 3720 2524 3811 quod
2558 3719 2719 3802 Sol,
2756 3719 2922 3792 imo
2967 3722 3301 3814 quilibet
3338 3725 3683 3818 planeta,
3721 3726 3854 3799 ha-

2313 3834 2446 3908 bet
2485 3834 2843 3927 aliquam
2885 3835 3445 3913 fortitudinem
3481 3861 3526 3912 a
3561 3847 3859 3935 puncto

2319 3950 2595 4024 mediae
2645 3953 2936 4035 noctis,
2996 3955 3122 4026 vel
3179 3962 3365 4031 ante
3439 3981 3452 4024 ε
3518 3960 3650 4031 sed
3699 3980 3861 4033 non

2316 4071 2644 4160 oportet
2735 4070 2940 4161 quod
3029 4072 3165 4144 Sol
3246 4072 3539 4148 habeat
3634 4076 3860 4148 illam

2315 4183 2877 4258 fortitudinem
2924 4188 3357 4259 secundum
3423 4190 3688 4263 radios
3749 4193 3861 4264 lu-

2318 4299 2595 4381 minis,
2687 4299 2814 4372 vel
2886 4303 3324 4375 secundum
3395 4304 3860 4383 caleFactio·

2314 4436 2521 4498 nem,
2571 4438 2746 4509 quae
2806 4414 3077 4489 lumen
3108 4421 3660 4512 consequitur,
3726 4425 3860 4496 sed

2317 4535 2755 4607 secundum
2809 4535 3055 4607 aliam
3124 4536 3626 4611 influentiam
3689 4562 3858 4641 spe-

2316 4652 2633 4733 cialem,
2701 4672 2875 4743 quae
2919 4651 3136 4725 forte
3194 4658 3317 4728 cst
3368 4675 3617 4728 causa
3660 4657 3855 4749 galli

2316 4774 2604 4843 cantus
2640 4769 2717 4840 in
2752 4768 2890 4840 illa
2924 4768 3153 4840 hora.

2403 4891 2522 4960 Ex
2566 4887 3037 4979 quaestione,
3087 4891 3167 4962 et
3223 4890 3452 4962 modo
3518 4894 3854 4983 ponendi

2317 5003 2686 5095 sequitur
2765 5003 3062 5095 primo,
3139 5006 3343 5096 quod
3411 5009 3558 5079 sub
3645 5010 3851 5101 polis

2320 5119 2588 5192 mundi
2632 5140 2790 5191 non
2849 5120 2937 5193 fit
3006 5120 3296 5204 fluxus,
3354 5128 3434 5196 et
3498 5125 3853 5201 refluxus

2317 5236 2599 5316 maris,
2664 5236 2953 5308 saltem
3000 5235 3278 5310 iisdem
3322 5242 3854 5333 temporibus,

2318 5352 2601 5445 quibus
2651 5353 2742 5426 fit
2799 5353 3054 5435 nobiS,
3119 5359 3243 5428 ost
3304 5354 3454 5427 hoc
3522 5363 3862 5450 propter

2314 5470 2813 5545 debilitatem
2894 5469 3309 5542 radiorum
3382 5474 3651 5556 Lunae,
3726 5476 3860 5567 qui

2317 5587 2606 5662 ibidem
2641 5587 3146 5682 pertingunt3
3195 5588 3366 5663 ideo
3399 5590 3643 5674 forte,
3673 5593 3860 5688 quia

4053 2721 4101 2772 a

2313 2784 2382 2859 si
2421 2807 2519 2859 ex
2562 2787 2708 2860 tali
2771 2787 3207 2863 reflexione
3267 2793 3490 2864 Luna
3522 2793 3857 2870 haberet
3957 2785 4212 2850 ommim·
