4252 6393
82 2515 199 2637 aa*

91 3571 279 3624 &eandm

122 4276 181 4323 ,lul
203 4279 237 4328 l.

103 4337 236 4397 object.

108 4752 171 4798 ,ld
186 4753 226 4804 2.

1676 472 2038 547 QUAE5T10
2084 477 2139 537 X
3465 490 3538 554 51

330 634 767 702 moventur
790 630 1189 703 velociter
1225 634 1500 722 partes
1537 629 1867 704 interio-
1982 638 2320 717 motum,
2372 637 2543 711 ideo
2578 646 2879 716 natura
2924 643 3182 720 mittit
3214 666 3261 717 a
3293 649 3535 720 corde

328 766 446 816 res
490 746 879 840 corporis
913 747 1125 821 sicut
1157 746 1643 820 exteriores.
1979 749 2322 842 spiritus
2380 754 2683 828 calidos
2746 759 2840 830 ad
2895 762 3256 835 membra
3318 769 3536 837 exte-

401 862 687 935 Tertio
759 884 903 956 per
979 862 1600 956 experientiam,
1676 881 1863 935 nam
1978 866 2228 952 riora,
2261 872 3268 969 mediantibusquibusilla
3297 901 3535 954 mem-

196 2577 282 2628 iol

324 976 378 1048 si
426 977 848 1070 plumbum
905 984 1259 1071 ponatur
1309 980 1388 1052 in
1434 980 1690 1052 medio
1743 999 1861 1050 sa-

323 1092 535 1183 gittae
572 1094 1030 1186 impetuose
1078 1096 1363 1171 delatae
1402 1117 1543 1189 por
1585 1116 1859 1168 aerem

324 1223 466 1282 n‘on
502 1211 864 1303 liquefiet
909 1213 1350 1306 plumbum,
1400 1213 1533 1287 sed
1567 1213 1634 1286 si
1678 1234 1859 1287 con-

317 1329 708 1421 jungatur
739 1332 835 1402 ad
872 1337 1150 1424 partes
1192 1332 1654 1406 exteriores
1699 1336 1860 1407 sta-

321 1448 453 1522 tim
486 1446 876 1538 liquefiet.

410 1568 750 1646 Quarto,
835 1565 1021 1656 quia.
1084 1565 1447 1639 videmus
1517 1564 1724 1657 quod
1784 1565 1851 1638 si

319 1680 453 1753 ‹luo
496 1680 752 1766 serra,
807 1683 938 1755 vel,
982 1683 1135 1754 duo
1171 1682 1415 1771 ligna,
1453 1682 1578 1754 vel
1604 1703 1855 1755 unum

321 1794 647 1879 ferrum,
686 1798 813 1871 vel
859 1819 1107 1871 unum
1159 1797 1473 1890 lignum
1516 1797 1854 1873 fortiter

324 1920 618 1988 motum
706 1914 1219 1990 confricetur
1309 1916 1404 1988 ad
1474 1914 1844 1996 invicem,

323 2032 592 2106 statim
636 2032 1011 2124 sequitur
1043 2032 1276 2105 calor
1303 2053 1403 2105 ex
1436 2031 1572 2127 huj
1589 2053 1849 2105 usmo-

318 2145 381 2218 di
414 2145 1037 2229 confricatione,
1100 2152 1180 2222 et
1215 2146 1487 2222 omnia
1521 2147 1851 2238 signant

321 2263 507 2355 quod
537 2262 1037 2338 confricatio
1097 2268 1223 2338 est
1261 2286 1406 2359 per
1474 2286 1558 2337 se
1600 2285 1850 2338 causa

323 2380 873 2473 productionis
903 2380 1211 2453 caloris
1244 2402 1290 2453 a
1326 2386 1577 2455 motu.

398 2502 703 2572 Contra
748 2496 998 2571 istum
1060 2498 1379 2570 modum
1434 2497 1845 2592 objicitur,

288 2615 598 2707 ‘primo,
652 2614 837 2707 quia
911 2613 978 2688 si
1050 2616 1146 2688 ad
1208 2615 1847 2690 rarefactionem

322 2732 608 2806 factam
639 2752 743 2804 ex
810 2732 1409 2806 confricatione
1474 2735 1848 2826 sequitur

316 2853 703 2934 caliditas,
743 2858 935 2927 tunc
969 2852 1347 2947 sequitur
1380 2855 1589 2946 quod
1644 2854 1847 2928 rari·

320 2974 432 3042 tas
474 2972 580 3046 sit
614 2970 972 3063 qualitas
1006 2971 1298 3064 prima.
1329 2974 1846 3062 Consequens

318 3086 623 3169 salsum,
672 3093 761 3163 ut
794 3092 1018 3183 patet
1074 3092 1140 3160 2.
1213 3088 1296 3157 de
1372 3090 1842 3157 Gener-atione.

320 3206 714 3280 Probatur
791 3203 1396 3298 consequentia,
1481 3204 1667 3297 quia
1752 3205 1847 3276 ad

321 3319 563 3414 ipsam
608 3323 981 3416 sequitur
1012 3323 1267 3403 calor,
1317 3321 1454 3415 qui
1486 3326 1610 3396 est
1645 3341 1833 3414 qua-

322 3438 493 3513 litas
535 3439 828 3533 prima.

402 3557 781 3639 Secundo,
821 3556 1009 3651 quia
1047 3577 1145 3631 ex
1187 3562 1410 3631 motu
1463 3553 1841 3636 hominis,

322 3674 510 3747 satis
568 3675 797 3748 tarde
847 3673 1089 3748 homo
1151 3675 1496 3749 multum
1549 3671 1841 3752 calefit,

318 3796 389 3865 et
440 3797 612 3865 tum
674 3813 834 3865 non
890 3793 1253 3865 videmus
1298 3792 1505 3885 quod
1566 3794 1845 3864 tantus

315 3909 530 3982 calor
571 3909 825 4001 possit
857 3911 1237 4002 generari
1267 3931 1365 3982 ex
1400 3910 1558 3984 ista
1594 3927 1847 4001 parva

320 4027 920 4112 confricatione,
957 4033 1038 4103 et
1072 4029 1166 4101 ad
1196 4048 1495 4121 corpus
1522 4028 1635 4100 ita
1672 4026 1846 4098 sub-

320 4145 477 4228 tile,
525 4147 730 4221 sicut
772 4152 896 4222 est
937 4167 1105 4220 aer.

400 4264 511 4336 Ad
565 4264 741 4339 ista.
787 4265 903 4338 Ad
953 4264 1336 4359 primum,
1399 4263 1574 4337 dico
1638 4265 1843 4356 quod

320 4398 470 4451 non
508 4386 625 4455 est
684 4381 1259 4456 inconveniens
1313 4381 1520 4473 quod
1573 4381 1652 4453 in
1704 4379 1841 4452 ali·

322 4497 591 4587 quibus
631 4499 939 4574 raritas
983 4500 1092 4574 sit
1137 4498 1491 4593 qualitas
1544 4496 1837 4591 prima,

321 4610 396 4684 in
423 4613 814 4708 aliquibus
857 4616 1225 4690 secunda.

400 4730 510 4802 Ad
566 4734 1020 4815 secundum,
1076 4732 1252 4806 dico
1319 4730 1525 4823 quod
1574 4731 1842 4805 calidi-

318 4846 436 4916 tas
486 4845 858 4932 hominis,
906 4869 1046 4922 seu
1088 4845 1545 4929 calefactio,
1598 4867 1837 4939 quam

314 4956 544 5034 habet
570 4985 660 5037 ex
697 4969 950 5048 motu,
985 4965 1112 5037 vel
1136 4985 1409 5046 cursu,
1447 4984 1607 5035 non
1640 4985 1860 5057 prae,

316 5075 474 5150 cise
516 5082 879 5172 provenit
924 5104 1023 5155 ex
1066 5079 1658 5157 confricatione
1706 5080 1839 5155 ho-

320 5195 547 5268 minis
590 5201 683 5274 ad
730 5200 1080 5274 medium
1131 5220 1279 5293 per
1319 5200 1525 5292 quod
1579 5218 1840 5270 move-

320 5311 475 5391 tur,
524 5314 647 5388 sed
688 5315 1068 5409 provenit
1110 5337 1210 5388 ex
1253 5315 1429 5396 hoc,
1472 5313 1677 5406 quod
1707 5333 1840 5386 na-

324 5424 506 5494 tura
574 5429 924 5503 sentiens
989 5428 1354 5503 membra
1422 5429 1842 5502 exteriora

322 5536 765 5630 aliqualiter
803 5545 1212 5619 debilitari
1246 5549 1586 5640 propter
1628 5565 1843 5620 reso·

323 5651 694 5734 lutionem
782 5663 1224 5756 spirituum
1312 5666 1614 5742 factam
1703 5681 1847 5759 per

1975 981 2121 1055 bra
2163 986 2528 1061 exterius
2571 990 2980 1066 calefiunt.

2481 1274 2906 1333 ARTICULUS
2941 1276 3041 1334 111.

1969 1486 2063 1551 Dc
2121 1487 2559 1575 calefactione
2627 1492 2807 1579 iqnis
2870 1518 2912 1561 α
2976 1508 3156 1563 motu
3222 1498 3524 1587 corporis

2587 1611 2884 1679 caelestis.

2054 1800 2169 1873 De
2209 1802 2458 1877 tortio
2494 1804 2600 1880 sit
2632 1807 3048 1882 conclusio
3084 1807 3268 1893 ista,
3308 1807 3512 1905 quod

3613 1824 3821 1960 Coqipm

1964 1937 2266 2009 corpus
2307 1922 2633 1996 coeleste
2686 1925 3087 2000 mediante
3123 1932 3347 2001 motu
3382 1949 3741 2011 ca-‚ooeeeae
3769 1976 3866 2009 ,mo

1964 2031 2240 2107 lesacit
2301 2037 2707 2131 sphaeram
2768 2042 3004 2133 ignis.
3070 2042 3500 2127 Probatur,

1964 2152 2152 2245 quia
2216 2151 2424 2246 ignis
2487 2161 2827 2251 propter
2891 2157 3505 2234 inclinationem

1963 2270 2087 2342 sui
2130 2272 2224 2343 ad
2267 2293 2596 2346 sursum
2627 2274 2857 2348 valde
2890 2275 3225 2351 fortiter
3257 2278 3508 2351 adhae-

1966 2392 2093 2461 ret
2149 2388 2486 2479 corpori
2545 2390 2880 2473 coelesti,
2951 2412 3136 2463 nam
3208 2414 3510 2487 corpus

1963 2504 2291 2577 coeleste
2325 2505 2676 2580 attrahit
2721 2506 2985 2600 ipsum
3032 2514 3254 2583 motu
3301 2532 3445 2584 suo
3492 2536 3507 2583 z

1962 2643 2162 2710 ergo
2187 2622 2587 2696 calefacit.
2618 2626 3112 2699 Antecedens
3138 2632 3507 2721 apparet,

1965 2738 2151 2831 quia
2186 2740 2398 2815 sicut
2431 2742 2714 2831 gravia
2756 2742 3257 2818 inclinantur
3287 2746 3513 2818 deor·

1964 2877 2168 2937 sum,
2208 2857 2322 2929 sic
2355 2863 2434 2932 et
2469 2858 2679 2932 levia
2713 2881 3068 2932 sursum.
3107 2861 3208 2935 Et
3245 2862 3512 2955 prima

1962 2973 2545 3066 consequentia
2580 2978 2825 3057 tenet,
2876 2976 3062 3067 quia
3109 2975 3259 3049 hoc
3297 2978 3511 3050 suffi-

1961 3089 2074 3163 cit
2135 3090 2229 3161 ad
2292 3095 2606 3165 motum
2667 3096 3015 3166 tractus.
3073 3095 3174 3167 E't
3236 3116 3511 3168 secun-

1959 3206 2056 3279 da
2135 3210 2715 3300 consequentia
2792 3214 3043 3292 tenct;
3136 3212 3323 3303 quia
3404 3210 3512 3285 ibi

1963 3324 2546 3415 quodammodo
2589 3329 2713 3399 est
2763 3325 3254 3402 confricatio
3301 3329 3510 3420 ignis

1960 3442 2055 3513 ad
2113 3441 2438 3522 coelum;
2499 3441 2662 3514 imo
2712 3442 2820 3515 ibi
2867 3443 3336 3537 quandoque
3379 3469 3511 3539 po·

1960 3561 2122 3631 test
2160 3557 2596 3648 imaginari
2629 3557 2856 3630 valde
2888 3559 3180 3632 nobilis
3214 3561 3512 3635 confri-

1961 3673 2178 3748 catio
2241 3694 2386 3766 per
2446 3674 2712 3767 ipsum
2775 3681 3109 3758 motum,
3187 3677 3375 3769 quia
3438 3680 3508 3751 si

1960 3790 2258 3883 aliquis
2290 3790 2505 3880 ignis
2542 3791 2888 3867 multum
2933 3792 3135 3865 levis
3180 3813 3505 3884 genere-

1960 3913 2099 3983 tur
2131 3907 2471 3980 inferius
2515 3928 2772 4001 prope
2808 3909 3223 4000 regionem
3279 3932 3504 4004 supe-

1961 4025 2269 4095 riorem
2312 4024 2554 4103 aeris,
2592 4025 2717 4096 vel
2755 4024 2968 4096 infra·
3003 4024 3135 4117 qui
3172 4047 3501 4099 sursum

1957 4139 2343 4220 ascendit,
2430 4141 2803 4232 sequitur
2872 4141 3077 4233 quod
3151 4140 3501 4234 impetus

1957 4255 2134 4350 ejus
2168 4256 2263 4328 ad
2301 4255 2929 4329 descendendum
2963 4277 3122 4329 non
3157 4258 3262 4332 sit
3296 4263 3503 4332 tota-

1956 4374 2152 4448 liter
2190 4372 2675 4466 deperditus,
2729 4375 2976 4446 donec
3033 4377 3502 4467 pervenerit

1957 4492 2052 4565 ad
2083 4491 2404 4572 coelum3
2441 4510 2585 4563 ncc
2620 4494 2810 4564 tunc
2846 4495 3219 4582 penetret
3251 4492 3503 4585 sphae-

1960 4629 2137 4682 ram
2181 4608 2420 4701 igniS,
2477 4608 2668 4700 quia
2726 4626 2870 4700 per
2922 4606 3316 4683 fortiores
3362 4609 3501 4683 im·

1959 4730 2190 4819 petus
2226 4725 2807 4800 reverberatur
2840 4745 2885 4796 a
2926 4726 3151 4808 coelo,
3187 4730 3268 4801 et
3307 4731 3500 4800 tunc

1956 4841 2170 4916 alter
2211 4840 2423 4934 ignis
2459 4841 2919 4934 insequitur
2969 4841 3049 4914 in
3093 4843 3493 4936 superius,

1954 4965 2033 5033 ct
2095 4958 2211 5032 sic
2256 4979 2400 5052 per
2466 4958 2801 5048 longum
2845 4961 3167 5051 tempus
3230 4963 3500 5053 potest

1953 5072 2415 5172 hujusmodi
2476 5071 2873 5148 insecutio
2929 5072 3132 5157 ficri,
3190 5081 3269 5151 et
3319 5099 3501 5151 con-

1953 5191 2310 5265 fricatiO.

2044 5310 2351 5383 Contra
2409 5307 3014 5381 conclusionem
3085 5308 3493 5401 obiicitur,

1956 5424 2250 5516 primo,
2308 5424 2495 5515 quia
2536 5425 2825 5497 coelum
2867 5428 2992 5497 cst
3024 5446 3322 5518 corpus
3367 5449 3498 5519 po-

1956 5540 2222 5624 litum,
2295 5541 2492 5624 leve,
2564 5545 2644 5615 et
2722 5539 3158 5624 uniforme3
3243 5543 3500 5635 igitur

1959 5680 2119 5734 non
2172 5662 2439 5751 potest
2494 5678 2766 5732 secum
2823 5658 3154 5733 trahere
3199 5660 3492 5749 ignem.

3631 2031 3778 2070 motu

3578 2083 3832 2145 calefacit.

3568 2161 3594 2192 s
3666 2160 3840 2195 oemm

3623 2208 3645 2256 i
3644 2223 3715 2275 911
3722 2209 3766 2257 is
3776 2244 3788 2258 .

3655 5336 3732 5388 10.

3531 5399 3768 5464 Objeceio
3803 5399 3846 5451 1.
