4252 6393
1738 437 2099 519 QUAESTlo
2149 442 2230 505 lX
3487 442 3605 506 427

422 603 631 675 teria
700 629 713 672 :
780 602 914 674 sed
988 621 1149 673 non
1219 604 1568 693 oportet,
1646 606 1733 675 ut
1792 602 1965 693 jam

421 721 705 802 dicam,
771 720 976 812 quod
1038 718 1258 791 nullo
1341 721 1572 792 modo
1645 719 1957 799 habea-t,

421 837 588 908 sive
657 837 765 911 sit
846 837 927 910 in
989 836 1362 917 materia,
1429 837 1643 909 sicut
1712 855 1960 924 agens

419 954 894 1047 principale.
953 953 1203 1047 Cujus
1284 954 1501 1027 ratio
1569 958 1718 1035 est,
1775 954 1963 1046 quia

414 1092 599 1144 cum
652 1071 1019 1165 potentia
1062 1074 1169 1145 sit
1233 1071 1451 1152 illud,
1513 1092 1670 1163 quo
1715 1092 1961 1162 agens

414 1193 612 1283 agit,
693 1198 774 1266 et
835 1192 1039 1264 idem
1109 1193 1382 1284 aliquo
1469 1191 1706 1263 modo
1775 1213 1961 1264 cum

413 1311 618 1402 ipso,
693 1310 761 1382 si
857 1331 1106 1401 agens
1202 1309 1438 1382 habet
1527 1308 1960 1382 materiam

410 1427 956 1519 corporalem,
992 1427 1117 1499 vel
1151 1425 1397 1498 aliam
1442 1428 1759 1517 partem
1804 1424 1956 1506 sui,

411 1544 879 1617 necessario
933 1543 1329 1635 sequitur,
1378 1542 1579 1634 quod
1643 1541 1782 1612 illa
1828 1563 1961 1635 po-

415 1663 673 1737 tentia
743 1662 1016 1754 aliquo
1076 1662 1309 1734 modo
1345 1661 1451 1734 sit
1494 1660 1574 1732 in
1617 1660 1755 1732 illa
1799 1681 1959 1732 ma-

409 1781 647 1862 teria;
698 1782 883 1868 (non
915 1778 1118 1860 dico,
1157 1779 1363 1871 quod
1430 1778 1720 1852 habeat
1779 1798 1957 1850 eam

412 1900 732 1990 partem
759 1895 908 1975 sui,
941 1894 1150 1969 sicut
1190 1914 1438 1986 agens
1484 1893 1959 1988 principale)

409 2034 610 2105 ergo
660 2014 727 2085 si
770 2013 1225 2105 intelligam
1279 2013 1712 2085 secundum
1763 2034 1958 2105 prae-

408 2129 652 2209 dicta,
698 2134 822 2201 est
892 2133 1116 2202 totus
1156 2127 1428 2210 homo,
1491 2128 1722 2221 cujus
1768 2147 1958 2220 pars

408 2250 533 2318 est
626 2245 975 2319 materia
1058 2244 1551 2337 corporalis,
1635 2265 1959 2317 necesse

409 2366 559 2444 est,
620 2363 825 2454 quod
887 2362 1081 2434 illud
1149 2381 1304 2453 quo
1376 2361 1571 2452 agit,
1646 2361 1960 2435 scilicet

413 2479 780 2572 potentia
833 2478 1352 2559 intellectiva,
1420 2478 1526 2552 sit
1578 2477 1657 2550 in
1716 2483 1960 2552 mate-

411 2597 537 2668 ria
570 2596 1093 2690 corruptibili
1152 2597 1285 2669 sed
1360 2616 1520 2667 non
1564 2597 1768 2688 quod
1832 2595 1960 2666 lia-

406 2714 593 2786 beat
632 2714 1063 2786 materiam
1115 2712 1737 2806 corruptibilem
1782 2734 1959 2805 par-

409 2838 577 2906 tem
614 2831 765 2911 sui,
806 2831 1017 2904 sicut
1061 2830 1340 2910 1101110;
1386 2850 1548 2901 11011
1602 2849 1802 2919 ergo
1836 2835 1960 2903 est

408 2949 778 3042 potentia
871 2948 1132 3039 magis
1248 2952 1632 3039 separata
1719 2967 1960 3040 quam

402 3066 891 3146 substantia,
918 3086 1062 3138 nec
1088 3065 1304 3138 actio
1329 3085 1568 3156 quam
1597 3066 1960 3140 substan-

404 3185 548 3265 tia,
575 3182 699 3254 vel
732 3183 1117 3275 potentia,
1171 3182 1604 3255 secundum
1641 3183 1846 3275 quod
1876 3183 1962 3275 ly

403 3304 625 3388 massis
662 3299 857 3372 (licit
884 3300 1328 3392 potentiam
1364 3300 1703 3372 totalem
1739 3321 1961 3392 sepa-

408 3417 683 3484 ratam
738 3434 784 3483 a
826 3433 1120 3502 genere
1185 3411 1576 3492 materiae,
1630 3413 1761 3483 sed
1841 3433 1959 3483 50-

401 3531 583 3601 111111
628 3531 835 3621 quod
893 3529 1088 3603 dicit
1128 3528 1538 3610 altiorem,
1585 3531 1666 3602 01
1711 3529 1958 3621 majo-

407 3668 585 3718 rem
682 3647 1024 3735 gradum
1119 3645 1694 3738 separationis,
1787 3646 1956 3717 sivo

396 3761 958 3852 elongationis
1001 3762 1099 3831 ab
1140 3763 1416 3833 eadem
1463 3762 1835 3833 materia.

488 3880 661 3951 Nec
704 3898 799 3950 ex
842 3878 992 3950 1100
1053 3882 1325 3970 potest
1366 3878 1734 3950 concludi
1798 3900 1956 3950 ma-

387 3997 539 4089 jor
569 3995 955 4070 nobilitas
1001 3996 1077 4067 in
1142 3996 1529 4088 potentia,
1602 4016 1839 4087 quam
1879 3997 1956 4068 in

398 4114 892 4195 substantia,
951 4114 1139 4205 quia
1173 4114 1323 4186 1100
1367 4113 1735 4187 concludi
1767 4134 1959 4205 ·pos-

400 4231 645 4305 sibile
686 4234 810 4307 est
850 4252 949 4303 ex
1001 4232 1253 4323 gradu
1299 4231 1751 4304 nobilitatis
1797 4232 1956 4304 for-

403 4370 588 4429 mae,
627 4368 786 4419 non
819 4369 916 4419 ex
961 4370 1070 4419 se.
1118 4351 1260 4422 Est
1312 4352 1584 4421 autem
1620 4348 1788 4421 haec
1822 4369 1955 4419 no-

397 4465 688 4538 bilitas
733 4464 1163 4537 secundum
1199 4464 1406 4555 quid,
1443 4485 1631 4536 nam
1674 4466 1955 4538 nobili-

398 4585 534 4655 tas
581 4579 869 4651 formae
916 4580 1480 4673 principaliter
1510 4586 1633 4653 est
1668 4581 1747 4652 in
1784 4601 1955 4674 per-

394 4695 743 4768 ficiendo
823 4701 1195 4788 respectu
1286 4695 1652 4788 subjecti,
1749 4698 1955 4789 quod

397 4811 847 4893 concludit,
910 4816 990 4885 01
1038 4811 1290 4883 dando
1352 4812 1703 4904 primum
1747 4832 1949 4894 esse,

400 4928 597 5019 quia
672 4927 987 5020 primus
1030 4932 1408 5022 aspectus
1478 4928 1766 5000 sormae
1830 4933 1955 5001 est

399 5050 786 5139 respectu
834 5044 1199 5136 subjecti,
1245 5049 1324 5118 et
1358 5047 1748 5118 secundus
1796 5068 1955 5118 res·

395 5166 643 5255 pectu
681 5160 1000 5253 objecti,
1036 5161 1162 5232 vel
1198 5161 1728 5253 operationis.
1774 5164 1953 5233 Non

393 5284 529 5352 est
571 5282 846 5351 autem
921 5277 1494 5349 inconveniens
1538 5279 1741 5369 quod
1814 5278 1952 5350 ali-

397 5395 589 5486 quid
658 5393 1094 5484 ignobilius
1167 5393 1246 5465 in
1320 5415 1403 5465 se
1454 5394 1746 5468 habeat
1813 5395 1953 5467 ali-

398 5530 648 5601 quam
686 5509 1245 5601 operationem
1271 5509 1754 5581 nobiliorem
1791 5530 1952 5581 res-

400 5630 643 5719 pectu
745 5625 1090 5718 alicujus
1181 5626 1658 5710 extrinseci,
1744 5627 1952 5713 sicut

2084 599 2455 692 ponimus
2514 601 2605 673 de
2657 600 2955 692 gratia,
3002 600 3235 693 cujus
3284 601 3620 676 effectus

2076 722 2201 789 est
2233 717 2400 791 Deo
2443 717 2800 790 animam
2852 718 3110 801 unire,
3173 722 3255 793 et
3296 724 3623 811 gratam

2075 833 2428 905 reddere.

2166 959 2271 1032 Ut
2304 963 2579 1033 autem
2633 959 2970 1043 sciatur,
3027 962 3233 1052 quod
3290 962 3621 1035 diversi·
3763 977 3844 1031 62.

2076 1076 2303 1149 mode
2392 1077 2851 1152 substantia
2957 1082 3036 1150 et
3125 1078 3493 1171 potentia
3570 1099 3617 1151 a

2074 1192 2597 1287 corruptibili
2693 1194 3046 1268 materia
3150 1199 3612 1288 separatur,

2076 1309 2512 1392 sciendum,
2553 1310 2758 1402 quod
2819 1313 3173 1401 quatuor
3224 1311 3481 1383 modis
3512 1312 3620 1385 di·
3680 1322 3925 1397 Quqeuor

2073 1425 2291 1498 citur
2314 1425 2615 1518 aliquid
2645 1446 2692 1497 a
2728 1427 3073 1501 materia.
3098 1428 3621 1521 corruptibili
3646 1386 3959 1521 ’ν’ἷιῗῖἒιῖῗέἶ

2074 1547 2571 1636 separatum.
2621 1545 2717 1615 Et
2759 1544 2935 1615 dieo
2995 1544 3422 1635 signanter
3479 1570 3617 1615 ma·
3673 1518 3932 1560 ’mmm'

2072 1664 2312 1728 leriam
2367 1662 2888 1744 corruptibilem,
2953 1661 3141 1752 quia
3184 1662 3615 1734 materiam

2073 1777 2588 1869 spiritualem
2685 1776 2765 1847 in
2849 1777 3123 1849 anima
3230 1776 3613 1851 rationali

2075 1894 2332 1986 posui.
2372 1895 2648 1966 Primo
2672 1894 2930 1977 modo,
2969 1893 3155 1985 quia
3186 1913 3344 1965 non
3377 1892 3616 1968 babet

2074 2012 2508 2086 materiam
2583 2010 3204 2103 corruptibilem
3299 2015 3618 2103 partem

2073 2127 2223 2207 sui,
2269 2147 2412 2200 1100
2448 2131 2571 2199 051
2603 2128 2778 2220 ejus
2825 2147 2970 2219 per
3004 2148 3111 2209 se,
3157 2125 3283 2197 vel
3321 2147 3464 2219 per
3495 2145 3619 2198 ac-

2072 2243 2341 2315 cidens
2395 2242 2814 2335 persectiO,
2860 2263 3006 2314 nec
3065 2242 3337 2334 aliquo
3384 2242 3617 2314 modo

2069 2381 2250 2432 eam
2297 2359 2374 2431 in
2402 2380 2548 2432 sua
2588 2359 2908 2433 actione
2943 2359 3317 2434 includit:
3355 2363 3435 2433 et
3460 2358 3620 2432 isto

2076 2477 2310 2549 modo
2361 2479 2576 2550 Deus
2619 2481 2743 2550 est
2795 2480 3224 2570 separatus
3275 2496 3322 2548 a
3375 2480 3620 2549 mate-

2075 2594 2200 2665 ria
2244 2599 2412 2668 tam
2455 2592 2877 2686 corporali
2945 2611 3187 2685 quam
3234 2589 3617 2682 spiritua-

2073 2710 2156 2791 li,
2194 2711 2540 2782 addendo
2575 2709 2668 2780 ad
2710 2709 2861 2781 1100
2900 2729 3177 2780 01111105
3218 2705 3616 2779 exclusio-

2072 2848 2240 2908 nes,
2280 2847 2452 2918 quae
2496 2827 2756 2917 longae
2813 2829 3085 2898 essent
3126 2824 3220 2896 ad
3272 2822 3615 2897 recitan-

2071 2942 2283 3014 dum.
2333 2943 2690 3016 Secundo
2737 2942 2994 3023 modo,
3045 2941 3231 3033 quia
3271 2959 3431 3011 non
3481 2938 3614 3009 ha-

2077 3061 2205 3133 bet
2293 3060 2727 3134 materiam
2818 3057 3338 3152 corporalem
3441 3076 3616 3148 par-

2078 3183 2238 3254 tem
2323 3181 2471 3259 sui,
2572 3198 2716 3250 nec
2799 3181 2922 3250 est
3012 3173 3406 3268 perfectio
3477 3194 3616 3245 seu

2072 3297 2340 3370 forma
2433 3295 2800 3368 materiae
2886 3292 3375 3386 corporalis,
3473 3313 3618 3364 1100

2075 3417 2352 3485 motor
2414 3405 2556 3503 'per
2625 3432 2733 3491 se,
2807 3413 2930 3482 est
2998 3413 3272 3483 tamen
3342 3409 3617 3501 aliquo

2074 3527 2307 3599 modo
2343 3527 2420 3598 in
2456 3526 2802 3600 materia
2839 3546 2985 3618 per
3023 3525 3264 3597 aliud.
3312 3529 3412 3599 Et
3455 3525 3616 3598 isto

2072 3644 2305 3715 modo
2362 3644 2721 3735 potentia
2764 3642 3262 3715 intellectiva
3306 3641 3451 3713 sub
3492 3661 3614 3713 ra-

2070 3759 2290 3832 tione
2336 3760 2742 3852 potentiae,
2787 3763 2913 3831 est
2948 3762 3330 3850 separata
3373 3777 3420 3828 a
3453 3775 3613 3828 ma-

2072 3875 2283 3948 teria.
2325 3874 2770 3967 corporali,
2810 3873 2998 3966 quia
3025 3877 3200 3948 tota
3233 3873 3614 3966 spiritua-

2071 3992 2170 4063 lis
2203 3996 2351 4074 est,
2391 3993 2455 4064 si
2489 3998 2613 4066 est
2650 3992 2850 4064 idem
2913 3993 3115 4083 quod
3160 3991 3616 4066 substantia
3661 3998 3668 3999 ἢ

2070 4109 2388 4192 animae,
2433 4111 2558 4181 vel
2595 4110 2672 4181 in
2709 4108 3165 4182 substantia
3199 4109 3619 4201 spirituali

2072 4227 2472 4307 radicata3
2512 4248 2655 4300 nec
2701 4227 2950 4301 etiam
2987 4227 3134 4299 sub
3168 4227 3327 4300 ista
3361 4226 3616 4300 ratio-

2069 4365 2165 4415 ne
2213 4344 2592 4436 potentiae
2627 4349 2751 4417 051
2785 4344 3178 4437 perfectio
3216 4343 3610 4426 materiae,

2070 4458 2257 4550 quia
2307 4479 2465 4530 non
2507 4462 2630 4532 est
2693 4456 3087 4551 perfectio
3131 4456 3616 4530 substantia-

2068 4575 2194 4655 lis,
2244 4574 2429 4666 quia
2491 4573 2569 4646 in
2632 4573 2949 4646 ratione
3003 4572 3386 4664 potentiae
3455 4592 3614 4643 non

2067 4692 2307 4765 habet
2352 4691 2756 4763 rationem
2802 4688 3394 4770 substantialis,
3466 4709 3611 4761 nec

2068 4805 2616 4887 accidentalis,
2681 4804 2868 4897 quia
2927 4824 3088 4877 non
3134 4804 3313 4879 fluit
3356 4804 3436 4876 in
3489 4825 3612 4876 or-

2068 4941 2394 5012 ganum,
2431 4920 2555 4992 vel
2606 4918 2683 4989 111
2729 4918 3162 4993 materiam
3215 4938 3613 5011 corpora-

2067 5037 2249 5120 lem,
2289 5038 2499 5109 sicut
2542 5035 2960 5109 sensitiva.
3009 5038 3153 5108 Est
3187 5039 3461 5109 tamen
3506 5034 3612 5126 ip-

2068 5174 2158 5229 sa
2205 5154 2566 5248 potentia
2616 5153 2695 5225 in
2748 5153 3123 5233 materia,
3195 5151 3383 5245 quia
3435 5151 3613 5243 ipsa

2067 5272 2525 5345 substantia
2583 5260 2913 5352 animae,
2984 5271 3214 5362 cujus
3284 5274 3408 5343 est
3478 5289 3612 5361 po-

2066 5386 2348 5465 tentia,
2413 5386 2540 5457 vel
2583 5406 2766 5457 curn
2820 5405 2975 5477 qua
3025 5389 3151 5458 est
3203 5384 3432 5463 idem,
3485 5390 3610 5459 est

2066 5505 2145 5577 in
2206 5503 2553 5577 materia
2606 5502 3131 5595 corruptibili
3206 5506 3287 5575 01
3337 5500 3606 5573 forma

2064 5622 2264 5717 ejus,
2365 5640 2525 5697 non
2580 5623 2850 5699 tamen
2909 5624 3034 5695 051
3094 5618 3174 5692 111
3253 5618 3602 5704 materia
