4252 6393
379 1666 459 1717 26.

323 1730 556 1794 Αιιίηρίι

283 1792 563 1905 :320322120

621 428 738 493 510

612 587 1002 682 potentia,
1047 592 1139 664 ut
1165 591 1290 663 est
1332 588 1621 661 animae
1663 587 2146 681 conjunctae,

609 727 771 778 non
827 706 1182 801 attingat
1241 706 1336 779 ad
1403 705 1955 797 cognitionem
2025 725 2152 777 ac-

608 823 1019 898 tualitatis
1060 821 1517 897 existentiae
1560 821 1680 894 rei
1715 822 2147 903 sensibilis,

608 940 767 1014 nisi
818 941 1215 1017 mediante
1264 961 1533 1023 sensu,
1570 945 1650 1014 et
1683 961 1830 1034 ρει*
1870 960 2153 1012 conse-

610 1078 860 1150 quens
901 1077 1064 1131 non
1103 1057 1261 1129 nisi
1323 1056 1405 1129 in
1466 1075 1804 1149 organo,
1867 1060 1948 1131 et
2008 1077 2154 1149 ρει*

610 1174 1026 1257 accidens;
1073 1194 1233 1246 non
1268 1178 1569 1267 propte
1596 1172 1795 1247 rhoc
1840 1176 1965 1246 est
2008 1192 2155 1265 per

609 1310 694 1363 se
729 1289 1143 1382 organica,
1181 1310 1324 1362 nec
1378 1287 1970 1381 corruptibilis,
2007 1307 2153 1360 nec

610 1407 1044 1490 sensibilis,
1116 1409 1195 1481 et
1238 1406 1410 1480 ideo
1446 1410 1718 1481 manet
1760 1404 1840 1478 in
1882 1405 2155 1477 anima

611 1529 1020 1618 separata.

707 1645 922 1732 Ergo
992 1642 1418 1724 articulus,
1496 1639 1702 1734 quod
1768 1639 1962 1714 talis
2028 1638 2155 1710 vis

615 1756 1091 1831 sensitivam
1174 1756 1625 1851 perficiens,
1706 1775 1897 1826 vere
1968 1772 2158 1844 cog-

613 1875 880 1951 noscit
928 1899 1062 1944 esse
1108 1874 1524 1967 singulare
1588 1872 1991 1955 sensibile,
2064 1876 2158 1947 ut

611 1994 737 2065 est
776 1990 860 2063 in
899 1991 1172 2064 anima
1213 1991 1674 2085 conjuncta,
1722 1993 1946 2082 patet
1998 1988 2158 2082 pri-

614 2127 781 2190 mo,
884 2109 1072 2201 quia
1170 2128 1694 2202 quaecumque
1791 2106 2158 2200 potentia

615 2224 950 2318 respicit
993 2226 1353 2318 aliquam
1417 2224 1850 2298 formalem
1901 2221 2156 2295 ratio-

609 2360 818 2424 nem,
894 2341 1129 2416 habet
1198 2345 1619 2436 aspectum
1686 2341 1783 2414 ad
1855 2341 2152 2421 omnia,

613 2478 788 2550 quae
858 2458 1085 2531 illam
1156 2459 1562 2532 rationem
1622 2456 2152 2552 participant,

612 2578 703 2650 ut
735 2574 962 2648 visus
1003 2575 1099 2649 ad
1142 2595 1375 2649 omne
1434 2575 1920 2655 coloratum,
1969 2571 2157 2665 quia

613 2691 847 2764 color
884 2694 1005 2764 est
1049 2691 1398 2765 formale
1476 2691 1880 2783 objectum
1949 2689 2150 2781 ejus.

617 2808 762 2885 Sed
849 2810 915 2884 si
978 2810 1437 2884 intellectus
1505 2810 1804 2902 aspicit
1857 2828 1997 2880 ens
2066 2812 2157 2883 ut

613 2947 781 3010 ens,
844 2948 983 2999 seu
1055 2943 1347 2999 verum
1407 2929 1497 3000 ut
1571 2945 1900 3007 ve1²um;
1954 2943 2153 3015 ergo

615 3044 1096 3135 ubicumque
1165 3043 1579 3117 invenitur
1654 3043 1872 3116 ratio
1948 3042 2152 3126 veri,

616 3162 763 3235 sub
804 3161 1265 3237 intellectus
1307 3162 1534 3236 caclet
1575 3160 2158 3255 apprehensio-

608 3302 835 3363 nem;
883 3281 1016 3353 sed
1077 3278 1340 3353 omnis
1407 3278 1865 3352 differentia
1917 3278 2155 3360 entis,

608 3400 739 3472 vel
793 3397 1175 3472 veritatis
1247 3396 1653 3471 rationem
1714 3394 2162 3487 participat

611 3514 996 3589 veritatis
1068 3512 1278 3588 sicut
1319 3511 1733 3594 entitatis;
1781 3515 1860 3585 et
1914 3512 2162 3585 Patio-

614 3651 799 3706 ncm
852 3629 1249 3723 simplicis
1308 3629 1688 3703 veritatis
1761 3628 1971 3703 sicut
2027 3649 2162 3699 en-

617 3748 934 3832 titatis;
1012 3751 1091 3821 et
1192 3746 1592 3821 rationem
1688 3746 2164 3839 compositae

612 3866 1019 3947 veritatis,
1084 3865 1165 3937 in
1231 3867 1623 3956 quantum
1664 3863 1755 3934 de
1808 3862 2165 3955 quolibet

615 3985 741 4057 est
788 4001 1073 4056 verum
1122 3981 1411 4062 dicere,
1456 3984 1576 4048 hoc
1606 3993 1696 4048 esc
1736 3982 1879 4062 hoc,
1924 3982 2002 4052 et
2048 3984 2168 4049 hoc

616 4126 755 4172 non
811 4115 902 4170 esc
967 4101 1163 4183 illud,
1201 4103 1289 4174 ut
1329 4102 1436 4167 laic
1476 4101 1667 4166 homo
1725 4110 1818 4166 ese
1876 4100 2160 4179 animal,

620 4222 700 4292 et
769 4220 878 4287 hic
926 4220 1117 4285 homo
1153 4238 1289 4283 non
1328 4228 1419 4282 est
1468 4217 1643 4303 lapis
1672 4242 1695 4296 ,·
1738 4231 1936 4303 ergo
1997 4232 2169 4285 om-

619 4336 746 4408 nis
788 4330 1245 4406 differentia
1294 4329 1506 4402 entis
1564 4328 1773 4401 cadit
1827 4328 1973 4400 sub
2038 4348 2170 4420 ap-

625 4448 1249 4545 prehensionem
1323 4444 1808 4518 intellectus.

719 4568 948 4647 Item,
1033 4562 1390 4637 activum
1494 4560 1828 4653 attingit
1918 4559 2173 4654 passi-

1773 425 1877 489 DE
1921 423 2187 490 RERUM
2229 422 2617 490 PRINCIPIO

2266 591 2638 668 sensatae,
2702 607 2847 661 nec
2916 608 3153 660 sensu
3231 608 3585 681 unquam
3672 609 3793 682 ap-

2266 702 2709 796 prehensae,
2753 724 2914 777 non
2958 708 3299 798 possunt
3339 727 3518 779 esse
3549 707 3798 778 scien-

2263 822 2405 905 tia,
2443 826 2529 895 ut
2583 823 2848 915 patuit
2891 844 3194 916 supra;
3239 844 3437 916 ergo
3482 829 3801 918 oportet

2262 938 2658 1013 virtutem
2710 939 3241 1014 scientificam
3300 942 3678 1025 activam,
3732 945 3803 1015 et

2269 1055 2500 1147 quasi
2556 1058 3117 1148 generativam
3160 1059 3520 1132 scientiae
3578 1060 3807 1132 attin-

2268 1191 2461 1263 gere
2551 1173 2906 1266 primum
3003 1174 3563 1257 seminarium,
3674 1196 3807 1248 seu

2269 1289 2711 1383 passivum,
2768 1312 2904 1363 seu
2981 1292 3414 1367 materiale
3481 1311 3808 1383 genera·

2269 1405 2519 1478 tionis
2568 1407 2954 1490 scientiae,
3012 1410 3091 1481 et
3143 1406 3294 1481 hoc
3342 1407 3466 1480 est
3516 1431 3652 1476 esse
3691 1427 3806 1481 ac·

2269 1521 2489 1595 tuale
2523 1522 2641 1594 rei
2685 1523 3092 1596 sensibilis
3123 1523 3648 1616 exemplaris

2380 1640 2628 1724 Item,
2720 1640 2802 1714 in
2897 1641 3287 1735 potentiis
3384 1640 3805 1724 ordinatiS,

2271 1756 2647 1849 quidquid
2734 1760 3001 1850 potest
3089 1757 3462 1841 inferior,
3560 1758 3808 1831 etiam

2272 1874 2655 1966 superior
2717 1877 2986 1967 potest
3033 1876 3110 1948 et
3162 1875 3425 1968 magis
3465 1900 3479 1944 :
3524 1879 3606 1950 ct
3662 1875 3812 1948 sal-

2272 1994 2434 2064 tem
2480 1990 2715 2065 habet
2766 1991 2919 2065 hoc
2968 1993 3431 2076 veritatem,
3477 1993 3688 2085 quod
3719 1994 3812 2066 ad

2271 2107 2472 2180 nihil
2544 2130 2626 2181 se
2691 2109 3050 2183 extendit
3107 2111 3376 2184 virtus
3440 2110 3810 2193 inferior,

2272 2226 2366 2296 ad
2427 2226 2634 2317 quod
2699 2247 2860 2301 non
2913 2228 3347 2304 contendat
3407 2228 3812 2322 superior,

2270 2341 2395 2414 vel
2462 2363 2603 2437 ρει*
2664 2364 2774 2427 se,
2837 2345 2964 2417 vel
3029 2366 3174 2438 per
3236 2349 3322 2420 ut
3388 2345 3818 2439 perficiens

2273 2481 2507 2533 suum
2579 2459 3082 2535 inferiorem.
3157 2463 3544 2546 Quamvis
3603 2462 3816 2535 enim

2273 2575 2408 2648 Sol
2471 2596 2615 2667 ρει*
2677 2597 2763 2650 se
2839 2597 2999 2650 non
3057 2582 3391 2669 generet
3465 2579 3812 2660 asinum,

2268 2692 2545 2763 tamen
2604 2696 2943 2782 generat
3023 2694 3345 2767 asinum
3413 2696 3500 2767 ut
3580 2695 3816 2788 perfi-

2269 2807 2487 2881 ciens
2564 2808 2956 2882 virtutem
3030 2808 3504 2884 inferiorem
3587 2837 3600 2880 :
3685 2813 3815 2884 sed

2271 2924 2660 3017 potentiae
2719 2927 3299 3018 cognoscitivae
3360 2930 3547 3001 sunt
3612 2929 3814 3002 ordi-

2269 3043 2482 3113 natae
2531 3044 3051 3127 naturaliter,
3117 3045 3304 3139 quia
3365 3045 3633 3139 primo
3692 3050 3815 3120 est

2271 3177 2556 3231 sensus
2605 3160 3158 3253 particularis,
3207 3165 3490 3256 postea
3543 3161 3821 3256 imagi-

2272 3276 2552 3349 nativa
2605 3274 2732 3349 vel
2768 3275 3224 3370 phantasia,
3260 3280 3545 3371 postea
3606 3278 3821 3351 ratio

2271 3390 2400 3463 vel
2469 3391 2982 3478 intellectus;
3048 3412 3249 3486 ergo
3318 3416 3500 3468 cum
3580 3395 3825 3488 parti-

2274 3506 2582 3581 cularis
2644 3507 3036 3582 sensitiva
3096 3513 3537 3601 cognoscat
3580 3510 3824 3605 hujus

2277 3625 2681 3699 actualem
2740 3626 3265 3702 existentiam
3308 3628 3427 3700 Pei
3487 3628 3824 3701 sensibi-

2278 3740 2379 3813 lis
2421 3742 2892 3825 exterioris
2938 3742 3401 3817 intellectus
3449 3746 3826 3838 agnoscit

2280 3880 2487 3932 eam.
2536 3862 2636 3934 Et
2687 3859 2839 3932 hoc
2890 3863 3042 3944 est,
3115 3863 3319 3955 quod
3368 3863 3563 3937 dicit
3629 3864 3824 3936 Boe-

2281 3975 2445 4050 tius
2498 3979 2564 4049 5.
2622 3975 2713 4048 de
2776 3977 3383 4061 Consolatione,
3432 3982 3690 4052 Prosa
3761 3982 3822 4051 4.

2280 4096 2605 4185 Superior
2654 4093 2844 4183 (ait)
2885 4099 3494 4185 comprehendendi
3549 4101 3650 4166 vis
3693 4121 3826 4165 am-

2278 4213 2595 4299 plectitur
2661 4214 3068 4297 inferiorem
3085 4241 3109 4296 ,·
3171 4217 3463 4302 inferior
3529 4237 3683 4283 vero
3741 4214 3828 4281 ad

2280 4331 2696 4417 superiorem
2740 4331 2927 4396 nullo
2975 4330 3170 4398 modo
3208 4335 3573 4421 consumit.
3612 4333 3828 4419 Neque

2283 4448 2461 4513 enim
2481 4468 2706 4513 sensus
2734 4447 2999 4533 aliquid
3029 4460 3221 4515 ext-ra
3250 4448 3603 4514 maceriam
3629 4448 3819 4523 valet,

2284 4564 2388 4630 uel
2443 4562 2854 4630 universales
2919 4566 3166 4652 species
3226 4564 3626 4652 imaqinalio
3682 4583 3826 4629 con·

626 4702 842 4765 vum,
914 4685 1052 4753 aut
1121 4681 1504 4755 contactu
1598 4677 2015 4771 corporali
2093 4683 2174 4753 et
2288 4691 2529 4761 tuetur,
2598 4682 2701 4747 vel
2767 4682 2946 4747 racio
3016 4682 3193 4768 capit
3249 4681 3620 4767 simplicem
3684 4680 3825 4763 for·

626 4799 995 4881 virtuali,
1046 4803 1134 4874 ut
1177 4798 1257 4871 in
1327 4796 1621 4870 activis
1683 4799 1765 4870 et
1824 4794 2173 4888 passivis
2287 4818 2464 4862 mam
2524 4822 2544 4861 .·
2605 4795 2720 4862 sed
2786 4798 3242 4884 {methymna
3288 4798 3480 4884 quasi
3553 4797 3827 4883 desuper

628 4916 1238 5013 corporalibus;
1276 4916 1416 4987 aut
1446 4912 1793 4986 virtuali
1853 4914 2176 4984 ’tantum
2287 4924 2613 5001 spectans,
2674 4923 2983 5000 concepta
3039 4914 3287 4997 forma,
3340 4935 3484 5000 quoe
3532 4912 3820 4989 subsunt,

627 5039 715 5111 ut
779 5037 860 5109 in
923 5029 1491 5128 spiritualibus
1543 5054 1560 5099 ι
1613 5027 1746 5100 sed
1808 5027 1985 5100 sola
2047 5046 2177 5119 po·
2292 5040 2526 5096 camela
2564 5029 2922 5119 dijudicat.

631 5154 890 5230 tentia
949 5149 1452 5225 intellectiva
1511 5149 1634 5220 est
1701 5144 2174 5227 scientifica,
2387 5144 2616 5226 Item,
2680 5143 2943 5216 invisa
3003 5164 3435 5238 possumus
3467 5146 3823 5237 diligere,

635 5268 978 5344 scientia
1026 5266 1243 5340 enim
1286 5266 1408 5338 est
1455 5263 1781 5337 habitus
1829 5261 2183 5335 intellec·
2295 5262 2372 5332 et
2415 5259 2830 5352 incognita
2884 5281 3391 5354 nequaquam
3448 5286 3463 5332 ε
3521 5264 3655 5336 sed
3711 5281 3829 5334 ex-

636 5387 880 5467 tivus,
936 5384 1130 5457 illud
1172 5383 1447 5455 autem
1480 5380 1682 5451 unde
1717 5376 2185 5467 originatur
2298 5378 2667 5469 perimul‘
2724 5397 2872 5449 nos
2913 5376 3256 5469 diligere
3298 5379 3663 5471 appetitu
3704 5396 3830 5448 vo-

641 5501 1011 5583 scicntia,
1064 5501 1188 5573 est
1231 5517 1363 5570 res
1411 5493 1843 5577 sensibiliS,
1889 5498 1969 5568 et
2008 5492 2184 5586 ejus
2297 5493 2660 5567 luntario
2732 5493 3298 5586 particularia,
3362 5494 3607 5569 aliter
3671 5514 3828 5587 pec·

640 5617 1079 5694 existentia
1125 5612 1472 5689 actualis
1518 5637 1532 5683 :
1579 5632 1711 5685 res
1779 5611 1994 5684 enim
2026 5630 2188 5682 non
2303 5614 2572 5684 catum
2624 5630 2785 5683 non
2846 5612 3090 5694 esset,
3145 5631 3327 5685 cum
3388 5610 3495 5685 sit
3543 5611 3828 5684 abusus
