4252 6393
1709 396 2071 473 QUAEs'wo
2118 396 2226 459 XX

367 555 567 647 quod
619 563 807 633 sunt
868 556 1134 639 simul,
1202 558 1375 630 ideo
1435 578 1711 630 omnes
1775 558 1912 629 ha-

364 672 547 745 bent
628 675 1032 748 rationem
1111 675 1453 749 unitatis
1536 680 1909 769 respectu

369 791 793 883 temporis.

80 911 332 1034 &fg-mr
459 905 646 978 Haec
681 910 951 979 tamen
984 909 1255 981 unitas
1286 909 1503 989 ficta,
1550 930 1709 981 non
1746 929 1912 981 rea·

80 1037 339 1101 impenso.
367 1020 493 1102 lis,
539 1022 634 1095 ad
674 1024 1071 1099 unitatem
1129 1047 1412 1098 veram
1472 1031 1553 1099 et
1608 1026 1913 1098 realem

364 1139 831 1223 accidentis,
875 1142 968 1213 de
1010 1162 1167 1233 qua
1223 1142 1688 1235 quaerimus,
1754 1163 1913 1214 non

363 1255 689 1331 sufficit.
720 1257 1051 1341 -Primo,
1100 1262 1533 1334 secundum
1591 1262 1913 1334 modum

361 1371 636 1457 istum,
698 1396 932 1448 omne
984 1378 1351 1451 accidens
1395 1383 1673 1473 posset
1722 1380 1910 1472 poni

361 1488 440 1560 in
474 1490 875 1582 pluribus,
915 1492 1079 1564 imo
1118 1493 1195 1565 in
1232 1494 1571 1567 infinitis
1608 1494 1917 1585 subjec-

358 1605 464 1678 tis
503 1633 517 1676 z
556 1612 634 1681 et
670 1607 786 1680 sic
828 1608 1284 1701 subjectum
1326 1610 1695 1685 traheret
1740 1611 1914 1682 uni-

356 1728 611 1797 tatem
660 1723 758 1795 ab
798 1725 1231 1807 accidente,
1296 1748 1456 1800 non
1499 1748 1539 1798 e
1583 1731 1911 1800 contra-

360 1840 517 1911 rio.

448 1958 839 2038 Secundo,
879 1957 1066 2050 quia
1090 1960 1527 2030 secundum
1551 1957 1704 2032 hoc
1731 1980 1911 2032 cum

362 2073 458 2143 ab
508 2074 785 2146 eodem
843 2094 974 2146 res
1032 2072 1324 2149 habeat
1386 2075 1784 2149 unitatem
1833 2079 1913 2149 et

360 2190 817 2272 entitatem,
865 2192 932 2264 si
976 2194 1294 2284 tempus
1337 2196 1459 2264 est
1506 2192 1621 2265 sic
1666 2213 1910 2264 unum

366 2308 799 2380 secundum
841 2315 1324 2403 conceptum
1386 2312 1707 2391 mentis,
1754 2330 1915 2383 non

365 2424 604 2497 habet
690 2426 1121 2508 unitatem,
1198 2449 1343 2501 nec
1426 2448 1571 2521 per
1635 2450 1914 2502 conse-

366 2565 617 2637 quens
650 2545 1105 2629 entitatem,
1142 2545 1299 2618 nisi
1337 2548 1603 2620 solum
1638 2548 1715 2619 in
1750 2550 1916 2621 ani-

368 2680 525 2742 ma,
580 2665 659 2734 et
713 2662 828 2735 sic
879 2668 1003 2735 est
1055 2662 1423 2736 accidens
1487 2685 1685 2757 pure
1747 2667 1917 2738 Ma-

364 2773 922 2860 thematicum,
998 2799 1158 2850 non
1228 2780 1639 2862 naturale,
1712 2782 1917 2873 quod

364 2896 487 2964 est
522 2890 845 2965 falsum.

450 3008 755 3089 Tertio,
804 3010 992 3101 quia
1034 3014 1223 3083 tunc
1266 3032 1511 3083 unum
1547 3013 1915 3084 accidens

366 3146 679 3207 verum,
733 3130 810 3200 et
866 3128 1085 3201 reale
1129 3128 1621 3203 informaret
1661 3130 1916 3202 diver-

368 3263 457 3315 sa
503 3244 867 3338 subjecta
899 3245 1399 3319 naturaliter
1429 3267 1589 3318 non
1636 3247 1861 3320 unita
1896 3274 1909 3316 :

373 3365 715 3452 propter
802 3362 1004 3452 quod
1081 3361 1354 3435 dicunt
1445 3363 1617 3444 isti,
1710 3364 1915 3455 quod

369 3480 568 3567 quot
603 3482 792 3551 sunt
821 3478 1249 3560 durabilia,
1296 3482 1421 3552 tot
1466 3484 1654 3553 sunt
1684 3481 1914 3553 dura-

366 3592 620 3666 tionis
652 3594 1015 3688 subjecta
1058 3622 1073 3665 ε
1114 3600 1313 3677 tum,
1363 3596 1549 3688 quia
1590 3597 1916 3670 duratio

52 3737 59 3786 ι
369 3710 804 3802 unicuique
844 3732 941 3784 ex
994 3710 1147 3784 hoc
1198 3712 1464 3784 solum
1507 3713 1911 3797 convenit,

52 3831 61 3882 ἱ
369 3829 577 3919 quod
634 3833 755 3901 est
812 3830 1215 3912 durabile;
1274 3851 1409 3902 seu
1474 3831 1662 3922 quia
1713 3832 1919 3904 exis·

52 3909 61 4026 Ι
369 3942 626 4016 tentia
684 3943 926 4017 habet
987 3944 1067 4016 in
1122 3967 1205 4017 se
1255 3946 1483 4038 prius
1533 3951 1614 4020 et
1657 3953 1917 4040 poste-

52 4061 61 4128 Ι
372 4060 569 4142 rius,
636 4061 806 4132 sive
867 4082 1012 4154 per
1078 4063 1436 4154 ejusdem
1497 4066 1919 4138 continua-

52 4131 65 4274 !
373 4178 704 4258 tionem,
760 4178 929 4250 sive
974 4200 1119 4272 per
1169 4181 1791 4264 successionem,
1839 4187 1919 4256 et

50 4279 61 4382 Ι
377 4294 915 4368 mutationem
961 4296 1389 4369 variarum
1434 4298 1914 4381 formarum,

50 4385 61 4550 ξ
108 4408 584 4539 ζῇξζῧίεἰουῐ
624 4411 862 4483 estin
908 4417 1159 4488 motu.
1207 4416 1386 4485 Non
1427 4414 1641 4486 enim
1690 4417 1920 4487 dura-

50 4557 65 4614 1
117 4551 307 4599 convena
380 4525 492 4599 tio
529 4548 677 4619 per
706 4527 1069 4620 aliquam
1101 4551 1438 4603 causam
1485 4536 1753 4624 potest
1782 4533 1923 4605 ali-

120 4604 299 4661 ‘¹'‘⁷“‘⁸⁰’
377 4645 504 4716 cui
545 4645 892 4718 durabili
942 4668 1086 4741 per
1126 4669 1211 4720 se
1263 4649 1416 4720 soli
1454 4649 1915 4732 convenire,

376 4760 619 4833 etiam
690 4761 957 4853 primo
1025 4763 1301 4836 mobili
1374 4791 1387 4834 :
1461 4769 1657 4845 tum,
1733 4764 1919 4856 quia

375 4898 877 4969 quocumque
918 4879 1268 4952 durabili
1318 4880 1615 4962 ablato,
1685 4900 1918 4952 omne

370 4993 731 5068 durabile
793 5017 1125 5070 manens
1185 4997 1507 5071 habebit
1556 5019 1744 5069 vere
1783 4999 1914 5069 du-

372 5112 799 5196 rationem,
857 5114 1066 5188 sicut
1121 5115 1187 5187 si
1247 5115 1385 5186 illa
1441 5136 1601 5187 non
1642 5119 1913 5187 essent

370 5226 637 5303 ablata
675 5255 688 5299 ε
724 5236 805 5304 et
838 5231 987 5303 hoc
1019 5235 1235 5304 esset
1268 5231 1806 5324 impossibile,
1846 5232 1914 5304 si

369 5342 713 5428 duratio,
764 5368 897 5419 seu
945 5351 1269 5440 tempus
1331 5368 1491 5419 non
1547 5353 1914 5422 maneret

374 5461 870 5537 sufficienter
950 5466 1030 5538 in
1108 5465 1463 5558 quolibet
1532 5465 1909 5548 durabili,

374 5577 536 5650 sive
598 5586 1097 5665 mensuram,
1161 5583 1369 5655 sicut
1430 5583 1509 5653 in
1574 5582 1910 5675 proprio

3463 397 3582 460 655

2040 564 2538 633 mensurato.
2576 561 2793 633 Unde
2836 565 3111 634 amoto
3149 566 3370 634 motu
3421 561 3575 654 pri·

2029 678 2136 748 mi
2209 678 2556 760 mobiliS,
2621 680 2743 751 vel
2815 700 3320 772 quocumque
3380 679 3569 759 alio,

2025 793 2427 865 existente
2506 814 3013 885 quocumque
3083 795 3244 866 alio
3316 799 3569 875 motu,

2026 909 2420 984 existeret
2489 916 2807 1004 tempus
2868 911 3115 1003 primi
3169 911 3490 983 mobilis
3555 938 3568 980 :

2029 1026 2242 1099 sicut
2310 1031 2588 1099 amoto
2651 1031 2874 1100 motu
2941 1027 3188 1118 primi
3252 1027 3573 1098 mobilis

2026 1142 2381 1215 existere
2453 1146 2731 1234 posset
2805 1142 3016 1214 alius
3101 1146 3409 1225 motus,
3486 1149 3571 1217 ut

2026 1258 2219 1333 dicit
2291 1260 2795 1350 Augustinus
2865 1265 2973 1332 11.
3051 1266 3349 1347 Censes&
3422 1287 3566 1351 cap.

2023 1376 2135 1445 23.
2193 1374 2397 1464 quod
2446 1380 2818 1447 cessante
2862 1379 3087 1448 motu
3132 1375 3377 1467 primi
3415 1398 3574 1448 mo-

2027 1490 2213 1562 bilis
2276 1493 2751 1562 moveretur
2805 1495 2988 1563 rota
3033 1492 3297 1581 figuli.
3345 1494 3571 1576 Tum,
3607 1513 3745 1586 yma
3776 1514 3922 1564 Scot.

2030 1605 2216 1697 quia
2283 1606 2486 1677 nulli
2554 1609 2968 1681 durationi
3051 1615 3322 1702 potest
3397 1610 3570 1681 dari
3605 1576 3736 1705 '2132
3764 1575 3896 1691 ‘33⁷3‘

2029 1745 2274 1796 unum
2311 1723 2667 1816 primum
2704 1724 3179 1817 subjectum,
3221 1726 3334 1797 ita
3369 1727 3573 1817 quod
3631 1701 3878 1828 οὲμῇξξ

2031 1841 2106 1912 in
2160 1841 2300 1913 illo
2357 1842 2533 1914 solo
2597 1842 2704 1914 sit
2757 1842 2970 1914 sicut
3032 1842 3112 1915 in
3173 1841 3563 1933 subjecto,

2025 1962 2103 2029 et
2174 1978 2334 2030 non
2405 1958 2484 2030 in
2551 1959 2735 2031 aliis
2802 1957 3327 2039 durabilibus‚
3393 1978 3574 2030 cum

2027 2075 2303 2147 eadem
2345 2074 2563 2148 ratio
2614 2074 3167 2148 durabilitatis
3223 2075 3415 2147 insit
3457 2096 3572 2146 es-

2029 2187 2490 2261 sentialiter
2535 2188 2904 2260 omnibus
2935 2188 3461 2260 durabilibus.

2119 2306 2503 2385 Secundo,
2571 2304 2719 2377 hoc
2782 2306 2985 2377 idem
3055 2309 3413 2397 arguunt
3475 2327 3574 2376 ex
3606 2310 3925 2435 maz-uan-

2033 2426 2263 2512 parte
2303 2421 2763 2494 durationis
2827 2421 2980 2502 sic;
3050 2421 3314 2494 omnis
3368 2442 3668 2493 men-ta
3695 2447 3923 2484 mensu-

2029 2557 2228 2609 sura
2297 2536 2533 2609 habet
2608 2538 3148 2628 quantitatem
3217 2538 3577 2629 aliquam
3651 2504 3873 2546 ’'mum''

2029 2654 2277 2726 aliam
2329 2674 2376 2727 a
2427 2656 2885 2746 quantitate
2937 2656 3427 2736 mensurati;
3477 2656 3577 2728 si-

2029 2775 2167 2844 cut
2199 2771 2414 2844 enim
2454 2771 2656 2844 nihil
2693 2777 3115 2846 mensurat
3147 2773 3305 2846 nisi
3341 2794 3580 2864 quan-

2027 2892 2261 2971 titas,
2337 2891 2452 2963 sic
2530 2891 2732 2964 nihil
2812 2897 3343 2965 mensuratur
3421 2893 3577 2966 nisi

2031 3012 2422 3099 quantum
2495 3036 2509 3077 ε
2587 3008 2774 3099 quia
2835 3015 3024 3083 tunc
3090 3030 3220 3081 res
3279 3010 3579 3084 dicitur

2032 3125 2522 3206 mensurari,
2581 3127 2893 3216 quando
2945 3127 3119 3220 ejus
3163 3128 3577 3220 quantitas

2031 3263 2176 3335 per
2207 3242 2454 3314 aliam
2490 3243 3028 3333 quantitatem
3063 3244 3575 3325 nobiliorem,

2032 3365 2340 3452 quanta
2394 3361 2525 3442 sit,
2583 3360 3101 3432 discernitur.
3141 3364 3322 3433 Non
3361 3360 3576 3433 enim
3673 3379 3684 3392 “

2032 3498 2343 3569 pannus
2381 3499 2522 3571 per
2568 3479 2844 3550 ulnam
2889 3477 3354 3550 mensurari
3399 3499 3577 3570 pos-

2032 3602 2156 3670 set
2202 3596 2294 3668 de
2338 3616 2446 3676 se,
2501 3599 2581 3668 et
2633 3616 2778 3687 per
2826 3615 2934 3675 se,
2998 3594 3154 3667 nisi
3218 3594 3574 3686 aliquam

2034 3712 2575 3802 quantitatem
2609 3710 2970 3784 haberet.
2995 3710 3074 3784 Si
3113 3710 3578 3801 igiturtem-

2038 3849 2183 3920 pus
2264 3831 2684 3899 mensurat
2752 3827 3046 3919 aliqua,
3133 3827 3211 3898 in
3290 3827 3574 3918 quibus

2032 3964 2193 4017 non
2225 3947 2348 4016 est
2380 3947 2768 4034 tanquam
2807 3944 2885 4015 in
2919 3943 3308 4035 subjecto,
3349 3963 3579 4035 opor·

2033 4065 2152 4135 tet
2184 4061 2676 4142 necessario,
2716 4061 2922 4152 quod
2967 4065 3270 4153 praeter
3311 4060 3576 4154 ipsum

2030 4182 2352 4271 tempus
2398 4197 2876 4250 mensurans
2936 4178 3171 4251 detur
3235 4178 3314 4248 in
3374 4198 3579 4270 prae-

2031 4297 2271 4369 dictis
2336 4296 2835 4368 mensuratis
2899 4317 2944 4367 a
3005 4300 3376 4388 tempore
3437 4296 3577 4368 ali-

2036 4434 2190 4505 qua
2241 4412 2404 4485 alia
2459 4411 2896 4504 quantitas,
2945 4413 3105 4484 alia
3151 4434 3491 4486 numero
3535 4433 3580 4485 a

2034 4535 2404 4622 tempore
2485 4534 3043 4612 mensurante,
3127 4532 3580 4604 consimilis

2035 4649 2308 4718 tamen
2343 4643 2522 4736 ipsi,
2573 4645 2761 4735 quia
2801 4645 3047 4718 aliter
3096 4665 3257 4716 non
3301 4648 3580 4738 posset

2035 4760 2495 4832 mensurari
2532 4761 2630 4832 ab
2660 4783 2781 4841 eo,
2846 4761 3056 4835 sicut
3096 4762 3188 4834 de
3231 4763 3577 4843 locante,

2030 4882 2109 4950 et
2150 4877 2331 4950 loco
2374 4877 2761 4950 videmus,

2116 4996 2422 5077 Tertio,
2483 5017 2581 5067 ex
2645 4999 2879 5088 parte
2936 4996 3393 5070 durationis
3451 5019 3575 5070 ar·

2029 5114 2312 5205 guitur
2355 5114 2504 5196 sic;
2561 5111 2951 5196 Quaelibet
2990 5134 3118 5185 res
3175 5115 3382 5187 sicut
3431 5114 3571 5187 ha-

2026 5230 2158 5303 bet
2190 5254 2323 5300 esse
2353 5235 2430 5304 et
2464 5236 2749 5301 existere
2791 5231 3240 5325 proprium,
3282 5231 3396 5304 sic
3440 5232 3572 5304 ha-

2026 5348 2162 5423 bet
2240 5348 2661 5442 propriam
2730 5348 3248 5420 durationem
3322 5375 3333 5418 :
3407 5367 3568 5421 non

2026 5465 2241 5537 enim
2303 5465 2519 5538 aliud
2573 5485 2961 5537 vocamus
3026 5465 3566 5547 durationem,

2029 5603 2270 5674 quam
2305 5581 2977 5675 permanentiam,
3024 5585 3101 5654 et
3144 5582 3568 5656 continua-
