4252 6393
1625 395 1989 473 QuAEs'no
2037 396 2166 459 xm
2297 465 2304 472 ,
3406 402 3521 479 ω

1955 559 2143 629 sunt
2176 555 2354 631 loca
2433 558 2857 632 contraria
2933 559 3340 650 gravium,
3418 565 3501 635 et

1953 674 2289 757 levium;
2328 674 2586 766 igitur
2620 675 2943 767 signato
2970 676 3226 749 medio
3261 698 3499 770 punc-

309 563 588 652 quanto
628 564 860 633 terra
886 563 1010 633 cst
1043 557 1383 649 gravior
1408 577 1642 648 aqua,
1674 560 1844 631 tan-

307 682 377 750 to
422 697 636 769 aqua
698 682 825 750 est
886 676 1226 767 gravior
1285 695 1499 756 aere,
1561 677 1642 747 et
1697 692 1841 746 aer

135 915 189 965 ll.

83 5414 137 5467 12

53 5477 221 5540 objectio

49 5549 174 5595 mm
197 5551 238 5602 ⁴.

310 815 495 884 igne.

384 912 744 984 Secunda
786 908 1374 1003 consequentia
1436 907 1838 1001 probatur

302 1051 383 1102 ex
411 1029 747 1111 duobus,
796 1029 1062 1122 primo
1099 1050 1200 1101 ex
1250 1028 1464 1101 dicto
1525 1023 1835 1098 Aristo-

302 1146 490 1227 telis,
541 1146 675 1218 ubi
719 1145 894 1220 vult
938 1145 1145 1238 quod
1183 1166 1288 1217 ex
1322 1163 1482 1215 uno
1526 1139 1833 1235 pugillo

299 1270 527 1338 terrae
559 1268 903 1358 possunt
943 1262 1119 1334 fieri
1145 1262 1420 1333 decem
1462 1279 1715 1350 aquae,
1752 1261 1833 1330 et

297 1403 379 1454 ex
412 1402 568 1452 uno
640 1402 870 1473 aquae
939 1379 1214 1452 decem
1274 1376 1518 1459 acriS,
1565 1381 1645 1450 et
1714 1375 1830 1448 sic

295 1497 822 1572 conformiter
876 1495 954 1568 in
1028 1495 1216 1567 alio,
1302 1494 1661 1567 Secundo
1730 1514 1828 1565 ex

293 1615 513 1688 dictis
568 1615 791 1687 illius
854 1617 927 1682 in
975 1618 1101 1681 isco
1155 1616 1404 1703 primo,
1462 1610 1594 1683 ubi
1652 1610 1830 1685 vult

293 1733 479 1824 qnod
516 1733 601 1805 in
643 1731 923 1803 eadem
979 1728 1515 1823 proportione
1560 1724 1645 1800 se
1691 1726 1825 1798 ha-

289 1848 403 1923 bet
480 1853 714 1922 totus
791 1867 936 1919 aer
1002 1846 1096 1918 ad
1157 1850 1419 1920 totam
1498 1864 1820 1937 aquam,

291 1964 950 2057 quemadmodum
985 1984 1069 2034 se
1100 1962 1342 2035 habet
1388 1958 1822 2055 proportio

290 2082 488 2153 aeris
534 2080 759 2153 facta
816 2101 915 2151 ex
974 2078 1511 2172 proportione
1561 2098 1816 2171 aquae.

288 2200 376 2272 Et
432 2202 626 2271 sunt
685 2196 933 2269 verba
989 2195 1192 2278 ista;
1264 2199 1537 2267 Necesse
1600 2208 1823 2265 autem

284 2318 564 2386 eamdem
596 2319 927 2384 rationem
957 2317 1220 2397 habere,
1276 2326 1599 2405 quantam
1626 2314 1821 2383 habel

283 2435 563 2516 tantilla,
609 2446 671 2499 ee
694 2456 910 2522 parva
940 2434 1033 2499 ad
1061 2435 1319 2518 sactum
1376 2455 1462 2499 ex
1506 2434 1656 2520 ipsa
1702 2453 1818 2515 nef

280 2571 424 2631 rem,
460 2564 524 2618 ec
548 2563 723 2617 locus
749 2551 1065 2619 adlolam
1080 2572 1348 2639 aquam.
1402 2546 1597 2620 Istis
1633 2565 1814 2638 Sup-

284 2665 590 2756 positis,
629 2670 853 2759 patet
895 2664 1103 2758 quod
1132 2664 1536 2738 elementa
1567 2684 1652 2735 se
1682 2661 1816 2733 ha-

277 2782 446 2856 bent
534 2783 632 2854 ad
723 2783 1067 2855 invicem
1128 2782 1209 2853 in
1280 2779 1816 2874 proportione

276 2900 641 2993 decupla;
678 2921 869 2972 nam
909 2901 1184 2972 eadem
1210 2903 1334 2972 est
1382 2896 1813 2991 proportio

274 3014 862 3117 elementorum
903 3021 981 3089 et
1034 3015 1396 3109 partium
1448 3014 1808 3092 illorum,

274 3153 441 3206 eum
501 3154 608 3206 ex
671 3132 1019 3206 invicem
1088 3137 1614 3224 generantur,
1681 3134 1814 3205 sed

273 3249 596 3323 illarum
638 3250 1000 3343 partium
1049 3254 1173 3324 est
1218 3249 1651 3344 proportio
1691 3250 1813 3322 de·

269 3371 537 3464 cupla3
584 3370 869 3462 igitur,
913 3375 1065 3445 etc.

350 3490 715 3562 Secundo
748 3488 1294 3564 confirmatur
1354 3488 1811 3583 persuasio·

271 3626 379 3687 ne,
414 3608 608 3700 quia
664 3606 745 3680 in
785 3607 1064 3680 eadem
1127 3608 1665 3701 proportione
1728 3630 1813 3680 se

268 3721 574 3807 habent,
611 3725 742 3797 vel
772 3724 1071 3797 habere
1091 3726 1376 3800 debent
1407 3727 1813 3800 elementa

271 3842 879 3930 generabilium,
929 3841 1009 3914 in
1050 3863 1207 3935 qua
1239 3863 1322 3915 se
1354 3842 1650 3917 habent
1674 3864 1811 3915 nu·

273 3959 488 4040 meri,
535 3959 829 4052 quibus
861 3977 1395 4032 numeramus
1421 3964 1807 4051 tanquam

270 4072 688 4168 principiis
752 4076 831 4147 in
911 4073 1130 4148 omni
1200 4074 1610 4156 idiomate,
1675 4076 1807 4147 sed

269 4187 375 4262 illi
413 4190 743 4265 numeri
776 4213 861 4264 se
884 4192 1179 4267 habent
1215 4193 1653 4265 secundum
1687 4194 1805 4266 de-

265 4308 583 4401 cuplam
608 4308 1233 4403 proportionem
1271 4334 1286 4391 ;
1327 4308 1609 4400 igitur,
1646 4312 1801 4382 etc.

267 4424 528 4519 Major
572 4431 824 4520 patet,
907 4426 1097 4521 quia
1155 4427 1372 4502 sicut
1450 4431 1807 4519 quatuor

263 4540 660 4618 elementa
703 4529 894 4617 sunt
938 4543 1355 4637 principia·
1389 4540 1805 4635 generabi-

266 4652 475 4738 lium,
502 4661 589 4731 et
617 4657 1316 4752 corruptibilium,
1355 4657 1472 4731 ita
1517 4657 1634 4730 illi
1665 4677 1802 4728 nu·

266 4771 456 4844 meri
505 4780 698 4849 sunt
773 4772 1181 4868 principia
1240 4775 1597 4847 aliorum
1665 4795 1803 4847 nu-

266 4911 699 4967 merorum.
750 4897 853 4969 Et
903 4894 1174 4969 minor
1205 4899 1575 4989 apparet,
1612 4914 1799 4966 nam

266 5003 374 5078 illi
420 5011 747 5084 numeri
816 5018 1004 5088 sunt
1069 5013 1366 5095 decem,
1439 5016 1794 5094 centum,

265 5123 498 5209 mille,
537 5131 623 5200 et
653 5128 770 5204 sic
806 5129 1308 5222 procedendo
1360 5129 1797 5203 secundum

260 5238 673 5337 decuplam
718 5247 1364 5340 proportionem,
1401 5252 1481 5322 et
1518 5267 1799 5320 omnes

266 5358 392 5431 alii
431 5363 762 5436 numeri
814 5370 1422 5459 componuntur
1442 5387 1541 5438 ex
1584 5364 1794 5440 istis.

343 5481 658 5554 Contra
728 5486 1110 5573 quartam
1187 5482 1797 5556 conclusionem

49 5605 204 5662 metm.
229 5633 241 5680 ,
264 5593 668 5684 arguitur,
696 5597 905 5688 quod
939 5617 1265 5672 sursum
1298 5604 1378 5673 et
1417 5598 1708 5684 deo'rsu
1724 5619 1799 5669 m

1951 796 2035 865 to
2100 792 2314 866 inter
2400 794 2560 867 ista
2622 793 2776 865 duo
2843 793 3051 877 loca,
3124 794 3498 886 quidquid

1949 914 2076 983 est
2108 910 2486 1003 superius
2538 910 2698 985 erit
2732 911 2929 992 leve,
2988 916 3068 986 et
3119 911 3496 1005 quidquid

1951 1026 2292 1101 inferius
2362 1048 2649 1120 grave;
2753 1028 3010 1121 igitur
3092 1028 3496 1105 elementa

1948 1143 2238 1234 gravia
2289 1151 2477 1220 sunt
2533 1146 2870 1240 aequalis
2938 1144 3489 1239 spissitudinis

1945 1281 2131 1334 cum
2173 1262 2596 1337 elementis
2635 1262 2967 1335 levibus.

2035 1377 2436 1455 Similiter
2485 1381 2885 1474 probatur
2952 1379 3161 1475 quod
3210 1379 3487 1456 eadem

1944 1495 2051 1569 sit
2088 1494 2529 1588 spissitudo
2578 1502 2851 1581 terrae,
2933 1502 3014 1583 ct
3054 1519 3336 1592 aquae,¹
3387 1497 3488 1572 si-

1943 1618 2192 1702 gnato
2239 1612 2497 1686 medio
2533 1619 2833 1708 puncto
2871 1613 3085 1690 inter
3108 1619 3483 1691 centrum

1941 1734 2216 1813 terrae,
2270 1735 2351 1806 et
2412 1732 2760 1806 medium
2812 1737 3202 1826 punctum
3252 1733 3481 1827 prius

1938 1848 2478 1939 assignatum.
2554 1853 2655 1924 Et
2721 1872 2819 1923 ex
2882 1850 3042 1924 isto
3112 1849 3484 1943 sequitur

1939 1965 2148 2057 quod
2181 1964 2250 2037 si
2288 1966 2781 2040 diametrum
2826 1971 3074 2040 terrae
3110 1966 3481 2058 assigne-

1937 2088 2076 2158 tur
2108 2081 2320 2157 sicut
2347 2103 2593 2155 unum
2627 2087 3173 2173 aggregatum
3196 2104 3295 2155 ex
3320 2082 3478 2155 dia-

1938 2204 2204 2274 metro
2255 2204 2502 2274 terrae
2551 2205 2631 2275 et
2678 2220 2931 2292 aquae,
3004 2205 3084 2275 et
3157 2206 3245 2276 ut
3292 2200 3473 2283 duo,

1935 2337 2109 2408 quae
2143 2320 2267 2390 est
2328 2315 2763 2410 proportio
2821 2317 3087 2410 dupla,
3160 2323 3241 2393 et
3301 2320 3477 2392 tum

1933 2434 2365 2527 proportio
2455 2434 2966 2528 sphaerarum
3064 2432 3172 2510 sit
3266 2433 3478 2509 sicut

1928 2553 2523 2627 diametrorum
2551 2552 2984 2647 proportio
3025 2550 3472 2645 triplicata,

1928 2676 2008 2746 ct
2047 2671 2286 2765 dupla
2323 2671 2742 2765 triplicata
2790 2675 2916 2744 est
2963 2670 3315 2762 octupla,
3362 2692 3476 2743 se-

1929 2788 2210 2881 quitur
2234 2789 2442 2882 quod
2465 2809 2504 2860 a
2521 2792 3012 2879 ggregatum
3031 2809 3130 2860 ex
3154 2786 3479 2879 sphaera

1927 2924 2183 2997 aqufe,
2229 2910 2310 2980 et
2353 2906 2675 2999 sphaera
2716 2904 2964 2979 terrae
2999 2927 3082 2977 se
3150 2903 3476 2977 habebit

1930 3021 2008 3095 in
2089 3022 2416 3116 octupla
2478 3023 3017 3117 proportione
3097 3025 3472 3115 respectu

1928 3137 2269 3232 sphfrrae
2312 3144 2559 3214 terrae
2593 3144 2939 3215 tantum.

2018 3257 2378 3328 Secundo
2457 3255 2846 3346 arguitur
2920 3259 3216 3329 contra
3284 3273 3469 3328 con·

1925 3372 2402 3454 elusionem,
2450 3372 2640 3464 quia
2684 3371 2788 3446 ibi
2843 3370 3332 3465 supponitur
3372 3371 3471 3446 ab

1925 3491 2396 3583 Astrologis
2480 3492 3158 3573 demonstratum,
3260 3491 3467 3582 quod

1926 3607 2249 3701 sphaera
2282 3607 2894 3700 generabilium,
2940 3611 3021 3681 et
3061 3606 3469 3699 corrupti-

1923 3718 2209 3796 bilium
2287 3721 2653 3798 continet
2732 3722 3140 3816 sphaeram
3217 3726 3467 3796 terrae
3565 3725 3569 3729 “

1928 3841 2106 3934 plus
2178 3860 2418 3933 quam
2479 3839 2742 3914 tribus
2824 3838 3043 3912 mille
3110 3837 3462 3919 vicibus;

1924 3959 2158 4031 modo
2192 3956 2345 4030 hoc
2395 3977 2547 4049 ego
2580 3977 2813 4048 nego,
2870 3956 3061 4050 quia
3102 3954 3253 4028 hoc
3305 3973 3467 4027 non

1919 4076 2453 4157 demonstrat,
2543 4074 2699 4147 nisi
2804 4073 3180 4168 capiatur
3290 4077 3469 4149 tota

1922 4192 2248 4286 sphaera
2317 4191 2908 4283 generabilium
2979 4212 3127 4285 pro
3166 4190 3464 4265 distan-

1919 4310 2060 4393 tia,
2100 4332 2275 4403 quae
2308 4315 2432 4384 est
2466 4309 2681 4386 inter
2725 4308 3053 4400 globum
3084 4309 3465 4401 corporis

1922 4429 2191 4512 Lunae,
2272 4432 2352 4502 et
2415 4431 2799 4501 centrum
2873 4429 3166 4507 terrae;
3226 4426 3460 4498 modo

1917 4565 2077 4618 non
2109 4549 2233 4619 est
2261 4545 2720 4637 probatum,
2750 4545 3143 4634 quantum
3176 4542 3463 4634 globus

1918 4659 2053 4734 illc
2085 4660 2450 4738 situatur
2493 4659 2885 4755 profunde
2949 4660 3166 4734 infra-
3211 4659 3464 4754 sphae-

1919 4799 2098 4852 ram
2134 4801 2393 4864 suam,
2431 4778 2547 4854 ita
2607 4779 2813 4872 quod
2885 4775 3209 4871 sphaera
3276 4777 3459 4871 ejus

1912 4896 2341 4970 descendat
2381 4895 2596 4970 citra
2647 4895 2976 4987 globum
3067 4915 3212 4992 per
3298 4912 3458 4967 ma·

1913 5031 2158 5103 gnam
2204 5018 2544 5106 partem.

3613 3273 3690 3330 13.

2000 5130 2116 5203 Ad
2167 5129 2546 5223 primam,
2597 5127 2758 5205 ista
2814 5126 3030 5203 ratio
3085 5127 3457 5204 solvetur
3561 5163 3651 5217 Aa
3681 5163 3727 5218 1.

1912 5247 1995 5322 in
2027 5247 2320 5321 ultimo
2372 5245 2750 5321 articulo.
2791 5245 2905 5319 Ad
2946 5246 3192 5320 aliam
3243 5267 3449 5338 nego
3558 5267 3647 5335 Aa
3671 5266 3721 5316 2.

1913 5366 2192 5438 ambas
2233 5363 2826 5439 conclusiones.
2881 5363 2995 5436 Ad
3048 5364 3458 5456 probatio·

1913 5504 2098 5558 nem
2131 5483 2402 5576 primo
2443 5481 2646 5564 dico,
2686 5481 2891 5573 quod
2938 5501 3098 5554 non
3157 5487 3282 5557 est
3329 5502 3458 5555 ve·

1916 5599 2288 5682 risimile,
2351 5622 2446 5673 eo
2520 5599 2727 5691 quod
2793 5597 3327 5692 experientia,
3375 5604 3456 5674 et
