4252 6393
542 2309 619 2362 ss.

773 479 888 544 500
1913 459 2016 529 DE
2061 463 2325 527 RERUM
2369 455 2762 524 PRINCIPIO

761 637 1177 715 tellectiva
1217 632 1687 711 scientifica,
1742 649 1915 720 quae
1969 625 2306 716 inquan-
2417 619 2734 694 actuale
2780 617 2897 689 rei
2944 636 3085 709 per
3138 611 3592 708 potentiam
3647 608 3940 682 sensiti-

763 763 937 832 tum
969 755 1185 835 talis,
1224 753 1427 825 idem
1455 753 1581 823 est
1622 744 1985 820 scientiae
2034 741 2309 815 funda-
2415 757 2603 808 vam
2637 733 3270 826 multiplicatam
3304 730 3384 803 in
3418 728 3766 822 quinque
3797 747 3946 799 sen-

766 877 1151 953 mentum,
1188 874 1276 943 ut
1311 889 1484 962 quae
1517 871 1641 938 est
1677 860 2106 958 proportio
2141 857 2311 929 sub-

765 989 1089 1066 stantiae
1157 985 1511 1059 hominis
1593 983 1687 1054 ad
1768 974 2312 1052 substantiam

767 1105 1078 1198 Angeli,
1124 1109 1204 1178 et
1237 1102 1699 1176 intellectus
1747 1091 2182 1169 discursivi
2233 1090 2314 1161 in

768 1224 1093 1297 homine
1134 1221 1229 1293 ad
1295 1217 1798 1292 intellectum
1851 1207 2171 1300 Angeli‚
2235 1209 2314 1278 et

770 1342 944 1435 ejus
1013 1336 1580 1417 substantiam,
1646 1331 1921 1404 eadem
1966 1327 2074 1400 sit
2135 1343 2317 1416 pro-

772 1458 1045 1554 portio
1078 1454 1485 1529 sensitivae
1518 1445 2046 1544 particularis
2082 1440 2317 1513 111110-

771 1574 985 1647 mine
1017 1574 1110 1645 ad
1144 1571 1505 1643 infimam
1539 1561 2124 1640 intellectivam
2167 1558 2315 1628 An-

771 1691 955 1783 geli,
1002 1708 1157 1782 qua
1201 1685 1627 1780 experitur
1660 1681 1927 1776 primo
1970 1675 2317 1749 existen-

769 1809 971 1884 tiam
1030 1804 1435 1880 actualem
1500 1801 1661 1880 rei;
1718 1802 1797 1872 et
1846 1799 1971 1870 est
2034 1793 2176 1866 illa
2237 1791 2316 1862 in

770 1924 1078 2018 Angelo
1142 1920 1397 2002 radix,
1452 1924 1531 1991 et
1586 1916 1819 2007 origo
1876 1911 2139 1985 omnis
2187 1928 2316 1980 co-

772 2040 1163 2133 gnitionis
1203 2034 1678 2113 scientialis‚
1741 2031 1951 2103 sicut
2002 2023 2319 2099 sensiti-

771 2178 873 2230 va
906 2158 987 2230 in
1016 2155 1367 2229 homine.

868 2273 1098 2353 Item,
1148 2268 1216 2341 si
1264 2266 1621 2356 Angelus
1662 2282 1823 2333 non
1864 2259 2102 2331 habet
2151 2255 2317 2327 vim

775 2388 1137 2461 infimam
1169 2377 2013 2475 experimentativam,
2053 2373 2317 2465 primo

777 2504 1125 2579 actualis
1187 2496 1643 2573 existentiae
1703 2493 1846 2572 rei,
1901 2495 2041 2564 aut
2094 2489 2318 2560 nullo

780 2623 1014 2696 modo
1075 2615 1496 2709 cognoscit
1554 2612 1716 2687 tale
1780 2609 2137 2681 existere
2197 2625 2317 2677 ac-

780 2737 1033 2818 tuale,
1107 2733 1312 2826 quod
1403 2729 1728 2802 omnino
1800 2725 2096 2797 falsum
2166 2724 2314 2800 est,

782 2853 968 2947 quia
1009 2857 1198 2926 tunc
1233 2848 1432 2921 nihil
1467 2847 1739 2940 posset
1777 2839 2129 2935 operari,
2176 2859 2319 2909 nec

780 2992 927 3043 1108
970 2966 1403 3046 custodire,
1441 2984 1583 3035 nec
1614 2960 2015 3053 Deijussa
2048 2953 2322 3047 imple-

784 3109 895 3169 re,
962 3090 1041 3159 et
1091 3086 1304 3156 essct
1366 3076 1928 3172 imperfectior
1968 3071 2319 3152 homine,

784 3205 918 3297 qui
976 3203 1143 3276 vim
1198 3200 1446 3274 talem
1506 3194 1778 3277 liabet3
1834 3196 1975 3266 aut
2020 3210 2164 3282 per
2214 3186 2323 3260 in-

780 3323 1222 3401 tellectum,
1261 3316 1597 3407 attingit
1629 3309 2091 3406 hujusmodi
2121 3306 2326 3379 exis-

780 3440 1125 3516 tentiam
1155 3433 1555 3508 actualem
1592 3451 1735 3523 per
1768 3450 1876 3509 se,
1912 3430 1989 3497 et
2052 3426 2327 3497 imme-

777 3556 1017 3635 diate,
1054 3549 1287 3643 (quod
1320 3542 2085 3639 quamvisteneatur
2115 3559 2327 3610 com—

784 3669 1166 3747 muniter,
1217 3670 1296 3738 et
1349 3664 1564 3737 forte
1625 3678 1786 3731 non
1847 3657 1953 3730 sit
2009 3675 2322 3735 verum,

783 3809 926 3861 nec
993 3781 1427 3870 rationale)
1484 3779 1672 3872 quia
1731 3797 1891 3848 non
1954 3775 2329 3868 ponimus

786 3903 1140 3996 Angelos
1208 3899 1507 3971 habere
1565 3897 2088 3968 concreatam
2162 3912 2331 3964 om-

787 4043 969 4096 nem
1023 4015 1475 4096 scientiam,
1534 4033 1772 4105 quam
1819 4011 2158 4103 possunt
2209 4026 2331 4079 ac-

790 4139 1116 4232 quirere
1173 4131 1473 4205 lumine
1524 4127 1908 4207 naturali,
1965 4130 2044 4199 et
2089 4125 2204 4198 ita
2242 4123 2334 4197 fit

791 4255 872 4328 in
920 4255 1037 4327 eis
1082 4247 1518 4342 acquisitio
1565 4245 1949 4317 scientiae.
2014 4244 2103 4313 In
2157 4239 2333 4313 tali-

785 4375 932 4445 bus
970 4373 1242 4443 autem
1285 4361 1795 4436 necessarius
1837 4362 1960 4431 est
2012 4376 2334 4449 proces-

784 4509 920 4561 sus
962 4487 1052 4558 de
1094 4479 1573 4574 imperfecto
1605 4478 1698 4548 ad
1743 4474 2221 4567 perfectum,
2254 4474 2334 4543 et

789 4605 963 4677 ideo
1027 4600 1239 4672 sicut
1307 4596 1387 4668 in
1451 4592 1779 4667 homine
1817 4590 1951 4663 isti
1984 4591 2136 4661 duo
2172 4608 2333 4659 1110-

782 4724 859 4798 di
891 4723 1077 4793 sunt
1118 4711 1506 4792 distincti,
1556 4710 1670 4783 ita
1706 4712 2032 4800 oportet
2068 4706 2148 4778 in
2183 4707 2332 4777 An-

785 4838 1014 4933 gelis,
1062 4832 1267 4927 quod
1320 4829 1462 4901 illa
1513 4826 1665 4906 vis,
1725 4845 1880 4916 qua
1942 4823 2210 4915 primo
2253 4826 2333 4894 et

783 4951 1244 5030 immediate
1328 4943 1743 5033 attingunt
1818 4965 1949 5008 esse
2015 4936 2336 5011 actuale

786 5072 929 5153 rei,
996 5068 1102 5141 sit
1159 5062 1545 5138 distincta
1591 5057 2025 5131 secundum
2078 5054 2334 5126 ratio-

779 5205 964 5259 nem
1005 5175 1417 5275 potentiae,
1466 5171 1562 5242 ab
1613 5169 1755 5241 illa
1830 5187 1985 5259 qua
2048 5185 2336 5257 appre-

779 5299 1131 5373 hendunt
1165 5288 1715 5385 quidditatem.

832 5414 1281 5494 ltem,Dcus
1302 5404 1539 5478 unico
1561 5400 1975 5474 intellectu
2000 5395 2332 5486 attingit

774 5520 1527 5614 omneintelligibile
1544 5517 1686 5589 sub
1704 5514 1919 5588 omni
1942 5512 2170 5584 modo
2189 5512 2332 5583 sub

771 5672 927 5746 quo
945 5652 1067 5721 cst
1084 5636 1594 5730 intelligibile
1615 5663 1625 5703 :
1648 5633 1889 5704 homo
1908 5634 2180 5703 autem
2196 5652 2330 5696 esse

2423 875 2620 935 sus;
2684 871 2885 942 ergo
2948 849 3301 940 Angelus
3359 850 3528 922 Deo
3591 844 3942 924 inferior,

2422 969 2747 1043 homine
2798 968 3200 1060 superior,
3249 965 3596 1054 attinget
3652 981 3946 1036 omnem

2426 1084 2952 1177 quidditatem
3038 1082 3456 1157 intellectu
3531 1074 3944 1172 superiori,

2425 1227 2559 1271 esse
2597 1223 2791 1275 vcro
2845 1201 3163 1275 actuale
3205 1219 3365 1270 non
3415 1197 3496 1269 vi
3550 1193 3945 1272 sensitiva,

2426 1338 2570 1391 nec
2606 1318 2970 1411 pluribus
3010 1316 3348 1395 viribus,
3395 1317 3483 1386 ut
3524 1311 3790 1392 home,
3833 1307 3948 1380 sed

2428 1435 2702 1527 aliqua
2763 1432 3138 1506 inferiori
3184 1451 3329 1503 8110
3375 1428 3790 1504 intellectu
3840 1445 3947 1496 811-

2431 1570 2766 1644 periori.

3002 1776 3398 1833 SCHOLIUM.

2500 1957 2565 2013 ln
2597 1971 2820 2014 novem
2853 1955 2953 2012 his
2984 1953 3361 2012 sectionibus
3399 1953 3589 2025 primi
3630 1951 3868 2008 articuli
3896 1949 3953 2005 id

2428 2056 2819 2130 potissimum
2851 2060 3111 2112 conatur
3142 2055 3374 2119 Scotus,
3411 2056 3476 2108 ut
3506 2050 3724 2122 probet
3750 2049 3875 2105 dari
3897 2049 3953 2102 in

2430 2154 2682 2213 1101111110
2737 2159 2967 2227 praeter
3018 2153 3439 2223 cognitionem
3500 2148 3954 2210 intellectivam,

2428 2255 2617 2311 aliam
2651 2253 3018 2310 sensitivam
3079 2266 3220 2324 quae
3250 2253 3542 2306 versetur
3571 2249 3737 2305 circa
3766 2247 3960 2316 singu·

2431 2354 2612 2420 laria,
2648 2356 2709 2409 et
2758 2351 3065 2408 actualem
3117 2351 3210 2406 rei
3261 2347 3682 2414 existentiam,
3729 2360 3858 2417 quae
3886 2345 3959 2400 sit

2429 2451 2617 2508 etiam
2667 2450 2872 2521 prima
2906 2455 2967 2507 et
3016 2447 3231 2504 infima
3279 2447 3705 2517 cognitionum
3753 2443 3959 2499 huma-

2431 2562 2677 2615 narum,
2709 2552 2770 2605 et
2797 2545 3159 2604 earumdem
3181 2547 3356 2614 origo
3385 2560 3455 2601 ac
3486 2543 3686 2600 veluti
3705 2541 3958 2599 semina-

2431 2650 2623 2703 rium.
2675 2649 2861 2704 Vocat
2906 2650 3113 2703 autem
3165 2645 3325 2701 hanc
3373 2643 3791 2713 cognitionem
3838 2640 3958 2695 vim

2430 2739 2761 2811 quamdam
2777 2742 3055 2798 infimam
3069 2741 3317 2807 animae,
3338 2740 3684 2809 cognitione
3707 2734 3965 2793 intellec·

2432 2838 2561 2893 tiva
2594 2839 2981 2896 inferiorem.
3017 2838 3442 2910 Eamdemque
3465 2837 3594 2893 vim
3618 2840 3680 2891 et
3696 2834 3961 2892 ordinem

2432 2936 2857 3006 cognitionum
2907 2941 3147 3009 ponunt
3196 2935 3452 3009 quidam
3503 2936 3569 2992 in
3605 2933 3880 3002 Α1130118,
3910 2937 3966 2986 01

2433 3039 2885 3105 consequenter
2915 3036 2981 3090 in
3018 3036 3110 3092 eis
3141 3034 3498 3092 discursum
3539 3033 3886 3099 admittunt,
3915 3034 3970 3085 et

2432 3147 2549 3205 per
2568 3130 2851 3189 eamdem
2870 3134 3001 3193 vim
3018 3133 3159 3191 illos
3176 3149 3239 3191 se
3256 3147 3529 3203 movere,
3545 3138 3607 3190 et
3623 3131 3698 3188 ad
3730 3141 3973 3203 corpora

2435 3233 2754 3304 applicare
2786 3238 3098 3302 asserunt,
3143 3248 3384 3292 necnon
3415 3231 3727 3289 daemones
3757 3235 3816 3286 et
3842 3229 3974 3285 ani-

2438 3344 2571 3386 mas
2602 3338 2921 3403 separatas
2949 3330 3242 3390 ardorem
3291 3333 3459 3402 ignis
3508 3330 3813 3402 experiri.
3845 3326 3976 3383 Ali-

2437 3443 2559 3498 qua
2589 3444 2664 3485 ex
2697 3429 2797 3487 his
2828 3445 2947 3487 11011
2981 3429 3197 3501 probat
3229 3434 3468 3502 8001118,
3501 3431 3648 3487 11001
3676 3431 3817 3486 1112.
3839 3427 3976 3482 dist.

2436 3531 2490 3586 3.
2526 3534 2740 3601 quaest.
2779 3530 2861 3585 11.
2896 3535 3133 3587 asserat
3163 3530 3430 3601 Angelos
3459 3543 3830 3600 cognoscere
3863 3528 3979 3582 sin-

2441 3627 2687 3696 gularia
2718 3628 3050 3685 actualiter
3082 3629 3431 3694 existentia,
3463 3627 3540 3684 ab
3569 3626 3808 3683 eisdem
3842 3638 3980 3697 spe-

2438 3726 2567 3781 cies
2586 3727 2895 3796 accipere,
2920 3725 3282 3798 accipiendo
3301 3728 3719 3797 cognitionem
3741 3741 3774 3781 a
3796 3724 3982 3780 rebus

2440 3824 2776 3897 proficere3
2811 3829 2871 3881 et
2909 3824 3062 3882 ibid.
3093 3824 3238 3883 dist.
3277 3830 3333 3883 7.
3375 3830 3592 3898 quaest.
3637 3826 3687 3882 1.
3723 3838 3901 3881 num.
3931 3824 3984 3876 7.

2441 3924 2594 3981 dicit
2623 3924 2892 3993 Angelos
2921 3938 3291 3994 cognoscere
3339 3925 3688 3982 discursive
3699 3941 3720 3992 ;
3755 3927 3821 3980 et
3850 3920 3990 3978 dist.

2440 4022 2495 4076 5.
2530 4023 2746 4091 quaest.
2779 4024 2833 4076 2.
2884 4036 3055 4077 num.
3112 4023 3174 4077 17
3223 4023 3538 4094 Angelum
3588 4037 3710 4079 non
3758 4020 3991 4078 habere

2443 4134 2687 4175 omnem
2737 4119 3183 4191 perfectionem
3217 4122 3353 4177 sine
3384 4120 3694 4177 discursu.
3729 4118 3997 4176 Videtur

2443 4221 2650 4275 tamen
2699 4220 3048 4290 oppositum
3071 4221 3305 4276 sentire
3346 4221 3411 4275 in
3443 4219 3714 4291 Metaph.
3750 4217 3869 4275 lib.
3916 4217 3997 4270 12.

2444 4324 2660 4388 quaest.
2692 4321 2781 4374 26.
2816 4320 2994 4376 Circa
3023 4321 3320 4376 virtutem
3345 4320 3475 4376 loco
3496 4319 3825 4383 motivam,
3859 4314 4006 4371 alte-

2445 4416 2580 4473 rius
2611 4423 2701 4475 est
2720 4419 3033 4490 opinionis
3056 4420 3118 4475 in
3152 4421 3206 4476 2.
3240 4418 3383 4475 dist.
3415 4422 3469 4473 2.
3510 4433 3570 4489 q.
3615 4418 3702 4473 10.
3739 4420 3807 4472 et
3836 4416 4006 4471 circa

2444 4530 2696 4573 sensum
2745 4518 3059 4573 cruciatus
3091 4519 3279 4587 ignis,
3313 4520 3377 4573 in
3408 4518 3462 4573 4.
3503 4516 3645 4573 dist.
3694 4518 3793 4572 44.
3849 4529 3910 4585 q.
3950 4514 4008 4568 2.

2531 4690 2827 4765 Dicunt
2869 4713 3067 4786 crgo
3110 4694 3273 4777 isti,
3311 4696 3516 4788 quod
3547 4695 3721 4766 haec
3757 4693 3892 4764 vis
3925 4689 4008 4762 in

2446 4808 2753 4899 Angelo
2813 4815 2936 4884 est
2999 4811 3521 4905 principium,
3569 4814 3648 4884 et
3715 4811 4006 4883 funda-

2449 4929 2834 5008 mentum,
2885 4931 2965 5000 et
3017 4930 3250 5020 origo
3295 4928 3556 5001 omnis
3589 4929 4011 5021 cognitio·

2447 5041 2572 5114 nis
2617 5043 3090 5127 scientialis,
3141 5045 3350 5121 sicut
3382 5045 3691 5119 dictum
3746 5052 3882 5121 est
3922 5047 4012 5118 de

2449 5160 2841 5233 sensitiva
2902 5162 3388 5254 particulari
3447 5162 3528 5234 in
3579 5162 3932 5236 homine
3993 5187 4009 5231 :

2447 5280 2525 5349 et
2578 5277 2789 5351 sicut
2845 5278 3304 5354 intellectus
3367 5279 3816 5363 humanus,
3881 5278 4015 5373 qui

2448 5393 2814 5466 sensibus
2861 5396 3372 5491 percipiendo
3422 5400 3893 5490 componit,
3939 5401 4016 5470 et

2442 5511 2720 5586 dividit
2753 5516 3186 5587 secundum
3220 5520 3482 5589 artem
3516 5516 4016 5592 Aristotelis

2442 5630 2522 5702 in
2555 5629 2689 5701 lib.
2731 5634 2797 5701 2.
2851 5635 3324 5716 Posterior-am,
3381 5646 3537 5701 tem.
3580 5634 3704 5705 35.
3756 5636 4009 5708 donec
