<?xml version="1.0" encoding="UTF-8"?>
<!DOCTYPE html PUBLIC "-//W3C//DTD XHTML 1.0 Transitional//EN"
    "http://www.w3.org/TR/xhtml1/DTD/xhtml1-transitional.dtd">
<html xmlns="http://www.w3.org/1999/xhtml" xml:lang="en" lang="en">
 <head>
  <title>
</title>
<meta http-equiv="Content-Type" content="text/html;charset=utf-8" />
  <meta name='ocr-system' content='tesseract 3.04.00' />
  <meta name='ocr-capabilities' content='ocr_page ocr_carea ocr_par ocr_line ocrx_word'/>
</head>
<body>
  <div class='ocr_page' id='page_1' title='image "./joannisdunsscot03waddgoog_0559.png"; bbox 0 0 4252 6393; ppageno 0'>
   <div class='ocr_carea' id='block_1_1' title="bbox 187 1987 210 2034">
    <p class='ocr_par' dir='ltr' id='par_1_1' title="bbox 187 1987 210 2034">
     <span class='ocr_line' id='line_1_1' title="bbox 187 1987 210 2034; baseline 0 0"><span class='ocrx_word' id='word_1_1' title='bbox 187 1987 210 2034; x_wconf 86' lang='lat'>0</span> 
     </span>
    </p>
   </div>
   <div class='ocr_carea' id='block_1_2' title="bbox 184 2023 284 2100">
    <p class='ocr_par' dir='ltr' id='par_1_2' title="bbox 184 2023 284 2100">
     <span class='ocr_line' id='line_1_2' title="bbox 184 2023 284 2100; baseline 0.02 -2"><span class='ocrx_word' id='word_1_2' title='bbox 184 2023 284 2100; x_wconf 64' lang='lat' dir='ltr'>liter</span> 
     </span>
    </p>
   </div>
   <div class='ocr_carea' id='block_1_3' title="bbox 1629 412 2171 490">
    <p class='ocr_par' dir='ltr' id='par_1_3' title="bbox 1629 412 2171 490">
     <span class='ocr_line' id='line_1_3' title="bbox 1629 412 2171 490; baseline -0.002 -13"><span class='ocrx_word' id='word_1_3' title='bbox 1629 412 1985 490; x_wconf 83' lang='lat' dir='ltr'>QUAES&#39;rlo</span> <span class='ocrx_word' id='word_1_4' title='bbox 2034 415 2171 477; x_wconf 85' lang='lat' dir='ltr'>XlV</span> 
     </span>
    </p>
   </div>
   <div class='ocr_carea' id='block_1_4' title="bbox 345 581 1881 2075">
    <p class='ocr_par' dir='ltr' id='par_1_4' title="bbox 345 581 1878 1936">
     <span class='ocr_line' id='line_1_4' title="bbox 356 581 1863 674; baseline 0.001 -21"><span class='ocrx_word' id='word_1_5' title='bbox 356 583 530 656; x_wconf 86' lang='lat' dir='ltr'>lucis</span> <span class='ocrx_word' id='word_1_6' title='bbox 570 586 649 655; x_wconf 91' lang='lat' dir='ltr'>et</span> <span class='ocrx_word' id='word_1_7' title='bbox 680 581 1141 657; x_wconf 89' lang='lat' dir='ltr'>intellectus</span> <span class='ocrx_word' id='word_1_8' title='bbox 1175 585 1491 674; x_wconf 86' lang='lat' dir='ltr'>agentis</span> <span class='ocrx_word' id='word_1_9' title='bbox 1543 605 1639 656; x_wconf 83' lang='lat' dir='ltr'>ex</span> <span class='ocrx_word' id='word_1_10' title='bbox 1674 583 1863 668; x_wconf 89' lang='lat' dir='ltr'>alia,</span> 
     </span>
     <span class='ocr_line' id='line_1_5' title="bbox 355 696 1868 791; baseline 0.003 -22"><span class='ocrx_word' id='word_1_11' title='bbox 355 697 517 791; x_wconf 89' lang='lat' dir='ltr'>quia</span> <span class='ocrx_word' id='word_1_12' title='bbox 580 696 721 770; x_wconf 79' lang='lat' dir='ltr'>lux</span> <span class='ocrx_word' id='word_1_13' title='bbox 789 702 914 772; x_wconf 88' lang='lat' dir='ltr'>est</span> <span class='ocrx_word' id='word_1_14' title='bbox 984 698 1075 770; x_wconf 90' lang='lat' dir='ltr'>de</span> <span class='ocrx_word' id='word_1_15' title='bbox 1146 721 1229 771; x_wconf 90' lang='lat' dir='ltr'>se</span> <span class='ocrx_word' id='word_1_16' title='bbox 1290 701 1679 791; x_wconf 78' lang='lat' dir='ltr'>quoddam</span> <span class='ocrx_word' id='word_1_17' title='bbox 1757 702 1868 773; x_wconf 82' lang='lat' dir='ltr'>vi·</span> 
     </span>
     <span class='ocr_line' id='line_1_6' title="bbox 353 814 1870 898; baseline 0 -11"><span class='ocrx_word' id='word_1_18' title='bbox 353 814 580 898; x_wconf 86' lang='lat' dir='ltr'>sibile,</span> <span class='ocrx_word' id='word_1_19' title='bbox 627 835 724 886; x_wconf 82' lang='lat' dir='ltr'>ex</span> <span class='ocrx_word' id='word_1_20' title='bbox 756 837 840 888; x_wconf 90' lang='lat' dir='ltr'>se</span> <span class='ocrx_word' id='word_1_21' title='bbox 870 818 1154 889; x_wconf 88' lang='lat' dir='ltr'>natum</span> <span class='ocrx_word' id='word_1_22' title='bbox 1182 816 1467 898; x_wconf 77' lang='lat' dir='ltr'>videri,</span> <span class='ocrx_word' id='word_1_23' title='bbox 1522 817 1677 890; x_wconf 90' lang='lat' dir='ltr'>etsi</span> <span class='ocrx_word' id='word_1_24' title='bbox 1710 836 1870 887; x_wconf 90' lang='lat' dir='ltr'>non</span> 
     </span>
     <span class='ocr_line' id='line_1_7' title="bbox 352 931 1872 1026; baseline 0.004 -26"><span class='ocrx_word' id='word_1_25' title='bbox 352 931 699 1003; x_wconf 78' lang='lat' dir='ltr'>videatur</span> <span class='ocrx_word' id='word_1_26' title='bbox 757 953 941 1005; x_wconf 89' lang='lat' dir='ltr'>eum</span> <span class='ocrx_word' id='word_1_27' title='bbox 983 937 1108 1007; x_wconf 90' lang='lat' dir='ltr'>est</span> <span class='ocrx_word' id='word_1_28' title='bbox 1161 933 1572 1026; x_wconf 80' lang='lat' dir='ltr'>permixta</span> <span class='ocrx_word' id='word_1_29' title='bbox 1605 933 1872 1007; x_wconf 86' lang='lat' dir='ltr'>colori</span> 
     </span>
     <span class='ocr_line' id='line_1_8' title="bbox 354 1049 1871 1144; baseline 0.005 -27"><span class='ocrx_word' id='word_1_30' title='bbox 354 1052 670 1140; x_wconf 86' lang='lat' dir='ltr'>propter</span> <span class='ocrx_word' id='word_1_31' title='bbox 730 1049 905 1141; x_wconf 88' lang='lat' dir='ltr'>ejus</span> <span class='ocrx_word' id='word_1_32' title='bbox 952 1051 1351 1142; x_wconf 88' lang='lat' dir='ltr'>majorem</span> <span class='ocrx_word' id='word_1_33' title='bbox 1396 1052 1871 1144; x_wconf 89' lang='lat' dir='ltr'>simplicita-</span> 
     </span>
     <span class='ocr_line' id='line_1_9' title="bbox 352 1164 1873 1259; baseline 0.002 -22"><span class='ocrx_word' id='word_1_34' title='bbox 352 1170 538 1237; x_wconf 88' lang='lat' dir='ltr'>tem:</span> <span class='ocrx_word' id='word_1_35' title='bbox 575 1164 1039 1240; x_wconf 89' lang='lat' dir='ltr'>intellectus</span> <span class='ocrx_word' id='word_1_36' title='bbox 1081 1172 1355 1242; x_wconf 90' lang='lat' dir='ltr'>autem</span> <span class='ocrx_word' id='word_1_37' title='bbox 1405 1188 1653 1259; x_wconf 89' lang='lat' dir='ltr'>agens</span> <span class='ocrx_word' id='word_1_38' title='bbox 1714 1189 1873 1243; x_wconf 92' lang='lat' dir='ltr'>non</span> 
     </span>
     <span class='ocr_line' id='line_1_10' title="bbox 350 1282 1872 1375; baseline 0.004 -24"><span class='ocrx_word' id='word_1_39' title='bbox 350 1283 456 1352; x_wconf 89' lang='lat' dir='ltr'>est</span> <span class='ocrx_word' id='word_1_40' title='bbox 516 1300 659 1373; x_wconf 86' lang='lat' dir='ltr'>per</span> <span class='ocrx_word' id='word_1_41' title='bbox 716 1304 799 1355; x_wconf 90' lang='lat' dir='ltr'>se</span> <span class='ocrx_word' id='word_1_42' title='bbox 852 1282 1387 1375; x_wconf 80' lang='lat' dir='ltr'>intelligibile,</span> <span class='ocrx_word' id='word_1_43' title='bbox 1436 1285 1568 1357; x_wconf 91' lang='lat' dir='ltr'>sed</span> <span class='ocrx_word' id='word_1_44' title='bbox 1610 1286 1872 1358; x_wconf 89' lang='lat' dir='ltr'>solum</span> 
     </span>
     <span class='ocr_line' id='line_1_11' title="bbox 345 1396 1877 1492; baseline 0.003 -23"><span class='ocrx_word' id='word_1_45' title='bbox 345 1397 464 1470; x_wconf 85' lang='lat' dir='ltr'>dat</span> <span class='ocrx_word' id='word_1_46' title='bbox 493 1396 942 1473; x_wconf 86' lang='lat' dir='ltr'>efficaciam</span> <span class='ocrx_word' id='word_1_47' title='bbox 987 1400 1483 1492; x_wconf 79' lang='lat' dir='ltr'>intelligibili</span> <span class='ocrx_word' id='word_1_48' title='bbox 1526 1406 1611 1477; x_wconf 92' lang='lat' dir='ltr'>ut</span> <span class='ocrx_word' id='word_1_49' title='bbox 1655 1401 1877 1477; x_wconf 91' lang='lat' dir='ltr'>intel-</span> 
     </span>
     <span class='ocr_line' id='line_1_12' title="bbox 348 1513 1871 1609; baseline 0.005 -26"><span class='ocrx_word' id='word_1_50' title='bbox 348 1513 661 1604; x_wconf 87' lang='lat' dir='ltr'>ligatur,</span> <span class='ocrx_word' id='word_1_51' title='bbox 727 1515 875 1589; x_wconf 88' lang='lat' dir='ltr'>hoe</span> <span class='ocrx_word' id='word_1_52' title='bbox 905 1521 1030 1591; x_wconf 89' lang='lat' dir='ltr'>est</span> <span class='ocrx_word' id='word_1_53' title='bbox 1066 1521 1386 1592; x_wconf 87' lang='lat' dir='ltr'>tantum</span> <span class='ocrx_word' id='word_1_54' title='bbox 1438 1519 1871 1609; x_wconf 84' lang='lat' dir='ltr'>arguitive,</span> 
     </span>
     <span class='ocr_line' id='line_1_13' title="bbox 349 1630 1877 1727; baseline 0.003 -26"><span class='ocrx_word' id='word_1_55' title='bbox 349 1630 811 1721; x_wconf 78' lang='lat' dir='ltr'>inquantum</span> <span class='ocrx_word' id='word_1_56' title='bbox 874 1633 1211 1716; x_wconf 87' lang='lat' dir='ltr'>seilicet,</span> <span class='ocrx_word' id='word_1_57' title='bbox 1268 1655 1415 1727; x_wconf 90' lang='lat' dir='ltr'>per</span> <span class='ocrx_word' id='word_1_58' title='bbox 1467 1635 1877 1708; x_wconf 92' lang='lat' dir='ltr'>rationem</span> 
     </span>
     <span class='ocr_line' id='line_1_14' title="bbox 350 1747 1878 1824; baseline 0.005 -10"><span class='ocrx_word' id='word_1_59' title='bbox 350 1747 886 1820; x_wconf 83' lang='lat' dir='ltr'>concludimus</span> <span class='ocrx_word' id='word_1_60' title='bbox 956 1750 1118 1823; x_wconf 89' lang='lat' dir='ltr'>tale</span> <span class='ocrx_word' id='word_1_61' title='bbox 1197 1751 1467 1824; x_wconf 92' lang='lat' dir='ltr'>lumen</span> <span class='ocrx_word' id='word_1_62' title='bbox 1539 1773 1717 1822; x_wconf 89' lang='grc'>0550</span> <span class='ocrx_word' id='word_1_63' title='bbox 1800 1751 1878 1823; x_wconf 91' lang='lat' dir='ltr'>in</span> 
     </span>
     <span class='ocr_line' id='line_1_15' title="bbox 350 1862 589 1936; baseline -0.008 -3"><span class='ocrx_word' id='word_1_64' title='bbox 350 1862 589 1936; x_wconf 88' lang='lat' dir='ltr'>nobis.</span> 
     </span>
    </p>

    <p class='ocr_par' dir='ltr' id='par_1_5' title="bbox 432 1980 1881 2075">
     <span class='ocr_line' id='line_1_16' title="bbox 432 1980 1881 2075; baseline 0.004 -25"><span class='ocrx_word' id='word_1_65' title='bbox 432 1980 608 2051; x_wconf 81' lang='lat' dir='ltr'>Jam</span> <span class='ocrx_word' id='word_1_66' title='bbox 643 2001 842 2072; x_wconf 88' lang='lat' dir='ltr'>ergo</span> <span class='ocrx_word' id='word_1_67' title='bbox 888 1986 1135 2074; x_wconf 87' lang='lat' dir='ltr'>patet,</span> <span class='ocrx_word' id='word_1_68' title='bbox 1174 1986 1378 2075; x_wconf 90' lang='lat' dir='ltr'>quod</span> <span class='ocrx_word' id='word_1_69' title='bbox 1412 1986 1507 2057; x_wconf 86' lang='lat' dir='ltr'>ad</span> <span class='ocrx_word' id='word_1_70' title='bbox 1540 1985 1690 2057; x_wconf 91' lang='lat' dir='ltr'>hoe</span> <span class='ocrx_word' id='word_1_71' title='bbox 1725 1990 1881 2059; x_wconf 90' lang='lat' dir='ltr'>ter-</span> 
     </span>
    </p>
   </div>
   <div class='ocr_carea' id='block_1_5' title="bbox 184 2097 1883 2202">
    <p class='ocr_par' dir='ltr' id='par_1_6' title="bbox 184 2097 1883 2202">
     <span class='ocr_line' id='line_1_17' title="bbox 184 2097 1883 2202; baseline 0.007 -40"><span class='ocrx_word' id='word_1_72' title='bbox 184 2118 283 2166; x_wconf 62' lang='lat' dir='ltr'>mut</span> <span class='ocrx_word' id='word_1_73' title='bbox 356 2097 706 2172; x_wconf 87' lang='lat' dir='ltr'>minatur</span> <span class='ocrx_word' id='word_1_74' title='bbox 765 2104 938 2174; x_wconf 89' lang='lat' dir='ltr'>tota</span> <span class='ocrx_word' id='word_1_75' title='bbox 979 2102 1193 2175; x_wconf 90' lang='lat' dir='ltr'>actio</span> <span class='ocrx_word' id='word_1_76' title='bbox 1246 2123 1554 2202; x_wconf 82' lang='lat' dir='ltr'>sensus,</span> <span class='ocrx_word' id='word_1_77' title='bbox 1604 2103 1883 2192; x_wconf 89' lang='lat' dir='ltr'>imagi-</span> 
     </span>
    </p>
   </div>
   <div class='ocr_carea' id='block_1_6' title="bbox 183 2181 323 2228">
    <p class='ocr_par' dir='ltr' id='par_1_7' title="bbox 183 2181 323 2228">
     <span class='ocr_line' id='line_1_18' title="bbox 183 2181 323 2228; baseline 0.029 -4"><span class='ocrx_word' id='word_1_78' title='bbox 183 2181 270 2227; x_wconf 72' lang='lat' dir='ltr'>rm‘a</span> <span class='ocrx_word' id='word_1_79' title='bbox 292 2194 323 2228; x_wconf 81' lang='lat' dir='ltr'>a</span> 
     </span>
    </p>
   </div>
   <div class='ocr_carea' id='block_1_7' title="bbox 186 2214 1884 2309">
    <p class='ocr_par' dir='ltr' id='par_1_8' title="bbox 186 2214 1884 2309">
     <span class='ocr_line' id='line_1_19' title="bbox 186 2214 1884 2309; baseline 0.004 -23"><span class='ocrx_word' id='word_1_80' title='bbox 186 2243 280 2290; x_wconf 58' lang='lat' dir='ltr'>ain</span> <span class='ocrx_word' id='word_1_81' title='bbox 350 2214 720 2297; x_wconf 86' lang='lat' dir='ltr'>nationis,</span> <span class='ocrx_word' id='word_1_82' title='bbox 826 2215 1287 2291; x_wconf 87' lang='lat' dir='ltr'>intellectus</span> <span class='ocrx_word' id='word_1_83' title='bbox 1376 2219 1720 2309; x_wconf 86' lang='lat' dir='ltr'>agentis,</span> <span class='ocrx_word' id='word_1_84' title='bbox 1797 2222 1884 2292; x_wconf 88' lang='lat' dir='ltr'>ut</span> 
     </span>
    </p>
   </div>
   <div class='ocr_carea' id='block_1_8' title="bbox 184 5586 275 5635">
    <p class='ocr_par' dir='ltr' id='par_1_9' title="bbox 184 5586 275 5635">
     <span class='ocr_line' id='line_1_20' title="bbox 184 5586 275 5635; baseline 0 -9"><span class='ocrx_word' id='word_1_85' title='bbox 184 5586 275 5635; x_wconf 73' lang='lat' dir='ltr'>da-</span> 
     </span>
    </p>
   </div>
   <div class='ocr_carea' id='block_1_9' title="bbox 184 2313 1884 2426">
    <p class='ocr_par' dir='ltr' id='par_1_10' title="bbox 184 2313 1884 2426">
     <span class='ocr_line' id='line_1_21' title="bbox 184 2313 1884 2426; baseline 0.004 -25"><span class='ocrx_word' id='word_1_86' title='bbox 184 2313 247 2377; x_wconf 50' lang='grc' dir='ltr'>ἴω</span> <span class='ocrx_word' id='word_1_87' title='bbox 290 2319 797 2407; x_wconf 76' lang='lat' dir='ltr'>“intellectus</span> <span class='ocrx_word' id='word_1_88' title='bbox 869 2334 1278 2426; x_wconf 87' lang='lat' dir='ltr'>possibilis</span> <span class='ocrx_word' id='word_1_89' title='bbox 1351 2356 1522 2408; x_wconf 91' lang='lat' dir='ltr'>rem</span> <span class='ocrx_word' id='word_1_90' title='bbox 1594 2335 1884 2410; x_wconf 91' lang='lat' dir='ltr'>intelli-</span> 
     </span>
    </p>
   </div>
   <div class='ocr_carea' id='block_1_10' title="bbox 183 2320 289 2419">
    <p class='ocr_par' dir='ltr' id='par_1_11' title="bbox 183 2320 289 2419">
     <span class='ocr_line' id='line_1_22' title="bbox 250 2320 289 2351; baseline -0.026 0"><span class='ocrx_word' id='word_1_91' title='bbox 250 2320 289 2351; x_wconf 77' lang='lat' dir='ltr'>ee</span> 
     </span>
     <span class='ocr_line' id='line_1_23' title="bbox 183 2382 237 2419; baseline 0.13 -7"><span class='ocrx_word' id='word_1_92' title='bbox 183 2382 237 2419; x_wconf 71' lang='lat' dir='ltr'>la·</span> 
     </span>
    </p>
   </div>
   <div class='ocr_carea' id='block_1_11' title="bbox 327 2446 1896 5780">
    <p class='ocr_par' dir='ltr' id='par_1_12' title="bbox 327 2446 1896 5546">
     <span class='ocr_line' id='line_1_24' title="bbox 346 2446 1883 2540; baseline 0.005 -25"><span class='ocrx_word' id='word_1_93' title='bbox 346 2450 474 2534; x_wconf 87' lang='lat' dir='ltr'>gat</span> <span class='ocrx_word' id='word_1_94' title='bbox 542 2446 688 2517; x_wconf 87' lang='lat' dir='ltr'>sub</span> <span class='ocrx_word' id='word_1_95' title='bbox 770 2448 1087 2521; x_wconf 91' lang='lat' dir='ltr'>ratione</span> <span class='ocrx_word' id='word_1_96' title='bbox 1153 2448 1671 2536; x_wconf 83' lang='lat' dir='ltr'>universalis,</span> <span class='ocrx_word' id='word_1_97' title='bbox 1748 2449 1883 2540; x_wconf 89' lang='lat' dir='ltr'>qui</span> 
     </span>
     <span class='ocr_line' id='line_1_25' title="bbox 344 2561 1883 2659; baseline 0.005 -27"><span class='ocrx_word' id='word_1_98' title='bbox 344 2561 449 2634; x_wconf 89' lang='lat' dir='ltr'>sie</span> <span class='ocrx_word' id='word_1_99' title='bbox 520 2569 791 2638; x_wconf 91' lang='lat' dir='ltr'>motus</span> <span class='ocrx_word' id='word_1_100' title='bbox 834 2564 931 2637; x_wconf 89' lang='lat' dir='ltr'>ab</span> <span class='ocrx_word' id='word_1_101' title='bbox 992 2565 1310 2658; x_wconf 87' lang='lat' dir='ltr'>objecto</span> <span class='ocrx_word' id='word_1_102' title='bbox 1353 2566 1883 2659; x_wconf 71' lang='lat' dir='ltr'>apprehendit</span> 
     </span>
     <span class='ocr_line' id='line_1_26' title="bbox 345 2678 1882 2775; baseline 0.005 -28"><span class='ocrx_word' id='word_1_103' title='bbox 345 2678 791 2771; x_wconf 84' lang='lat' dir='ltr'>simplicem</span> <span class='ocrx_word' id='word_1_104' title='bbox 876 2682 1401 2773; x_wconf 87' lang='lat' dir='ltr'>quidditatem</span> <span class='ocrx_word' id='word_1_105' title='bbox 1482 2684 1625 2766; x_wconf 85' lang='lat' dir='ltr'>rei,</span> <span class='ocrx_word' id='word_1_106' title='bbox 1726 2705 1882 2775; x_wconf 91' lang='lat' dir='ltr'>qua</span> 
     </span>
     <span class='ocr_line' id='line_1_27' title="bbox 341 2796 1879 2891; baseline 0.006 -27"><span class='ocrx_word' id='word_1_107' title='bbox 341 2796 847 2887; x_wconf 88' lang='lat' dir='ltr'>apprehensa</span> <span class='ocrx_word' id='word_1_108' title='bbox 887 2799 1051 2870; x_wconf 85' lang='lat' dir='ltr'>vim</span> <span class='ocrx_word' id='word_1_109' title='bbox 1110 2799 1349 2872; x_wconf 87' lang='lat' dir='ltr'>habet</span> <span class='ocrx_word' id='word_1_110' title='bbox 1386 2800 1464 2872; x_wconf 89' lang='lat' dir='ltr'>in</span> <span class='ocrx_word' id='word_1_111' title='bbox 1508 2822 1591 2872; x_wconf 85' lang='lat' dir='ltr'>se</span> <span class='ocrx_word' id='word_1_112' title='bbox 1633 2818 1879 2891; x_wconf 85' lang='lat' dir='ltr'>nego-</span> 
     </span>
     <span class='ocr_line' id='line_1_28' title="bbox 343 2910 1881 3009; baseline 0.005 -27"><span class='ocrx_word' id='word_1_113' title='bbox 343 2910 583 2986; x_wconf 90' lang='lat' dir='ltr'>tiandi</span> <span class='ocrx_word' id='word_1_114' title='bbox 620 2914 879 2988; x_wconf 89' lang='lat' dir='ltr'>multa</span> <span class='ocrx_word' id='word_1_115' title='bbox 912 2916 1136 2989; x_wconf 84' lang='lat' dir='ltr'>eirea</span> <span class='ocrx_word' id='word_1_116' title='bbox 1169 2916 1631 3009; x_wconf 90' lang='lat' dir='ltr'>hujusmodi</span> <span class='ocrx_word' id='word_1_117' title='bbox 1668 2918 1881 3008; x_wconf 92' lang='lat' dir='ltr'>quid-</span> 
     </span>
     <span class='ocr_line' id='line_1_29' title="bbox 342 3027 1877 3113; baseline 0.005 -15"><span class='ocrx_word' id='word_1_118' title='bbox 342 3027 671 3102; x_wconf 86' lang='lat' dir='ltr'>ditatem</span> <span class='ocrx_word' id='word_1_119' title='bbox 715 3034 793 3103; x_wconf 90' lang='lat' dir='ltr'>et</span> <span class='ocrx_word' id='word_1_120' title='bbox 864 3033 938 3104; x_wconf 92' lang='lat' dir='ltr'>ei</span> <span class='ocrx_word' id='word_1_121' title='bbox 981 3032 1488 3113; x_wconf 73' lang='lat' dir='ltr'>inhaerentia,</span> <span class='ocrx_word' id='word_1_122' title='bbox 1548 3032 1756 3106; x_wconf 91' lang='lat' dir='ltr'>sicut</span> <span class='ocrx_word' id='word_1_123' title='bbox 1800 3036 1877 3106; x_wconf 89' lang='lat' dir='ltr'>et</span> 
     </span>
     <span class='ocr_line' id='line_1_30' title="bbox 341 3145 1884 3243; baseline 0.003 -25"><span class='ocrx_word' id='word_1_124' title='bbox 341 3145 734 3236; x_wconf 89' lang='lat' dir='ltr'>quidditas</span> <span class='ocrx_word' id='word_1_125' title='bbox 814 3150 895 3222; x_wconf 89' lang='lat' dir='ltr'>in</span> <span class='ocrx_word' id='word_1_126' title='bbox 982 3151 1333 3243; x_wconf 84' lang='lat' dir='ltr'>simplici</span> <span class='ocrx_word' id='word_1_127' title='bbox 1402 3151 1884 3224; x_wconf 82' lang='lat' dir='ltr'>inhaerentia</span> 
     </span>
     <span class='ocr_line' id='line_1_31' title="bbox 340 3263 1883 3360; baseline 0.005 -31"><span class='ocrx_word' id='word_1_128' title='bbox 340 3263 997 3354; x_wconf 73' lang='lat' dir='ltr'>apprehenditur,</span> <span class='ocrx_word' id='word_1_129' title='bbox 1059 3268 1136 3338; x_wconf 92' lang='lat' dir='ltr'>et</span> <span class='ocrx_word' id='word_1_130' title='bbox 1171 3268 1749 3360; x_wconf 89' lang='lat' dir='ltr'>componendo,</span> <span class='ocrx_word' id='word_1_131' title='bbox 1804 3269 1883 3338; x_wconf 91' lang='lat' dir='ltr'>et</span> 
     </span>
     <span class='ocr_line' id='line_1_32' title="bbox 336 3377 1883 3473; baseline 0.001 -25"><span class='ocrx_word' id='word_1_132' title='bbox 336 3377 774 3465; x_wconf 80' lang='lat' dir='ltr'>dividend0‚</span> <span class='ocrx_word' id='word_1_133' title='bbox 835 3383 1275 3473; x_wconf 70' lang='lat' dir='ltr'>investiga-t</span> <span class='ocrx_word' id='word_1_134' title='bbox 1345 3387 1520 3472; x_wconf 79' lang='lat' dir='ltr'>quod</span> <span class='ocrx_word' id='word_1_135' title='bbox 1578 3386 1740 3473; x_wconf 76' lang='lat' dir='ltr'>quid</span> <span class='ocrx_word' id='word_1_136' title='bbox 1792 3398 1883 3450; x_wconf 75' lang='lat' dir='ltr'>cst</span> 
     </span>
     <span class='ocr_line' id='line_1_33' title="bbox 339 3496 1882 3586; baseline 0.001 -20"><span class='ocrx_word' id='word_1_137' title='bbox 339 3496 720 3586; x_wconf 84' lang='lat' dir='ltr'>perfecte.</span> <span class='ocrx_word' id='word_1_138' title='bbox 760 3500 1015 3572; x_wconf 87' lang='lat' dir='ltr'>Habet</span> <span class='ocrx_word' id='word_1_139' title='bbox 1039 3500 1313 3572; x_wconf 90' lang='lat' dir='ltr'>deinde</span> <span class='ocrx_word' id='word_1_140' title='bbox 1334 3500 1671 3572; x_wconf 83' lang='lat' dir='ltr'>verbum</span> <span class='ocrx_word' id='word_1_141' title='bbox 1699 3500 1882 3571; x_wconf 90' lang='lat' dir='ltr'>sim-</span> 
     </span>
     <span class='ocr_line' id='line_1_34' title="bbox 338 3611 1884 3708; baseline 0.002 -27"><span class='ocrx_word' id='word_1_142' title='bbox 338 3611 514 3701; x_wconf 79' lang='lat' dir='ltr'>plex</span> <span class='ocrx_word' id='word_1_143' title='bbox 547 3615 643 3686; x_wconf 93' lang='lat' dir='ltr'>de</span> <span class='ocrx_word' id='word_1_144' title='bbox 684 3635 815 3688; x_wconf 87' lang='lat' dir='ltr'>re:</span> <span class='ocrx_word' id='word_1_145' title='bbox 857 3617 1181 3690; x_wconf 86' lang='lat' dir='ltr'>invento</span> <span class='ocrx_word' id='word_1_146' title='bbox 1226 3619 1499 3688; x_wconf 89' lang='lat' dir='ltr'>autem</span> <span class='ocrx_word' id='word_1_147' title='bbox 1547 3619 1884 3708; x_wconf 91' lang='lat' dir='ltr'>propter</span> 
     </span>
     <span class='ocr_line' id='line_1_35' title="bbox 336 3729 1878 3825; baseline 0.003 -26"><span class='ocrx_word' id='word_1_148' title='bbox 336 3729 516 3819; x_wconf 89' lang='lat' dir='ltr'>quid</span> <span class='ocrx_word' id='word_1_149' title='bbox 584 3732 782 3804; x_wconf 90' lang='lat' dir='ltr'>talis</span> <span class='ocrx_word' id='word_1_150' title='bbox 844 3732 1116 3825; x_wconf 87' lang='lat' dir='ltr'>passio</span> <span class='ocrx_word' id='word_1_151' title='bbox 1162 3735 1285 3805; x_wconf 90' lang='lat' dir='ltr'>est</span> <span class='ocrx_word' id='word_1_152' title='bbox 1349 3733 1426 3804; x_wconf 91' lang='lat' dir='ltr'>in</span> <span class='ocrx_word' id='word_1_153' title='bbox 1490 3732 1878 3822; x_wconf 87' lang='lat' dir='ltr'>subjecto,</span> 
     </span>
     <span class='ocr_line' id='line_1_36' title="bbox 336 3843 1883 3942; baseline 0.004 -28"><span class='ocrx_word' id='word_1_154' title='bbox 336 3843 568 3921; x_wconf 89' lang='lat' dir='ltr'>habet</span> <span class='ocrx_word' id='word_1_155' title='bbox 606 3850 816 3942; x_wconf 91' lang='lat' dir='ltr'>quod</span> <span class='ocrx_word' id='word_1_156' title='bbox 840 3850 1238 3923; x_wconf 90' lang='lat' dir='ltr'>mediante</span> <span class='ocrx_word' id='word_1_157' title='bbox 1262 3849 1883 3921; x_wconf 89' lang='lat' dir='ltr'>demonstratio-</span> 
     </span>
     <span class='ocr_line' id='line_1_37' title="bbox 334 3964 1878 4059; baseline 0.004 -26"><span class='ocrx_word' id='word_1_158' title='bbox 334 3983 426 4034; x_wconf 88' lang='lat' dir='ltr'>ne</span> <span class='ocrx_word' id='word_1_159' title='bbox 469 3964 714 4038; x_wconf 89' lang='lat' dir='ltr'>habet</span> <span class='ocrx_word' id='word_1_160' title='bbox 749 3966 1087 4040; x_wconf 89' lang='lat' dir='ltr'>verbum</span> <span class='ocrx_word' id='word_1_161' title='bbox 1120 3968 1211 4039; x_wconf 90' lang='lat' dir='ltr'>de</span> <span class='ocrx_word' id='word_1_162' title='bbox 1264 3988 1350 4038; x_wconf 92' lang='lat' dir='ltr'>re</span> <span class='ocrx_word' id='word_1_163' title='bbox 1394 3967 1878 4059; x_wconf 86' lang='lat' dir='ltr'>composita,</span> 
     </span>
     <span class='ocr_line' id='line_1_38' title="bbox 334 4081 1885 4177; baseline 0.003 -26"><span class='ocrx_word' id='word_1_164' title='bbox 334 4082 407 4153; x_wconf 92' lang='lat' dir='ltr'>et</span> <span class='ocrx_word' id='word_1_165' title='bbox 455 4081 575 4156; x_wconf 87' lang='lat' dir='ltr'>ita</span> <span class='ocrx_word' id='word_1_166' title='bbox 621 4089 962 4174; x_wconf 83' lang='lat' dir='ltr'>generat</span> <span class='ocrx_word' id='word_1_167' title='bbox 1007 4084 1088 4155; x_wconf 93' lang='lat' dir='ltr'>in</span> <span class='ocrx_word' id='word_1_168' title='bbox 1131 4106 1215 4155; x_wconf 91' lang='lat' dir='ltr'>se</span> <span class='ocrx_word' id='word_1_169' title='bbox 1267 4084 1694 4157; x_wconf 86' lang='lat' dir='ltr'>scientiam</span> <span class='ocrx_word' id='word_1_170' title='bbox 1743 4105 1885 4177; x_wconf 90' lang='lat' dir='ltr'>per</span> 
     </span>
     <span class='ocr_line' id='line_1_39' title="bbox 361 4197 1885 4293; baseline 0.005 -26"><span class='ocrx_word' id='word_1_171' title='bbox 361 4197 939 4273; x_wconf 87' lang='lat' dir='ltr'>inventionem.</span> <span class='ocrx_word' id='word_1_172' title='bbox 998 4203 1096 4273; x_wconf 85' lang='lat' dir='ltr'>Et</span> <span class='ocrx_word' id='word_1_173' title='bbox 1141 4200 1255 4274; x_wconf 88' lang='lat' dir='ltr'>sic</span> <span class='ocrx_word' id='word_1_174' title='bbox 1296 4206 1513 4293; x_wconf 90' lang='lat' dir='ltr'>patet</span> <span class='ocrx_word' id='word_1_175' title='bbox 1558 4223 1885 4292; x_wconf 87' lang='lat' dir='ltr'>quomo-</span> 
     </span>
     <span class='ocr_line' id='line_1_40' title="bbox 332 4311 1884 4398; baseline 0.003 -14"><span class='ocrx_word' id='word_1_176' title='bbox 332 4311 424 4385; x_wconf 89' lang='lat' dir='ltr'>do</span> <span class='ocrx_word' id='word_1_177' title='bbox 459 4335 507 4386; x_wconf 87' lang='lat' dir='ltr'>a</span> <span class='ocrx_word' id='word_1_178' title='bbox 542 4336 785 4388; x_wconf 89' lang='lat' dir='ltr'>sensu</span> <span class='ocrx_word' id='word_1_179' title='bbox 833 4317 1155 4389; x_wconf 88' lang='lat' dir='ltr'>oriatur</span> <span class='ocrx_word' id='word_1_180' title='bbox 1199 4318 1566 4398; x_wconf 84' lang='lat' dir='ltr'>seientia,</span> <span class='ocrx_word' id='word_1_181' title='bbox 1633 4321 1712 4391; x_wconf 92' lang='lat' dir='ltr'>et</span> <span class='ocrx_word' id='word_1_182' title='bbox 1754 4316 1884 4388; x_wconf 90' lang='lat' dir='ltr'>ha-</span> 
     </span>
     <span class='ocr_line' id='line_1_41' title="bbox 333 4428 1886 4526; baseline 0.003 -26"><span class='ocrx_word' id='word_1_183' title='bbox 333 4428 458 4504; x_wconf 88' lang='lat' dir='ltr'>bet</span> <span class='ocrx_word' id='word_1_184' title='bbox 493 4454 580 4504; x_wconf 90' lang='lat' dir='ltr'>se</span> <span class='ocrx_word' id='word_1_185' title='bbox 643 4436 868 4506; x_wconf 88' lang='lat' dir='ltr'>totus</span> <span class='ocrx_word' id='word_1_186' title='bbox 944 4454 1375 4526; x_wconf 84' lang='lat' dir='ltr'>processus</span> <span class='ocrx_word' id='word_1_187' title='bbox 1421 4455 1465 4505; x_wconf 88' lang='lat' dir='ltr'>a</span> <span class='ocrx_word' id='word_1_188' title='bbox 1510 4454 1747 4505; x_wconf 90' lang='lat' dir='ltr'>sensu</span> <span class='ocrx_word' id='word_1_189' title='bbox 1791 4435 1886 4504; x_wconf 90' lang='lat' dir='ltr'>ad</span> 
     </span>
     <span class='ocr_line' id='line_1_42' title="bbox 336 4545 1887 4641; baseline 0.002 -25"><span class='ocrx_word' id='word_1_190' title='bbox 336 4545 1039 4639; x_wconf 80' lang='lat' dir='ltr'>imaginationem,</span> <span class='ocrx_word' id='word_1_191' title='bbox 1088 4550 1299 4623; x_wconf 90' lang='lat' dir='ltr'>sieut</span> <span class='ocrx_word' id='word_1_192' title='bbox 1379 4570 1726 4641; x_wconf 88' lang='lat' dir='ltr'>granum</span> <span class='ocrx_word' id='word_1_193' title='bbox 1773 4570 1887 4619; x_wconf 90' lang='lat' dir='ltr'>se-</span> 
     </span>
     <span class='ocr_line' id='line_1_43' title="bbox 334 4657 1886 4752; baseline 0.001 -25"><span class='ocrx_word' id='word_1_194' title='bbox 334 4657 578 4730; x_wconf 87' lang='lat' dir='ltr'>minis</span> <span class='ocrx_word' id='word_1_195' title='bbox 631 4659 726 4731; x_wconf 91' lang='lat' dir='ltr'>ad</span> <span class='ocrx_word' id='word_1_196' title='bbox 771 4660 1155 4732; x_wconf 89' lang='lat' dir='ltr'>arborem</span> <span class='ocrx_word' id='word_1_197' title='bbox 1210 4660 1583 4752; x_wconf 79' lang='lat' dir='ltr'>quamdiu</span> <span class='ocrx_word' id='word_1_198' title='bbox 1630 4663 1753 4732; x_wconf 86' lang='lat' dir='ltr'>est</span> <span class='ocrx_word' id='word_1_199' title='bbox 1809 4658 1886 4728; x_wconf 93' lang='lat' dir='ltr'>in</span> 
     </span>
     <span class='ocr_line' id='line_1_44' title="bbox 334 4774 1888 4869; baseline 0.003 -28"><span class='ocrx_word' id='word_1_200' title='bbox 334 4774 591 4846; x_wconf 85' lang='lat' dir='ltr'>terra.</span> <span class='ocrx_word' id='word_1_201' title='bbox 643 4778 842 4849; x_wconf 92' lang='lat' dir='ltr'>Cum</span> <span class='ocrx_word' id='word_1_202' title='bbox 923 4781 1198 4851; x_wconf 89' lang='lat' dir='ltr'>autem</span> <span class='ocrx_word' id='word_1_203' title='bbox 1279 4776 1731 4869; x_wconf 82' lang='lat' dir='ltr'>percipitur</span> <span class='ocrx_word' id='word_1_204' title='bbox 1791 4774 1888 4845; x_wconf 90' lang='lat' dir='ltr'>ab</span> 
     </span>
     <span class='ocr_line' id='line_1_45' title="bbox 335 4887 1888 4982; baseline 0.003 -25"><span class='ocrx_word' id='word_1_205' title='bbox 335 4887 787 4973; x_wconf 88' lang='lat' dir='ltr'>intellectu,</span> <span class='ocrx_word' id='word_1_206' title='bbox 861 4895 984 4963; x_wconf 90' lang='lat' dir='ltr'>est</span> <span class='ocrx_word' id='word_1_207' title='bbox 1067 4892 1277 4965; x_wconf 87' lang='lat' dir='ltr'>sicut</span> <span class='ocrx_word' id='word_1_208' title='bbox 1340 4913 1610 4964; x_wconf 89' lang='lat' dir='ltr'>semen</span> <span class='ocrx_word' id='word_1_209' title='bbox 1683 4891 1888 4982; x_wconf 85' lang='lat' dir='ltr'>quod</span> 
     </span>
     <span class='ocr_line' id='line_1_46' title="bbox 327 5002 1890 5100; baseline 0.002 -27"><span class='ocrx_word' id='word_1_210' title='bbox 327 5002 499 5094; x_wconf 90' lang='lat' dir='ltr'>jam</span> <span class='ocrx_word' id='word_1_211' title='bbox 547 5006 965 5098; x_wconf 83' lang='lat' dir='ltr'>germinat</span> <span class='ocrx_word' id='word_1_212' title='bbox 1012 5028 1257 5100; x_wconf 88' lang='lat' dir='ltr'>super</span> <span class='ocrx_word' id='word_1_213' title='bbox 1300 5011 1659 5089; x_wconf 80' lang='lat' dir='ltr'>terram3</span> <span class='ocrx_word' id='word_1_214' title='bbox 1704 5008 1890 5077; x_wconf 88' lang='lat' dir='ltr'>dum</span> 
     </span>
     <span class='ocr_line' id='line_1_47' title="bbox 336 5124 1890 5200; baseline 0.002 -8"><span class='ocrx_word' id='word_1_215' title='bbox 336 5125 616 5197; x_wconf 90' lang='lat' dir='ltr'>autem</span> <span class='ocrx_word' id='word_1_216' title='bbox 677 5125 998 5198; x_wconf 90' lang='lat' dir='ltr'>actione</span> <span class='ocrx_word' id='word_1_217' title='bbox 1059 5126 1524 5200; x_wconf 86' lang='lat' dir='ltr'>intellectus</span> <span class='ocrx_word' id='word_1_218' title='bbox 1595 5124 1890 5197; x_wconf 77' lang='lat' dir='ltr'>inveni-</span> 
     </span>
     <span class='ocr_line' id='line_1_48' title="bbox 338 5242 1894 5334; baseline 0.003 -23"><span class='ocrx_word' id='word_1_219' title='bbox 338 5242 476 5311; x_wconf 77' lang='lat' dir='ltr'>tur</span> <span class='ocrx_word' id='word_1_220' title='bbox 515 5244 701 5331; x_wconf 78' lang='lat' dir='ltr'>quod</span> <span class='ocrx_word' id='word_1_221' title='bbox 750 5245 914 5333; x_wconf 83' lang='lat' dir='ltr'>quid</span> <span class='ocrx_word' id='word_1_222' title='bbox 945 5256 1060 5325; x_wconf 78' lang='lat' dir='ltr'>ese,</span> <span class='ocrx_word' id='word_1_223' title='bbox 1098 5246 1176 5316; x_wconf 86' lang='lat' dir='ltr'>et</span> <span class='ocrx_word' id='word_1_224' title='bbox 1212 5259 1490 5333; x_wconf 77' lang='lat' dir='ltr'>propter</span> <span class='ocrx_word' id='word_1_225' title='bbox 1528 5248 1712 5334; x_wconf 76' lang='lat' dir='ltr'>quid,</span> <span class='ocrx_word' id='word_1_226' title='bbox 1770 5248 1894 5316; x_wconf 75' lang='lat' dir='ltr'>est</span> 
     </span>
     <span class='ocr_line' id='line_1_49' title="bbox 340 5355 1896 5452; baseline 0.004 -27"><span class='ocrx_word' id='word_1_227' title='bbox 340 5355 555 5431; x_wconf 87' lang='lat' dir='ltr'>sieut</span> <span class='ocrx_word' id='word_1_228' title='bbox 619 5356 940 5433; x_wconf 89' lang='lat' dir='ltr'>fruetus</span> <span class='ocrx_word' id='word_1_229' title='bbox 1005 5361 1379 5431; x_wconf 89' lang='lat' dir='ltr'>maturus</span> <span class='ocrx_word' id='word_1_230' title='bbox 1420 5365 1500 5434; x_wconf 88' lang='lat' dir='ltr'>et</span> <span class='ocrx_word' id='word_1_231' title='bbox 1543 5359 1896 5452; x_wconf 86' lang='lat' dir='ltr'>eomple-</span> 
     </span>
     <span class='ocr_line' id='line_1_50' title="bbox 339 5475 502 5546; baseline -0.006 -2"><span class='ocrx_word' id='word_1_232' title='bbox 339 5475 502 5546; x_wconf 89' lang='lat' dir='ltr'>tus.</span> 
     </span>
    </p>

    <p class='ocr_par' dir='ltr' id='par_1_13' title="bbox 433 5593 1895 5687">
     <span class='ocr_line' id='line_1_51' title="bbox 433 5593 1895 5687; baseline 0 -21"><span class='ocrx_word' id='word_1_233' title='bbox 433 5596 652 5667; x_wconf 85' lang='lat' dir='ltr'>Eeee</span> <span class='ocrx_word' id='word_1_234' title='bbox 734 5593 1346 5667; x_wconf 86' lang='lat' dir='ltr'>fundamentum</span> <span class='ocrx_word' id='word_1_235' title='bbox 1436 5594 1895 5687; x_wconf 79' lang='lat' dir='ltr'>positionis,</span> 
     </span>
    </p>

    <p class='ocr_par' dir='ltr' id='par_1_14' title="bbox 484 5728 753 5780">
     <span class='ocr_line' id='line_1_52' title="bbox 484 5728 753 5780; baseline -0.007 0"><span class='ocrx_word' id='word_1_236' title='bbox 484 5728 753 5780; x_wconf 81' lang='lat' dir='ltr'>Tom.1V.</span> 
     </span>
    </p>
   </div>
   <div class='ocr_carea' id='block_1_12' title="bbox 3366 421 3483 485">
    <p class='ocr_par' dir='ltr' id='par_1_15' title="bbox 3366 421 3483 485">
     <span class='ocr_line' id='line_1_53' title="bbox 3366 421 3483 485; baseline 0 0"><span class='ocrx_word' id='word_1_237' title='bbox 3366 421 3483 485; x_wconf 81' lang='lat'>529</span> 
     </span>
    </p>
   </div>
   <div class='ocr_carea' id='block_1_13' title="bbox 1981 581 3903 5783">
    <p class='ocr_par' dir='ltr' id='par_1_16' title="bbox 1981 581 3866 1028">
     <span class='ocr_line' id='line_1_54' title="bbox 1982 581 3826 673; baseline 0.004 -25"><span class='ocrx_word' id='word_1_238' title='bbox 1982 600 2158 672; x_wconf 82' lang='lat' dir='ltr'>quae</span> <span class='ocrx_word' id='word_1_239' title='bbox 2215 581 2433 661; x_wconf 90' lang='lat' dir='ltr'>dicit,</span> <span class='ocrx_word' id='word_1_240' title='bbox 2489 582 2696 673; x_wconf 90' lang='lat' dir='ltr'>quod</span> <span class='ocrx_word' id='word_1_241' title='bbox 2739 583 3198 659; x_wconf 89' lang='lat' dir='ltr'>intellectus</span> <span class='ocrx_word' id='word_1_242' title='bbox 3240 591 3525 661; x_wconf 88' lang='lat' dir='ltr'>noster</span> <span class='ocrx_word' id='word_1_243' title='bbox 3591 616 3826 658; x_wconf 67' lang='lat' dir='ltr'>mennon</span> 
     </span>
     <span class='ocr_line' id='line_1_55' title="bbox 1981 671 3831 806; baseline 0.006 -37"><span class='ocrx_word' id='word_1_244' title='bbox 1981 700 2293 771; x_wconf 89' lang='lat' dir='ltr'>nullam</span> <span class='ocrx_word' id='word_1_245' title='bbox 2336 699 2573 775; x_wconf 87' lang='lat' dir='ltr'>habet</span> <span class='ocrx_word' id='word_1_246' title='bbox 2606 703 2956 794; x_wconf 89' lang='lat' dir='ltr'>speciem</span> <span class='ocrx_word' id='word_1_247' title='bbox 3002 702 3514 795; x_wconf 84' lang='lat' dir='ltr'>impressam.</span> <span class='ocrx_word' id='word_1_248' title='bbox 3572 671 3831 806; x_wconf 44' lang='lat' dir='ltr'>⁶2ssssssssoe</span> 
     </span>
     <span class='ocr_line' id='line_1_56' title="bbox 1984 796 3866 909; baseline 0.005 -26"><span class='ocrx_word' id='word_1_249' title='bbox 1984 813 2368 895; x_wconf 83' lang='lat' dir='ltr'>Quamvis</span> <span class='ocrx_word' id='word_1_250' title='bbox 2439 819 2712 888; x_wconf 88' lang='lat' dir='ltr'>autem</span> <span class='ocrx_word' id='word_1_251' title='bbox 2767 817 2981 888; x_wconf 89' lang='lat' dir='ltr'>ratio</span> <span class='ocrx_word' id='word_1_252' title='bbox 3031 816 3272 909; x_wconf 87' lang='lat' dir='ltr'>hujus</span> <span class='ocrx_word' id='word_1_253' title='bbox 3328 819 3520 893; x_wconf 89' lang='lat' dir='ltr'>dicti</span> <span class='ocrx_word' id='word_1_254' title='bbox 3567 796 3866 907; x_wconf 58' lang='grc' dir='ltr'>’22ῗᾷξῖἷῇ</span> 
     </span>
     <span class='ocr_line' id='line_1_57' title="bbox 1984 930 3524 1028; baseline 0.005 -28"><span class='ocrx_word' id='word_1_255' title='bbox 1984 949 2144 1001; x_wconf 90' lang='lat' dir='ltr'>una</span> <span class='ocrx_word' id='word_1_256' title='bbox 2196 930 2301 1003; x_wconf 93' lang='lat' dir='ltr'>sit</span> <span class='ocrx_word' id='word_1_257' title='bbox 2352 935 2598 1014; x_wconf 89' lang='lat' dir='ltr'>tacta,</span> <span class='ocrx_word' id='word_1_258' title='bbox 2638 933 2824 1024; x_wconf 88' lang='lat' dir='ltr'>quia</span> <span class='ocrx_word' id='word_1_259' title='bbox 2895 933 3208 1008; x_wconf 87' lang='lat' dir='ltr'>scilieet</span> <span class='ocrx_word' id='word_1_260' title='bbox 3268 934 3524 1028; x_wconf 88' lang='lat' dir='ltr'>objec-</span> 
     </span>
    </p>

    <p class='ocr_par' dir='ltr' id='par_1_17' title="bbox 1988 1047 3524 1142">
     <span class='ocr_line' id='line_1_58' title="bbox 1988 1047 3524 1142; baseline 0.003 -22"><span class='ocrx_word' id='word_1_261' title='bbox 1988 1050 2160 1120; x_wconf 91' lang='lat' dir='ltr'>tum</span> <span class='ocrx_word' id='word_1_262' title='bbox 2228 1047 2688 1122; x_wconf 88' lang='lat' dir='ltr'>intellectus</span> <span class='ocrx_word' id='word_1_263' title='bbox 2757 1050 2962 1142; x_wconf 90' lang='lat' dir='ltr'>quod</span> <span class='ocrx_word' id='word_1_264' title='bbox 3028 1054 3154 1125; x_wconf 90' lang='lat' dir='ltr'>est</span> <span class='ocrx_word' id='word_1_265' title='bbox 3206 1052 3524 1125; x_wconf 89' lang='lat' dir='ltr'>univer-</span> 
     </span>
    </p>

    <p class='ocr_par' dir='ltr' id='par_1_18' title="bbox 1988 1163 3534 1607">
     <span class='ocr_line' id='line_1_59' title="bbox 1988 1163 3530 1260; baseline 0.005 -26"><span class='ocrx_word' id='word_1_266' title='bbox 1988 1163 2180 1244; x_wconf 88' lang='lat' dir='ltr'>sale,</span> <span class='ocrx_word' id='word_1_267' title='bbox 2231 1184 2588 1256; x_wconf 79' lang='lat' dir='ltr'>praesens</span> <span class='ocrx_word' id='word_1_268' title='bbox 2638 1169 2788 1246; x_wconf 87' lang='lat' dir='ltr'>est,</span> <span class='ocrx_word' id='word_1_269' title='bbox 2857 1166 2984 1241; x_wconf 83' lang='lat' dir='ltr'>vel</span> <span class='ocrx_word' id='word_1_270' title='bbox 3028 1188 3205 1239; x_wconf 90' lang='lat' dir='ltr'>esse</span> <span class='ocrx_word' id='word_1_271' title='bbox 3264 1171 3530 1260; x_wconf 90' lang='lat' dir='ltr'>potest</span> 
     </span>
     <span class='ocr_line' id='line_1_60' title="bbox 1988 1280 3534 1374; baseline 0.005 -24"><span class='ocrx_word' id='word_1_272' title='bbox 1988 1280 2440 1353; x_wconf 88' lang='lat' dir='ltr'>intellectui</span> <span class='ocrx_word' id='word_1_273' title='bbox 2478 1282 2554 1353; x_wconf 92' lang='lat' dir='ltr'>in</span> <span class='ocrx_word' id='word_1_274' title='bbox 2598 1283 2917 1357; x_wconf 89' lang='lat' dir='ltr'>ratione</span> <span class='ocrx_word' id='word_1_275' title='bbox 2959 1283 3293 1374; x_wconf 79' lang='lat' dir='ltr'>cogniti,</span> <span class='ocrx_word' id='word_1_276' title='bbox 3363 1285 3534 1357; x_wconf 91' lang='lat' dir='ltr'>ideo</span> 
     </span>
     <span class='ocr_line' id='line_1_61' title="bbox 1991 1395 3531 1488; baseline 0.002 -21"><span class='ocrx_word' id='word_1_277' title='bbox 1991 1395 2255 1484; x_wconf 88' lang='lat' dir='ltr'>magis</span> <span class='ocrx_word' id='word_1_278' title='bbox 2312 1400 2579 1488; x_wconf 88' lang='lat' dir='ltr'>potest</span> <span class='ocrx_word' id='word_1_279' title='bbox 2633 1419 2961 1470; x_wconf 86' lang='lat' dir='ltr'>movere</span> <span class='ocrx_word' id='word_1_280' title='bbox 3024 1397 3531 1471; x_wconf 82' lang='lat' dir='ltr'>intellectum</span> 
     </span>
     <span class='ocr_line' id='line_1_62' title="bbox 1992 1496 3532 1607; baseline 0.004 -26"><span class='ocrx_word' id='word_1_281' title='bbox 1992 1533 2232 1605; x_wconf 89' lang='lat' dir='ltr'>quam</span> <span class='ocrx_word' id='word_1_282' title='bbox 2267 1496 2451 1606; x_wconf 69' lang='lat' dir='ltr'>ejus⁸</span> <span class='ocrx_word' id='word_1_283' title='bbox 2477 1515 2821 1607; x_wconf 85' lang='lat' dir='ltr'>species;</span> <span class='ocrx_word' id='word_1_284' title='bbox 2854 1516 3233 1588; x_wconf 86' lang='lat' dir='ltr'>sensibile</span> <span class='ocrx_word' id='word_1_285' title='bbox 3259 1521 3532 1591; x_wconf 89' lang='lat' dir='ltr'>autem</span> 
     </span>
    </p>

    <p class='ocr_par' dir='ltr' id='par_1_19' title="bbox 1990 1633 3532 1842">
     <span class='ocr_line' id='line_1_63' title="bbox 1990 1633 3532 1725; baseline 0.002 -24"><span class='ocrx_word' id='word_1_286' title='bbox 1990 1652 2167 1702; x_wconf 91' lang='lat' dir='ltr'>esse</span> <span class='ocrx_word' id='word_1_287' title='bbox 2196 1652 2338 1723; x_wconf 88' lang='lat' dir='ltr'>per</span> <span class='ocrx_word' id='word_1_288' title='bbox 2363 1653 2444 1703; x_wconf 91' lang='lat' dir='ltr'>se</span> <span class='ocrx_word' id='word_1_289' title='bbox 2470 1652 2627 1703; x_wconf 94' lang='lat' dir='ltr'>non</span> <span class='ocrx_word' id='word_1_290' title='bbox 2657 1637 2926 1725; x_wconf 90' lang='lat' dir='ltr'>potest</span> <span class='ocrx_word' id='word_1_291' title='bbox 2950 1633 3030 1705; x_wconf 89' lang='lat' dir='ltr'>in</span> <span class='ocrx_word' id='word_1_292' title='bbox 3065 1634 3532 1725; x_wconf 90' lang='lat' dir='ltr'>sensu,quia</span> 
     </span>
     <span class='ocr_line' id='line_1_64' title="bbox 1996 1749 3529 1842; baseline 0.001 -23"><span class='ocrx_word' id='word_1_293' title='bbox 1996 1750 2319 1838; x_wconf 88' lang='lat' dir='ltr'>oportet</span> <span class='ocrx_word' id='word_1_294' title='bbox 2354 1750 2562 1840; x_wconf 89' lang='lat' dir='ltr'>quod</span> <span class='ocrx_word' id='word_1_295' title='bbox 2593 1749 3123 1841; x_wconf 83' lang='lat' dir='ltr'>imprimatur</span> <span class='ocrx_word' id='word_1_296' title='bbox 3175 1750 3529 1842; x_wconf 88' lang='lat' dir='ltr'>species;</span> 
     </span>
    </p>

    <p class='ocr_par' dir='ltr' id='par_1_20' title="bbox 1994 1865 3536 1961">
     <span class='ocr_line' id='line_1_65' title="bbox 1994 1865 3536 1961; baseline 0.005 -26"><span class='ocrx_word' id='word_1_297' title='bbox 1994 1865 2156 1938; x_wconf 86' lang='lat' dir='ltr'>alia</span> <span class='ocrx_word' id='word_1_298' title='bbox 2196 1870 2321 1940; x_wconf 91' lang='lat' dir='ltr'>est</span> <span class='ocrx_word' id='word_1_299' title='bbox 2361 1867 2609 1940; x_wconf 90' lang='lat' dir='ltr'>etiam</span> <span class='ocrx_word' id='word_1_300' title='bbox 2662 1869 2904 1950; x_wconf 87' lang='lat' dir='ltr'>ratio,</span> <span class='ocrx_word' id='word_1_301' title='bbox 2945 1888 3119 1960; x_wconf 79' lang='lat' dir='ltr'>quae</span> <span class='ocrx_word' id='word_1_302' title='bbox 3163 1869 3241 1940; x_wconf 92' lang='lat' dir='ltr'>in</span> <span class='ocrx_word' id='word_1_303' title='bbox 3301 1873 3536 1961; x_wconf 84' lang='lat' dir='ltr'>parte</span> 
     </span>
    </p>

    <p class='ocr_par' dir='ltr' id='par_1_21' title="bbox 1996 1983 3541 2192">
     <span class='ocr_line' id='line_1_66' title="bbox 1996 1983 3535 2074; baseline -0.001 -18"><span class='ocrx_word' id='word_1_304' title='bbox 1996 1985 2220 2056; x_wconf 88' lang='lat' dir='ltr'>tacta</span> <span class='ocrx_word' id='word_1_305' title='bbox 2251 1987 2400 2064; x_wconf 90' lang='lat' dir='ltr'>est,</span> <span class='ocrx_word' id='word_1_306' title='bbox 2449 1983 2634 2074; x_wconf 88' lang='lat' dir='ltr'>quia</span> <span class='ocrx_word' id='word_1_307' title='bbox 2677 1985 3015 2068; x_wconf 88' lang='lat' dir='ltr'>scilicet,</span> <span class='ocrx_word' id='word_1_308' title='bbox 3073 1985 3535 2059; x_wconf 89' lang='lat' dir='ltr'>intellectus</span> 
     </span>
     <span class='ocr_line' id='line_1_67' title="bbox 1998 2098 3541 2192; baseline 0.003 -24"><span class='ocrx_word' id='word_1_309' title='bbox 1998 2098 2259 2188; x_wconf 87' lang='lat' dir='ltr'>magis</span> <span class='ocrx_word' id='word_1_310' title='bbox 2328 2098 2733 2172; x_wconf 86' lang='lat' dir='ltr'>assimilat</span> <span class='ocrx_word' id='word_1_311' title='bbox 2802 2099 3208 2191; x_wconf 73' lang='lat' dir='ltr'>objectum</span> <span class='ocrx_word' id='word_1_312' title='bbox 3269 2106 3541 2192; x_wconf 88' lang='lat' dir='ltr'>poten·</span> 
     </span>
    </p>

    <p class='ocr_par' dir='ltr' id='par_1_22' title="bbox 1999 2213 3541 2308">
     <span class='ocr_line' id='line_1_68' title="bbox 1999 2213 3541 2308; baseline 0.001 -20"><span class='ocrx_word' id='word_1_313' title='bbox 1999 2213 2157 2296; x_wconf 81' lang='lat' dir='ltr'>tiae,</span> <span class='ocrx_word' id='word_1_314' title='bbox 2205 2235 2447 2306; x_wconf 86' lang='lat' dir='ltr'>quam</span> <span class='ocrx_word' id='word_1_315' title='bbox 2489 2214 2798 2288; x_wconf 87' lang='lat' dir='ltr'>faceret</span> <span class='ocrx_word' id='word_1_316' title='bbox 2835 2216 3010 2307; x_wconf 89' lang='lat' dir='ltr'>ipsa</span> <span class='ocrx_word' id='word_1_317' title='bbox 3062 2216 3397 2308; x_wconf 81' lang='lat' dir='ltr'>specieS,</span> <span class='ocrx_word' id='word_1_318' title='bbox 3460 2221 3541 2291; x_wconf 91' lang='lat' dir='ltr'>et</span> 
     </span>
    </p>

    <p class='ocr_par' dir='ltr' id='par_1_23' title="bbox 1997 2328 3538 2426">
     <span class='ocr_line' id='line_1_69' title="bbox 1997 2328 3538 2426; baseline 0.004 -26"><span class='ocrx_word' id='word_1_319' title='bbox 1997 2328 2147 2402; x_wconf 89' lang='lat' dir='ltr'>hoe</span> <span class='ocrx_word' id='word_1_320' title='bbox 2212 2330 2290 2401; x_wconf 91' lang='lat' dir='ltr'>in</span> <span class='ocrx_word' id='word_1_321' title='bbox 2354 2331 2674 2406; x_wconf 89' lang='lat' dir='ltr'>ratione</span> <span class='ocrx_word' id='word_1_322' title='bbox 2717 2332 3053 2423; x_wconf 82' lang='lat' dir='ltr'>cogniti,</span> <span class='ocrx_word' id='word_1_323' title='bbox 3136 2333 3324 2424; x_wconf 89' lang='lat' dir='ltr'>quia</span> <span class='ocrx_word' id='word_1_324' title='bbox 3369 2355 3538 2426; x_wconf 89' lang='lat' dir='ltr'>spe-</span> 
     </span>
    </p>

    <p class='ocr_par' dir='ltr' id='par_1_24' title="bbox 1997 2447 3539 2542">
     <span class='ocr_line' id='line_1_70' title="bbox 1997 2447 3539 2542; baseline 0.002 -24"><span class='ocrx_word' id='word_1_325' title='bbox 1997 2447 2161 2519; x_wconf 83' lang='lat' dir='ltr'>cies</span> <span class='ocrx_word' id='word_1_326' title='bbox 2197 2448 2461 2521; x_wconf 89' lang='lat' dir='ltr'>solum</span> <span class='ocrx_word' id='word_1_327' title='bbox 2486 2449 2891 2522; x_wconf 87' lang='lat' dir='ltr'>assimilat</span> <span class='ocrx_word' id='word_1_328' title='bbox 2923 2449 3001 2521; x_wconf 92' lang='lat' dir='ltr'>in</span> <span class='ocrx_word' id='word_1_329' title='bbox 3026 2449 3346 2523; x_wconf 90' lang='lat' dir='ltr'>ratione</span> <span class='ocrx_word' id='word_1_330' title='bbox 3371 2471 3539 2542; x_wconf 90' lang='lat' dir='ltr'>spe-</span> 
     </span>
    </p>

    <p class='ocr_par' dir='ltr' id='par_1_25' title="bbox 1996 2564 3542 2659">
     <span class='ocr_line' id='line_1_71' title="bbox 1996 2564 3542 2659; baseline 0 -23"><span class='ocrx_word' id='word_1_331' title='bbox 1996 2564 2201 2643; x_wconf 88' lang='lat' dir='ltr'>culi;</span> <span class='ocrx_word' id='word_1_332' title='bbox 2251 2565 2669 2656; x_wconf 86' lang='lat' dir='ltr'>speculum</span> <span class='ocrx_word' id='word_1_333' title='bbox 2738 2565 2952 2637; x_wconf 91' lang='lat' dir='ltr'>enim</span> <span class='ocrx_word' id='word_1_334' title='bbox 2997 2586 3140 2657; x_wconf 92' lang='lat' dir='ltr'>per</span> <span class='ocrx_word' id='word_1_335' title='bbox 3191 2565 3542 2659; x_wconf 88' lang='lat' dir='ltr'>speeiem</span> 
     </span>
    </p>

    <p class='ocr_par' dir='ltr' id='par_1_26' title="bbox 1996 2681 3544 2773">
     <span class='ocr_line' id='line_1_72' title="bbox 1996 2681 3544 2773; baseline 0.001 -22"><span class='ocrx_word' id='word_1_336' title='bbox 1996 2684 2120 2753; x_wconf 90' lang='lat' dir='ltr'>est</span> <span class='ocrx_word' id='word_1_337' title='bbox 2157 2681 2472 2772; x_wconf 85' lang='lat' dir='ltr'>objecto</span> <span class='ocrx_word' id='word_1_338' title='bbox 2518 2681 2783 2753; x_wconf 89' lang='lat' dir='ltr'>simile</span> <span class='ocrx_word' id='word_1_339' title='bbox 2845 2681 2923 2752; x_wconf 93' lang='lat' dir='ltr'>in</span> <span class='ocrx_word' id='word_1_340' title='bbox 2996 2681 3313 2755; x_wconf 86' lang='lat' dir='ltr'>ratione</span> <span class='ocrx_word' id='word_1_341' title='bbox 3374 2701 3544 2773; x_wconf 90' lang='lat' dir='ltr'>spe-</span> 
     </span>
    </p>

    <p class='ocr_par' dir='ltr' id='par_1_27' title="bbox 1997 2796 3526 2888">
     <span class='ocr_line' id='line_1_73' title="bbox 1997 2796 3526 2888; baseline -0.001 -18"><span class='ocrx_word' id='word_1_342' title='bbox 1997 2796 2185 2877; x_wconf 84' lang='lat' dir='ltr'>culi,</span> <span class='ocrx_word' id='word_1_343' title='bbox 2233 2819 2390 2870; x_wconf 93' lang='lat' dir='ltr'>non</span> <span class='ocrx_word' id='word_1_344' title='bbox 2446 2799 2524 2868; x_wconf 89' lang='lat' dir='ltr'>in</span> <span class='ocrx_word' id='word_1_345' title='bbox 2570 2797 2890 2871; x_wconf 90' lang='lat' dir='ltr'>ratione</span> <span class='ocrx_word' id='word_1_346' title='bbox 2931 2798 3526 2888; x_wconf 86' lang='lat' dir='ltr'>cognoscentis,</span> 
     </span>
    </p>

    <p class='ocr_par' dir='ltr' id='par_1_28' title="bbox 1996 2913 3541 3240">
     <span class='ocr_line' id='line_1_74' title="bbox 1996 2913 3541 3006; baseline 0.001 -21"><span class='ocrx_word' id='word_1_347' title='bbox 1996 2917 2075 2985; x_wconf 88' lang='lat' dir='ltr'>et</span> <span class='ocrx_word' id='word_1_348' title='bbox 2149 2913 2319 2985; x_wconf 90' lang='lat' dir='ltr'>idco</span> <span class='ocrx_word' id='word_1_349' title='bbox 2388 2934 2547 2984; x_wconf 92' lang='grc'>000</span> <span class='ocrx_word' id='word_1_350' title='bbox 2611 2918 2938 3004; x_wconf 86' lang='lat' dir='ltr'>oportet</span> <span class='ocrx_word' id='word_1_351' title='bbox 2978 2914 3271 2997; x_wconf 87' lang='lat' dir='ltr'>dicere,</span> <span class='ocrx_word' id='word_1_352' title='bbox 3339 2915 3541 3006; x_wconf 87' lang='lat' dir='ltr'>quod</span> 
     </span>
     <span class='ocr_line' id='line_1_75' title="bbox 2002 3030 3540 3106; baseline 0.001 -6"><span class='ocrx_word' id='word_1_353' title='bbox 2002 3031 2320 3103; x_wconf 88' lang='lat' dir='ltr'>ratione</span> <span class='ocrx_word' id='word_1_354' title='bbox 2379 3030 3005 3103; x_wconf 84' lang='lat' dir='ltr'>assimilationis</span> <span class='ocrx_word' id='word_1_355' title='bbox 3081 3031 3540 3106; x_wconf 87' lang='lat' dir='ltr'>intellectus</span> 
     </span>
     <span class='ocr_line' id='line_1_76' title="bbox 1996 3145 3134 3240; baseline -0.001 -22"><span class='ocrx_word' id='word_1_356' title='bbox 1996 3146 2269 3240; x_wconf 86' lang='lat' dir='ltr'>aliqua</span> <span class='ocrx_word' id='word_1_357' title='bbox 2306 3145 2573 3238; x_wconf 88' lang='lat' dir='ltr'>specie</span> <span class='ocrx_word' id='word_1_358' title='bbox 2616 3146 3134 3221; x_wconf 87' lang='lat' dir='ltr'>informetur.</span> 
     </span>
    </p>

    <p class='ocr_par' dir='ltr' id='par_1_29' title="bbox 1998 3264 3870 4522">
     <span class='ocr_line' id='line_1_77' title="bbox 2084 3264 3743 3359; baseline 0.001 -23"><span class='ocrx_word' id='word_1_359' title='bbox 2084 3264 2358 3337; x_wconf 78' lang='lat' dir='ltr'>Adhuc</span> <span class='ocrx_word' id='word_1_360' title='bbox 2401 3264 2636 3338; x_wconf 86' lang='lat' dir='ltr'>habet</span> <span class='ocrx_word' id='word_1_361' title='bbox 2691 3265 2848 3339; x_wconf 89' lang='lat' dir='ltr'>ista</span> <span class='ocrx_word' id='word_1_362' title='bbox 2891 3266 3190 3358; x_wconf 91' lang='lat' dir='ltr'>positio</span> <span class='ocrx_word' id='word_1_363' title='bbox 3235 3272 3538 3359; x_wconf 83' lang='lat' dir='ltr'>praeter</span> <span class='ocrx_word' id='word_1_364' title='bbox 3666 3282 3743 3358; x_wconf 51' lang='lat'>1‚¹.</span> 
     </span>
     <span class='ocr_line' id='line_1_78' title="bbox 1999 3347 3870 3473; baseline 0.001 -19"><span class='ocrx_word' id='word_1_365' title='bbox 1999 3382 2227 3463; x_wconf 83' lang='lat' dir='ltr'>istas,</span> <span class='ocrx_word' id='word_1_366' title='bbox 2304 3380 2838 3473; x_wconf 84' lang='lat' dir='ltr'>multiplicem</span> <span class='ocrx_word' id='word_1_367' title='bbox 2891 3382 3294 3456; x_wconf 89' lang='lat' dir='ltr'>rationem</span> <span class='ocrx_word' id='word_1_368' title='bbox 3348 3407 3362 3449; x_wconf 91' lang='lat'>:</span> <span class='ocrx_word' id='word_1_369' title='bbox 3408 3403 3541 3455; x_wconf 85' lang='lat' dir='ltr'>ar-</span> <span class='ocrx_word' id='word_1_370' title='bbox 3584 3347 3870 3472; x_wconf 45' lang='lat' dir='ltr'>52¹3ssss-</span> 
     </span>
     <span class='ocr_line' id='line_1_79' title="bbox 1998 3478 3794 3588; baseline 0.003 -20"><span class='ocrx_word' id='word_1_371' title='bbox 1998 3497 2172 3588; x_wconf 82' lang='lat' dir='ltr'>guit</span> <span class='ocrx_word' id='word_1_372' title='bbox 2214 3497 2427 3569; x_wconf 90' lang='lat' dir='ltr'>enim</span> <span class='ocrx_word' id='word_1_373' title='bbox 2465 3497 2579 3570; x_wconf 91' lang='lat' dir='ltr'>sic</span> <span class='ocrx_word' id='word_1_374' title='bbox 2619 3524 2632 3565; x_wconf 76' lang='grc' dir='ltr'>ε</span> <span class='ocrx_word' id='word_1_375' title='bbox 2673 3498 3146 3571; x_wconf 86' lang='lat' dir='ltr'>Intellectus</span> <span class='ocrx_word' id='word_1_376' title='bbox 3176 3498 3266 3569; x_wconf 90' lang='lat' dir='ltr'>de</span> <span class='ocrx_word' id='word_1_377' title='bbox 3301 3520 3384 3570; x_wconf 90' lang='lat' dir='ltr'>se</span> <span class='ocrx_word' id='word_1_378' title='bbox 3416 3504 3542 3574; x_wconf 88' lang='lat' dir='ltr'>est</span> <span class='ocrx_word' id='word_1_379' title='bbox 3663 3478 3794 3521; x_wconf 70' lang='lat'>‘²⁰²⁴‘</span> 
     </span>
     <span class='ocr_line' id='line_1_80' title="bbox 2000 3615 3540 3705; baseline 0.003 -21"><span class='ocrx_word' id='word_1_380' title='bbox 2000 3615 2395 3705; x_wconf 85' lang='lat' dir='ltr'>quoddam</span> <span class='ocrx_word' id='word_1_381' title='bbox 2488 3615 2998 3705; x_wconf 80' lang='lat' dir='ltr'>intelligibile</span> <span class='ocrx_word' id='word_1_382' title='bbox 3076 3615 3296 3688; x_wconf 90' lang='lat' dir='ltr'>nullo</span> <span class='ocrx_word' id='word_1_383' title='bbox 3379 3615 3540 3690; x_wconf 90' lang='lat' dir='ltr'>alio</span> 
     </span>
     <span class='ocr_line' id='line_1_81' title="bbox 2001 3730 3539 3823; baseline 0.001 -21"><span class='ocrx_word' id='word_1_384' title='bbox 2001 3730 2519 3813; x_wconf 88' lang='lat' dir='ltr'>informatus,</span> <span class='ocrx_word' id='word_1_385' title='bbox 2567 3732 2979 3823; x_wconf 88' lang='lat' dir='ltr'>nihiloque</span> <span class='ocrx_word' id='word_1_386' title='bbox 3036 3732 3188 3805; x_wconf 89' lang='lat' dir='ltr'>sibi</span> <span class='ocrx_word' id='word_1_387' title='bbox 3221 3732 3486 3806; x_wconf 89' lang='lat' dir='ltr'>addito</span> <span class='ocrx_word' id='word_1_388' title='bbox 3525 3758 3539 3813; x_wconf 90' lang='grc'>;</span> 
     </span>
     <span class='ocr_line' id='line_1_82' title="bbox 1999 3848 3544 3942; baseline 0 -21"><span class='ocrx_word' id='word_1_389' title='bbox 1999 3868 2199 3938; x_wconf 86' lang='lat' dir='ltr'>ergo</span> <span class='ocrx_word' id='word_1_390' title='bbox 2226 3850 2503 3921; x_wconf 88' lang='lat' dir='ltr'>eadem</span> <span class='ocrx_word' id='word_1_391' title='bbox 2541 3848 2860 3928; x_wconf 82' lang='lat' dir='ltr'>ratione</span> <span class='ocrx_word' id='word_1_392' title='bbox 2887 3848 3046 3922; x_wconf 92' lang='lat' dir='ltr'>erit</span> <span class='ocrx_word' id='word_1_393' title='bbox 3080 3848 3544 3942; x_wconf 87' lang='lat' dir='ltr'>intelligens</span> 
     </span>
     <span class='ocr_line' id='line_1_83' title="bbox 2000 3964 3546 4057; baseline 0.002 -21"><span class='ocrx_word' id='word_1_394' title='bbox 2000 3966 2301 4056; x_wconf 87' lang='lat' dir='ltr'>absque</span> <span class='ocrx_word' id='word_1_395' title='bbox 2372 3966 2645 4057; x_wconf 89' lang='lat' dir='ltr'>aliqua</span> <span class='ocrx_word' id='word_1_396' title='bbox 2726 3964 3328 4047; x_wconf 83' lang='lat' dir='ltr'>informatione,</span> <span class='ocrx_word' id='word_1_397' title='bbox 3411 3988 3546 4039; x_wconf 91' lang='lat' dir='ltr'>seu</span> 
     </span>
     <span class='ocr_line' id='line_1_84' title="bbox 2000 4081 3545 4174; baseline 0.001 -22"><span class='ocrx_word' id='word_1_398' title='bbox 2000 4081 2671 4174; x_wconf 85' lang='lat' dir='ltr'>apprehensione.</span> <span class='ocrx_word' id='word_1_399' title='bbox 2745 4082 3340 4173; x_wconf 85' lang='lat' dir='ltr'>Consequentia</span> <span class='ocrx_word' id='word_1_400' title='bbox 3416 4102 3545 4174; x_wconf 88' lang='lat' dir='ltr'>pa-</span> 
     </span>
     <span class='ocr_line' id='line_1_85' title="bbox 2002 4195 3545 4288; baseline -0.001 -20"><span class='ocrx_word' id='word_1_401' title='bbox 2002 4200 2119 4270; x_wconf 89' lang='lat' dir='ltr'>tet</span> <span class='ocrx_word' id='word_1_402' title='bbox 2173 4219 2185 4260; x_wconf 91' lang='lat'>:</span> <span class='ocrx_word' id='word_1_403' title='bbox 2236 4196 2422 4288; x_wconf 86' lang='lat' dir='ltr'>quia</span> <span class='ocrx_word' id='word_1_404' title='bbox 2475 4198 2748 4268; x_wconf 83' lang='lat' dir='ltr'>eadem</span> <span class='ocrx_word' id='word_1_405' title='bbox 2798 4200 2922 4270; x_wconf 90' lang='lat' dir='ltr'>est</span> <span class='ocrx_word' id='word_1_406' title='bbox 2983 4196 3199 4271; x_wconf 88' lang='lat' dir='ltr'>ratio</span> <span class='ocrx_word' id='word_1_407' title='bbox 3256 4195 3545 4270; x_wconf 89' lang='lat' dir='ltr'>intelli-</span> 
     </span>
     <span class='ocr_line' id='line_1_86' title="bbox 2001 4311 3547 4402; baseline 0.003 -20"><span class='ocrx_word' id='word_1_408' title='bbox 2001 4311 2274 4401; x_wconf 85' lang='lat' dir='ltr'>gibilis</span> <span class='ocrx_word' id='word_1_409' title='bbox 2309 4317 2388 4386; x_wconf 87' lang='lat' dir='ltr'>et</span> <span class='ocrx_word' id='word_1_410' title='bbox 2439 4312 3000 4402; x_wconf 88' lang='lat' dir='ltr'>intelligentis,</span> <span class='ocrx_word' id='word_1_411' title='bbox 3076 4312 3393 4387; x_wconf 90' lang='lat' dir='ltr'>scilieet</span> <span class='ocrx_word' id='word_1_412' title='bbox 3427 4334 3547 4386; x_wconf 92' lang='lat' dir='ltr'>se-</span> 
     </span>
     <span class='ocr_line' id='line_1_87' title="bbox 2006 4428 2838 4522; baseline 0.001 -25"><span class='ocrx_word' id='word_1_413' title='bbox 2006 4429 2328 4522; x_wconf 85' lang='lat' dir='ltr'>paratio</span> <span class='ocrx_word' id='word_1_414' title='bbox 2374 4448 2419 4499; x_wconf 86' lang='lat' dir='ltr'>a</span> <span class='ocrx_word' id='word_1_415' title='bbox 2465 4428 2838 4501; x_wconf 88' lang='lat' dir='ltr'>materia.</span> 
     </span>
    </p>

    <p class='ocr_par' dir='ltr' id='par_1_30' title="bbox 2004 4545 3903 5683">
     <span class='ocr_line' id='line_1_88' title="bbox 2091 4545 3903 4638; baseline 0.002 -22"><span class='ocrx_word' id='word_1_416' title='bbox 2091 4548 2323 4627; x_wconf 90' lang='lat' dir='ltr'>Item,</span> <span class='ocrx_word' id='word_1_417' title='bbox 2370 4545 2438 4618; x_wconf 93' lang='lat' dir='ltr'>si</span> <span class='ocrx_word' id='word_1_418' title='bbox 2494 4546 2584 4617; x_wconf 91' lang='lat' dir='ltr'>de</span> <span class='ocrx_word' id='word_1_419' title='bbox 2638 4546 2956 4619; x_wconf 88' lang='lat' dir='ltr'>ratione</span> <span class='ocrx_word' id='word_1_420' title='bbox 3015 4546 3550 4638; x_wconf 86' lang='lat' dir='ltr'>intelligentis</span> <span class='ocrx_word' id='word_1_421' title='bbox 3580 4550 3903 4600; x_wconf 76' lang='lat' dir='ltr'>Secundum.</span> 
     </span>
     <span class='ocr_line' id='line_1_89' title="bbox 2005 4661 3547 4755; baseline 0.001 -20"><span class='ocrx_word' id='word_1_422' title='bbox 2005 4665 2485 4753; x_wconf 86' lang='lat' dir='ltr'>inquantum</span> <span class='ocrx_word' id='word_1_423' title='bbox 2542 4661 3034 4753; x_wconf 85' lang='lat' dir='ltr'>intelligens,</span> <span class='ocrx_word' id='word_1_424' title='bbox 3081 4667 3207 4736; x_wconf 88' lang='lat' dir='ltr'>est</span> <span class='ocrx_word' id='word_1_425' title='bbox 3250 4683 3395 4755; x_wconf 90' lang='lat' dir='ltr'>per</span> <span class='ocrx_word' id='word_1_426' title='bbox 3439 4664 3547 4736; x_wconf 91' lang='lat' dir='ltr'>in-</span> 
     </span>
     <span class='ocr_line' id='line_1_90' title="bbox 2004 4776 3552 4870; baseline 0.001 -20"><span class='ocrx_word' id='word_1_427' title='bbox 2004 4778 2583 4850; x_wconf 79' lang='lat' dir='ltr'>formationem</span> <span class='ocrx_word' id='word_1_428' title='bbox 2621 4776 3117 4867; x_wconf 88' lang='lat' dir='ltr'>intelligere;</span> <span class='ocrx_word' id='word_1_429' title='bbox 3155 4798 3355 4870; x_wconf 86' lang='lat' dir='ltr'>ergo</span> <span class='ocrx_word' id='word_1_430' title='bbox 3391 4801 3552 4852; x_wconf 92' lang='lat' dir='ltr'>om-</span> 
     </span>
     <span class='ocr_line' id='line_1_91' title="bbox 2004 4894 3550 4986; baseline 0.001 -19"><span class='ocrx_word' id='word_1_431' title='bbox 2004 4895 2129 4967; x_wconf 86' lang='lat' dir='ltr'>nis</span> <span class='ocrx_word' id='word_1_432' title='bbox 2185 4894 2648 4984; x_wconf 84' lang='lat' dir='ltr'>intelligens</span> <span class='ocrx_word' id='word_1_433' title='bbox 2697 4914 2838 4986; x_wconf 92' lang='lat' dir='ltr'>per</span> <span class='ocrx_word' id='word_1_434' title='bbox 2884 4894 3550 4971; x_wconf 87' lang='lat' dir='ltr'>informationem</span> 
     </span>
     <span class='ocr_line' id='line_1_92' title="bbox 2009 5010 3552 5101; baseline 0.003 -20"><span class='ocrx_word' id='word_1_435' title='bbox 2009 5010 2396 5101; x_wconf 88' lang='lat' dir='ltr'>intelligit</span> <span class='ocrx_word' id='word_1_436' title='bbox 2430 5034 2444 5089; x_wconf 90' lang='lat'><strong>;</strong></span> <span class='ocrx_word' id='word_1_437' title='bbox 2482 5031 2681 5101; x_wconf 85' lang='lat' dir='ltr'>ergo</span> <span class='ocrx_word' id='word_1_438' title='bbox 2716 5010 3179 5086; x_wconf 87' lang='lat' dir='ltr'>intellectus</span> <span class='ocrx_word' id='word_1_439' title='bbox 3211 5013 3552 5095; x_wconf 90' lang='lat' dir='ltr'>divinus,</span> 
     </span>
     <span class='ocr_line' id='line_1_93' title="bbox 2009 5125 3556 5220; baseline 0.005 -23"><span class='ocrx_word' id='word_1_440' title='bbox 2009 5128 2215 5218; x_wconf 82' lang='grc' dir='ltr'>(10οε1</span> <span class='ocrx_word' id='word_1_441' title='bbox 2276 5132 2399 5200; x_wconf 89' lang='lat' dir='ltr'>est</span> <span class='ocrx_word' id='word_1_442' title='bbox 2441 5125 2767 5198; x_wconf 90' lang='lat' dir='ltr'>falsum.</span> <span class='ocrx_word' id='word_1_443' title='bbox 2822 5128 3053 5202; x_wconf 85' lang='lat' dir='ltr'>Patet</span> <span class='ocrx_word' id='word_1_444' title='bbox 3098 5149 3263 5220; x_wconf 63' lang='lat' dir='ltr'>prce</span> <span class='ocrx_word' id='word_1_445' title='bbox 3305 5134 3556 5211; x_wconf 88' lang='lat' dir='ltr'>terea,</span> 
     </span>
     <span class='ocr_line' id='line_1_94' title="bbox 2009 5242 3561 5336; baseline 0.003 -21"><span class='ocrx_word' id='word_1_446' title='bbox 2009 5243 2078 5315; x_wconf 91' lang='lat' dir='ltr'>si</span> <span class='ocrx_word' id='word_1_447' title='bbox 2112 5243 2487 5335; x_wconf 86' lang='lat' dir='ltr'>quidquid</span> <span class='ocrx_word' id='word_1_448' title='bbox 2535 5242 2920 5334; x_wconf 87' lang='lat' dir='ltr'>intelligit</span> <span class='ocrx_word' id='word_1_449' title='bbox 2993 5264 3135 5336; x_wconf 88' lang='lat' dir='ltr'>per</span> <span class='ocrx_word' id='word_1_450' title='bbox 3178 5244 3561 5319; x_wconf 88' lang='lat' dir='ltr'>informa·</span> 
     </span>
     <span class='ocr_line' id='line_1_95' title="bbox 2012 5360 3557 5454; baseline 0.001 -20"><span class='ocrx_word' id='word_1_451' title='bbox 2012 5361 2318 5434; x_wconf 89' lang='lat' dir='ltr'>tionem</span> <span class='ocrx_word' id='word_1_452' title='bbox 2356 5360 2774 5448; x_wconf 78' lang='lat' dir='ltr'>intelligit3</span> <span class='ocrx_word' id='word_1_453' title='bbox 2848 5380 3045 5449; x_wconf 85' lang='lat' dir='ltr'>ergo</span> <span class='ocrx_word' id='word_1_454' title='bbox 3100 5383 3182 5432; x_wconf 88' lang='lat' dir='ltr'>se</span> <span class='ocrx_word' id='word_1_455' title='bbox 3266 5363 3557 5454; x_wconf 90' lang='lat' dir='ltr'>ipsum,</span> 
     </span>
     <span class='ocr_line' id='line_1_96' title="bbox 2012 5475 3564 5568; baseline 0.005 -23"><span class='ocrx_word' id='word_1_456' title='bbox 2012 5477 2218 5567; x_wconf 87' lang='lat' dir='ltr'>quod</span> <span class='ocrx_word' id='word_1_457' title='bbox 2251 5481 2376 5550; x_wconf 88' lang='lat' dir='ltr'>est</span> <span class='ocrx_word' id='word_1_458' title='bbox 2435 5475 2757 5555; x_wconf 88' lang='lat' dir='ltr'>falsum,</span> <span class='ocrx_word' id='word_1_459' title='bbox 2806 5497 2986 5548; x_wconf 84' lang='lat' dir='ltr'>cum</span> <span class='ocrx_word' id='word_1_460' title='bbox 3036 5477 3345 5568; x_wconf 88' lang='lat' dir='ltr'>speeies</span> <span class='ocrx_word' id='word_1_461' title='bbox 3401 5501 3564 5553; x_wconf 92' lang='lat' dir='ltr'>non</span> 
     </span>
     <span class='ocr_line' id='line_1_97' title="bbox 2016 5590 3567 5683; baseline 0.006 -22"><span class='ocrx_word' id='word_1_462' title='bbox 2016 5591 2515 5683; x_wconf 90' lang='lat' dir='ltr'>requiratur,</span> <span class='ocrx_word' id='word_1_463' title='bbox 2553 5590 2708 5661; x_wconf 88' lang='lat' dir='ltr'>nisi</span> <span class='ocrx_word' id='word_1_464' title='bbox 2742 5610 2889 5682; x_wconf 89' lang='lat' dir='ltr'>pro</span> <span class='ocrx_word' id='word_1_465' title='bbox 2902 5595 3082 5682; x_wconf 90' lang='lat' dir='ltr'>pter</span> <span class='ocrx_word' id='word_1_466' title='bbox 3105 5592 3567 5669; x_wconf 89' lang='lat' dir='ltr'>absentiam</span> 
     </span>
    </p>

    <p class='ocr_par' dir='ltr' id='par_1_31' title="bbox 3357 5733 3416 5783">
     <span class='ocr_line' id='line_1_98' title="bbox 3357 5733 3416 5783; baseline 0.017 -1"><span class='ocrx_word' id='word_1_467' title='bbox 3357 5733 3416 5783; x_wconf 74' lang='lat'>34</span> 
     </span>
    </p>
   </div>
  </div>
 </body>
</html>
