4252 6393
1829 442 2082 507 CAPUT
2129 446 2200 507 Η.

403 598 786 674 Quodlibeti,
822 617 900 663 ea
933 618 1083 681 quae
1137 601 1389 667 faciunt
1419 605 1504 667 ad
1534 609 1942 684 propositum

395 706 498 768 liic
555 706 826 785 optime.
875 710 1060 772 Unde
1138 711 1420 774 breviter
1491 711 1937 791 dependentia

396 815 787 890 essentialis,
819 816 1204 897 simpliciter
1231 825 1488 883 tantum
1522 827 1619 884 est
1661 821 1745 884 ad
1778 840 1930 888 cau-

390 937 531 982 sam
562 926 866 1000 primam,
899 925 1237 1005 loquendo
1285 926 1368 988 de
1401 928 1783 992 causalitate
1825 947 1933 993 ex-

390 1028 698 1103 trinseca,
740 1032 1111 1095 secundum
1170 1035 1328 1112 quid
1386 1051 1539 1096 vero
1614 1035 1698 1098 ad
1772 1039 1932 1100 alias

389 1150 614 1199 causas
644 1144 863 1214 potest
892 1143 1066 1218 poni.
1100 1139 1260 1203 Vide
1312 1142 1399 1203 12.
1435 1143 1705 1204 distinet.
1762 1146 1821 1205 4.
1868 1149 1933 1204 et

387 1245 559 1318 alibi,
594 1251 667 1307 ut
690 1248 882 1318 nosti,
921 1247 1103 1320 plura
1151 1247 1469 1311 addendo

890 1599 1217 1673 CAPUT
1319 1600 1408 1671 Il.

391 1786 480 1848 De
526 1783 729 1847 dietis
767 1792 1052 1868 quatuor
1094 1773 1539 1847 divisionibus
1585 1784 1927 1850 ostenden-

470 1909 576 1974 dis
622 1919 683 1972 et
734 1908 817 1973 de
864 1908 1180 1972 eoetremis
1232 1907 1565 1973 dictorum
1614 1909 1924 1976 ordinum

467 2025 916 2091 essentialium
964 2022 1458 2109 comparandis,

781 2218 1480 2290 CONCLUSIONES.

387 2391 446 2457 1.
543 2391 750 2456 Nulla
789 2393 1062 2458 omnino
1119 2415 1221 2458 res
1273 2399 1687 2463 essentialem
1745 2399 1926 2464 oreli-

646 2529 793 2572 nem
833 2509 1023 2574 habet
1053 2509 1145 2575 ad
1181 2533 1270 2576 se.

371 2624 434 2693 2.
531 2627 609 2692 In
690 2611 1089 2714 qnoeamqne
1135 2629 1372 2695 ordine
1426 2634 1764 2700 essentiali
1837 2646 1930 2700 est

643 2743 938 2808 circulus
970 2745 1428 2831 impossibilis.

375 2859 439 2926 3.
547 2858 737 2933 Quod
795 2880 926 2926 non
965 2872 1058 2927 est
1110 2866 1440 2948 posterius
1491 2869 1743 2952 priore,
1810 2890 1926 2935 nee

637 2977 1028 3061 posteriore.

381 3089 438 3158 1.
542 3091 732 3166 Quod
776 3113 910 3159 non
959 3106 1053 3159 est
1087 3097 1379 3177 finitum,
1426 3119 1560 3164 non
1599 3111 1689 3164 est
1730 3102 1921 3184 effec-

644 3220 802 3275 tam.

544 3324 733 3400 Qnod
782 3349 910 3392 non
958 3340 1049 3393 est
1079 3332 1406 3414 effectum,
1453 3356 1582 3399 non
1628 3346 1719 3399 est
1766 3338 1918 3419 sini-

641 3453 799 3510 tum.

371 3559 432 3625 6.
540 3558 729 3633 Quod
769 3581 902 3626 non
940 3573 1032 3626 est
1078 3565 1404 3648 effectam,
1461 3588 1590 3631 non
1641 3579 1732 3631 est
1773 3591 1914 3635 ma-

639 3682 736 3738 ter
745 3673 951 3739 iatum
966 3727 978 3739 .

373 3789 434 3857 7.
539 3789 728 3864 Quod
783 3811 920 3856 non
977 3803 1068 3857 est
1123 3795 1567 3873 materiatam,
1636 3816 1771 3862 non
1823 3811 1913 3863 est

635 3900 1025 3981 formatam.

369 4014 431 4082 8.
538 4015 727 4090 Quod
776 4037 908 4081 non
956 4029 1048 4082 est
1088 4030 1426 4084 causatum
1474 4043 1514 4085 a
1545 4024 1761 4087 causis
1801 4046 1910 4088 ιπε-

638 4134 961 4213 trinseeis‚
991 4155 1124 4199 non
1153 4145 1245 4200 est
1273 4148 1613 4202 causatum
1635 4161 1677 4204 a
1697 4143 1914 4205 causis

643 4250 1045 4315 intrinsecis.

367 4365 433 4433 9.
539 4365 838 4441 Qecatnor
864 4387 1108 4453 (fenera
1139 4389 1491 4434 causarum
1533 4372 1604 4437 in
1635 4393 1910 4439 cansan-

639 4482 724 4547 do
775 4481 950 4548 idem
989 4484 1431 4549 essentialiter
1476 4486 1905 4554 ordinantur.

369 4598 476 4669 10.
531 4598 610 4663 Si
648 4598 779 4663 duo
810 4610 1286 4684 comparantur
1313 4599 1404 4664 ad
1433 4601 1726 4667 eamdem
1760 4626 1910 4668 ean-

634 4736 778 4779 sam
830 4741 848 4779 .·
897 4724 1012 4779 ant
1069 4716 1278 4801 iqitar
1328 4719 1735 4800 prostituant,
1798 4733 1912 4784 ant

636 4843 973 4899 remotam.

373 3324 437 3391 :22¹

369 4952 476 5019 11.
522 4951 673 5015 Non
722 4971 913 5015 omne
959 4961 1302 5016 causatum
1366 4973 1578 5016 eausa?
1632 4956 1910 5039 propin·

634 5066 851 5152 quius,
883 5076 975 5131 est
997 5087 1198 5131 eausa
1221 5070 1479 5132 causati
1509 5070 1908 5136 remotioris.

364 5183 473 5251 12.
529 5182 724 5247 Nihil
790 5180 1120 5267 dependet
1189 5184 1634 5249 essentialiter
1697 5188 1835 5250 nisi
1872 5208 1915 5251 a

633 5318 855 5376 cansa,
893 5298 996 5362 vel
1036 5321 1077 5362 a
1127 5310 1394 5364 causato
1432 5303 1916 5388 propinquiore

635 5416 923 5502 alicujus
963 5437 1203 5483 cansa).

367 5534 476 5605 13.
533 5533 685 5598 Non
722 5554 914 5598 omne
964 5556 1303 5601 excessum
1340 5536 1665 5623 dependet
1704 5560 1917 5604 essen-

641 5650 896 5717 tialiter
926 5650 1005 5716 ab
1043 5652 1391 5718 eminente.

3477 471 3595 532 727

2063 611 2169 683 14.
2227 614 2371 680 Non
2405 640 2597 686 onme
2625 621 3000 709 dependens
3031 644 3123 696 est
3159 655 3490 702 eoeeessmn
3523 639 3603 703 ab
3646 699 3649 704 .

2322 735 2440 800 illo
2472 759 2513 801 a
2545 761 2670 824 qno
2710 742 3058 830 dependet.

2051 874 2158 942 15.
2223 877 2576 965 Nunquam
2602 886 2965 969 pluralitas
2990 895 3302 976 ponenda
3333 909 3424 960 est
3453 902 3597 965 sine

2319 999 2720 1067 necessitate.

2049 1133 2157 1202 16.
2221 1137 2426 1203 Omne
2462 1141 2727 1221 linitum
2771 1158 2861 1211 est
2893 1171 3247 1219 erres-snm.

2136 1364 2477 1436 Domine
2531 1369 2744 1438 Deus
2788 1377 3095 1453 noster,
3145 1376 3276 1465 qui
3322 1378 3587 1452 docto·
3746 1396 3796 1451 1.

2050 1501 2219 1550 rem
2280 1485 2824 1558 venerabilem
2887 1492 3431 1580 ,³i11g·1-1sti1111111
3498 1498 3587 1569 de

2047 1601 2122 1669 tc
2172 1599 2386 1670 trino
2441 1602 2749 1674 seriose
2806 1607 3295 1681 scribentem
3364 1612 3587 1685 infal-

2046 1714 2384 1787 libiliter
2414 1718 2783 1802 docuisti,
2833 1726 3036 1813 quod
3082 1725 3250 1816 ipse
3305 1728 3383 1798 in
3434 1732 3587 1821 pri-

2046 1854 2177 1904 mo
2211 1833 2301 1904 de
2336 1834 2623 1908 Trinit.
2665 1839 3022 1930 scripsit,
3060 1842 3354 1924 dicens,
3384 1852 3587 1915 Natta.

2042 1974 2146 2017 res
2168 1955 2440 2019 omnino
2473 1966 2589 2036 est,
2626 1978 2767 2041 quse
2796 1960 3076 2043 seipsam
3115 1965 3288 2027 ntse't
3316 1966 3585 2050 (liquat.-

2042 2088 2305 2138 nonne
2350 2072 2431 2138 tu
2470 2070 2697 2141 nobis
2740 2093 2963 2163 aeque
2998 2076 3589 2152 certitudinali-

2042 2192 2170 2261 ter
2214 2187 2708 2276 impressisti
2754 2189 2957 2263 hane
3002 2193 3345 2267 similem
3384 2200 3588 2270 veri-

2039 2310 2319 2377 tatem.

2138 2427 2327 2503 Quod
2402 2430 2589 2493 nulla
2662 2432 2932 2494 omnino
3004 2453 3102 2495 res
3168 2438 3581 2503 essentialem
3613 2445 3848 2497 conclus.
3885 2449 3926 2499 1.

2042 2545 2342 2610 ordinem
2377 2546 2565 2610 habet
2605 2547 2693 2611 (al
2722 2547 2836 2612 se?

2134 2661 2340 2730 Nam
2390 2660 2481 2729 de
2535 2662 2811 2732 ordine
2867 2664 3349 2742 eminentiae,
3399 2667 3929 2783 ‹111i4123ffilosjgff

2041 2776 2630 2868 impossibilius
2683 2798 2922 2868 quam
2970 2780 3170 2851 idem
3227 2781 3583 2873 seipsum
3614 2777 3734 2870 πέρι
3765 2815 3931 2848 ess-‹rn-

2039 2895 2425 2966 excedere
2496 2896 2929 2968 secundum
3006 2899 3584 2990 perfectionem
3666 2861 3865 2909 ‘'am‘'

2038 3012 2615 3084 essentialem?
2672 3013 2788 3084 De
2825 3014 3007 3084 aliis
3081 3037 3218 3086 sex
3291 3018 3581 3089 ordini-

2034 3125 2207 3208 bus,
2248 3129 2428 3220 quid
2464 3129 3072 3221 impossibilius,
3112 3153 3349 3223 quam
3377 3134 3581 3207 idem

2037 3261 2200 3313 ase
2243 3244 2709 3335 dependere,
2775 3266 3015 3338 quam
3077 3248 3249 3319 sine
3311 3249 3578 3341 seipso

2035 3381 2273 3451 posse
2338 3383 2515 3433 esse
2584 3364 3016 3434 secundum
3078 3351 3580 3439 intellectum

2034 3478 2271 3570 hujus
2345 3481 2723 3573 supe-rius
2794 3481 3364 3567 assignatum?
3428 3483 3576 3554 boc

2030 3595 2280 3668 etia-m
2323 3601 2719 3670 consonat
2757 3598 3092 3669 veritati
3129 3624 3143 3667 ε

2125 3716 2297 3791 Quia
2339 3717 2413 3781 in
2457 3717 2741 3802 quolibet
2789 3719 3027 3783 ordine
3071 3723 3431 3799 essentiali,
3481 3736 3571 3787 est
3604 3723 3918 3773 C0n‹·1u>;.2.

2027 3831 2315 3895 eirenlzts
2353 3832 2803 3919 impossibilis.

2118 3948 2321 4029 Quia
2365 3947 2738 4039 quidquid
2796 3954 2920 4023 est
2990 3951 3216 4042 prius
3280 3952 3567 4044 priori,
3674 3976 3843 4054 rrius

2027 4068 2150 4136 est
2201 4063 2423 4155 prius
2468 4066 2911 4156 posteriori
2960 4092 2973 4134 ε
3021 4069 3391 4158 sequitur
3443 4091 3570 4162 op-
3596 4052 3925 4168 ᾖξζῖἕξῖἓζῇἔι

2029 4180 2387 4272 positum
2431 4181 2715 4272 primae
2740 4203 2837 4253 ex
2873 4185 3213 4255 secunda
3247 4190 3567 4273 negata.
3660 4168 3840 4230 ‘'²4²⁴’‘

2033 4298 2245 4370 Idem
2295 4299 2543 4373 etiam
2585 4299 2745 4374 erit
2779 4300 3006 4390 prius
3039 4304 3117 4372 et
3162 4304 3572 4394 posterius

2024 4415 2327 4494 eodem,
2382 4419 2463 4488 et
2507 4414 2947 4506 perfectius
2989 4420 3065 4489 et
3093 4416 3355 4488 minus
3402 4439 3575 4509 per·-

2027 4536 2329 4610 fectum
2382 4539 2685 4618 eodem,
2734 4544 2813 4611 et
2853 4539 3297 4632 dependens
3340 4546 3417 4615 et
3464 4543 3574 4615 in-

2025 4654 2472 4745 dependens
2518 4659 2887 4747 respectu
2951 4656 3333 4747 ejusdem,
3399 4681 3573 4751 quae

2029 4772 2270 4857 long-e
2313 4776 2499 4843 sunt
2544 4792 2587 4839 a
2629 4792 2825 4842 vero
2892 4774 3119 4846 Hunc
3171 4775 3569 4849 circulum

2027 4895 2381 4968 excludit
2445 4895 2934 4969 Aristoteles
2989 4918 3034 4968 a
3075 4899 3575 4976 demonstra-

2028 5024 2411 5104 tionibuS‚
2478 5028 2538 5095 1.
2598 5028 2849 5094 Poster.
2926 5040 3083 5095 teaet.
3165 5053 3326 5097 eom.
3383 5032 3446 5100 6.
3513 5046 3571 5098 et

2025 5156 2205 5233 inde,
2267 5173 2409 5224 nec
2456 5152 2720 5223 minus
2768 5153 3296 5245 impossibilis
3330 5160 3455 5230 est
3499 5159 3576 5229 in

2031 5277 2295 5349 rebus.
2342 5278 2590 5350 Juxta.
2650 5276 2853 5350 hanc
2892 5280 3315 5351 secundam
3353 5303 3578 5371 regu-

2029 5405 2193 5476 lam
2248 5404 2565 5496 explico
2622 5406 3074 5495 quamdam,
3124 5427 3298 5497 quae
3343 5426 3378 5475 a
3427 5408 3581 5501 pri-

2036 5551 2168 5602 ma
2212 5531 2610 5623 probatur
2642 5536 2719 5604 et
2766 5532 2842 5602 in
2880 5532 3053 5623 ipsa
3100 5533 3298 5605 sutis
3336 5535 3580 5607 inelu-

2034 5654 2277 5737 ditur,
2319 5655 2505 5748 quia
2540 5656 2880 5730 inferius
2930 5662 3119 5731 utar
3161 5658 3358 5751 ipsa.
