4252 6393
469 5192 533 5247 76
544 5234 558 5251 .

778 420 901 491 3136
1939 421 2044 483 DE
2088 421 2354 486 RERUM
2400 421 2788 486 PRINCIPIO

768 585 1010 655 natus
1082 582 1160 653 in
1213 581 1546 657 Christo
1610 583 2049 655 secundum
2112 584 2317 674 quod

768 699 943 791 ejus
976 697 1275 781 anima,
1303 704 1385 774 et
1416 718 1713 791 corpus
1746 697 2312 772 excellentiam

767 815 1066 892 habent
1126 835 1376 910 supra
1437 836 1713 887 omnes
1804 814 2119 887 animas
2145 871 2161 897 ,
2233 819 2313 889 et

771 948 1022 1026 Supra
1058 954 1294 1007 omne
1315 954 1644 1025 corpus.
1685 935 1890 1006 Ecce
1915 933 2096 1005 finis
2133 953 2311 1025 par-

763 1049 1140 1124 ticularis
1173 1054 1489 1123 naturae
1535 1047 1803 1140 hujus,
1841 1047 2156 1121 scilicet
2187 1048 2310 1119 be·

764 1169 1132 1242 nedictus
1177 1165 1465 1248 homo;
1532 1167 1746 1240 sicut
1800 1165 2112 1258 species
2172 1164 2309 1235 hu-

763 1305 1003 1364 mana
1042 1289 1168 1359 est
1206 1283 1388 1356 finis
1421 1283 1912 1355 universalis
1947 1283 2307 1355 omnium

763 1402 1223 1495 specierum
1292 1401 1827 1482 naturalium,
1901 1399 2073 1471 ideo
2140 1398 2305 1470 uni-

759 1524 888 1594 tas
931 1515 1241 1592 Christi
1278 1519 1404 1590 est
1446 1515 1712 1608 prima
1765 1515 2180 1598 unionum,
2223 1519 2305 1587 et

761 1653 1145 1710 mensura
1188 1632 1450 1706 omnis
1491 1631 1931 1726 compositi
1972 1633 2303 1706 natura-

757 1752 883 1826 lis.

1326 1951 1730 2010 SCHOLIUM.

825 2136 913 2195 Ex
944 2136 1223 2209 quinque
1280 2130 1590 2204 capitibus
1649 2127 1867 2200 probat
1924 2127 2026 2185 hic
2086 2128 2298 2185 Scotus

752 2235 1070 2294 hominem
1100 2222 1240 2289 esse
1271 2221 1471 2300 magis
1492 2228 1833 2295 hominem,
1866 2231 1928 2284 et
1954 2225 2296 2297 perfectius

754 2347 973 2402 unum,
1003 2333 1064 2388 et
1096 2344 1207 2387 ens
1241 2331 1303 2386 in
1337 2332 1496 2408 statu
1530 2325 1749 2396 gloriae
1807 2338 1993 2396 quam
2026 2323 2092 2378 in
2133 2327 2293 2381 statu

749 2437 990 2491 naturae
1021 2432 1233 2503 lapsae,
1281 2433 1388 2487 aut
1444 2430 1630 2485 etiam
1675 2430 1915 2483 naturae
1971 2423 2235 2481 conditae
2277 2439 2292 2476 ε

747 2534 977 2600 Prim0,
1009 2546 1085 2587 ex
1114 2529 1508 2602 proportione
1541 2524 1914 2582 immortalis
1959 2524 2187 2582 animae
2217 2521 2292 2578 ad

745 2643 969 2703 corpus
1001 2627 1375 2686 immortale.
1428 2623 1729 2690 Secundo,
1779 2638 1855 2680 ex
1904 2622 2291 2694 perfectione

741 2728 1109 2787 durationis.
1131 2727 1356 2793 Tertio,
1379 2739 1455 2781 ex
1477 2724 1739 2781 firmiori
1765 2724 1993 2780 unione
2013 2718 2089 2777 ad
2104 2719 2289 2775 finem

740 2835 950 2887 suum.
968 2829 1217 2896 Quarto,
1241 2839 1317 2882 ex
1341 2822 2024 2895 nobiliorioperatione.
2045 2820 2288 2886 Quinto,

742 2944 819 2987 ex
842 2928 1061 3002 majori
1091 2925 1441 2984 obedientia
1467 2924 1744 2981 materiae
1767 2920 1843 2977 ad
1866 2921 2149 2978 sormam.
2174 2919 2287 2974 Cui

740 3028 1070 3087 sententiae
1100 3027 1503 3096 suffragatur,
1537 3021 1700 3096 quod
1730 3022 1840 3078 alii
1889 3020 2110 3075 volunt
2140 3033 2288 3074 con-

744 3129 1032 3186 formiter
1062 3124 1138 3184 ad
1167 3141 1260 3193 ea,
1294 3140 1433 3198 quae
1464 3125 1529 3180 in
1559 3123 1659 3180 hi<
1690 3119 2144 3194 quaestionibus
2176 3117 2286 3175 do-

742 3232 840 3286 cet
870 3229 1081 3285 Scotus
1109 3226 1225 3296 (uti
1258 3223 1544 3281 dicemus
1577 3225 1643 3280 in
1674 3221 1920 3280 Scholio
1957 3221 2012 3277 3.
2063 3221 2281 3290 quaest.

744 3325 860 3395 19.)
898 3322 1062 3396 quod
1109 3320 1337 3379 animae
1384 3318 1865 3376 excellentiores
1910 3318 1977 3373 in
2026 3327 2284 3386 corpore

741 3422 1070 3481 nobilioris
1098 3418 1599 3491 temperamenti,
1649 3417 2033 3473 constituunt
2078 3412 2283 3469 homi-

739 3530 853 3580 nes
901 3518 1326 3594 perfectiores,
1376 3531 1498 3574 non
1545 3514 1745 3572 solum
1787 3512 2279 3576 accidentaliter,

739 3634 961 3677 verum
977 3614 1690 3690 etiampubstantialiter.
1708 3611 1880 3670 Unde
1894 3623 2280 3682 consequen-

738 3719 833 3772 ter
862 3710 1198 3770 dicendum
1239 3712 1379 3778 erit,
1431 3706 1594 3781 quod
1639 3722 1781 3763 cum
1834 3707 1897 3762 in
1947 3709 2109 3762 statu
2145 3702 2279 3773 glo-

736 3808 849 3867 r'iae
891 3811 1074 3881 longe
1103 3811 1411 3883 purioreS,
1463 3811 1523 3864 et
1568 3804 2044 3862 excellentiores
2092 3804 2277 3857 erunt

732 3912 961 3968 animae
1010 3914 1071 3967 et
1144 3924 1423 3981 corpora,
1472 3908 2034 3978 temperamentum
2085 3900 2276 3958 habe-

731 4007 907 4079 bunt,
940 4012 1074 4066 sive
1105 4009 1180 4067 ad
1213 4006 1473 4079 ponduS,
1524 4006 1659 4061 sive
1704 4003 1781 4060 ad
1822 4003 2133 4074 ,iustitiam
2181 4002 2275 4070 (ut

732 4112 1097 4181 loquuntur)
1126 4108 1409 4164 omnium
1450 4103 2059 4175 praestantissimum,
2109 4097 2271 4170 quod

735 4209 898 4271 aetati
932 4205 1169 4263 ssoridae
1201 4203 1475 4275 ,iuvenili
1529 4204 1721 4276 possit
1780 4201 2119 4257 convenire
2170 4197 2269 4269 (de

731 4320 853 4385 quo
882 4305 1028 4361 vide
1059 4303 1376 4374 AEgidium
1412 4304 1684 4359 Lusitan.
1720 4306 1863 4358 tom.
1897 4302 1950 4356 3.
1985 4299 2060 4355 do
2111 4302 2269 4353 Bea-

727 4403 994 4460 titudine
1027 4403 1136 4459 lib.
1168 4404 1222 4459 3.
1257 4406 1474 4474 quaest.
1506 4403 1561 4457 6.
1595 4401 1773 4457 artic.
1805 4400 1886 4469 2.)
1920 4399 2083 4454 Beati
2119 4411 2267 4467 per-

724 4503 1015 4560 fectiores
1072 4505 1262 4559 erunt
1319 4501 1381 4557 in
1444 4500 1762 4557 essentiali
1823 4496 2266 4553 constitutione

721 4606 982 4667 naturae,
1061 4605 1122 4657 et
1172 4599 1480 4656 nobiliora
1527 4599 1694 4655 entia
1745 4611 1929 4669 quam
1982 4598 2259 4660 suerunt,

719 4699 867 4757 dum
899 4704 1307 4757 versarentur
1347 4700 1513 4755 inter
1562 4698 1850 4753 miserias
1897 4695 2046 4751 vitae
2096 4707 2261 4763 prae-

713 4802 927 4859 sentis,
982 4802 1053 4857 Et
1106 4796 1727 4872 proportionabiliter
1775 4792 2111 4849 dicendum
2167 4796 2260 4848 est

710 4895 789 4956 de
820 4904 980 4957 statu
1024 4903 1261 4956 naturae
1311 4894 1574 4954 condita}
1623 4894 1907 4963 respectu
1975 4888 2253 4960 ejusdem

708 5002 949 5054 naturae
979 4996 1315 5054 destitutae.

736 5180 742 5195 ²
796 5154 915 5225 Ex
992 5148 1119 5221 his
1211 5148 1383 5241 jam
1480 5148 1822 5238 apparet
1909 5148 2250 5235 quartus

702 5268 1133 5348 articulus,
1200 5266 1406 5357 quod
1450 5263 1764 5336 scilicet
1843 5261 2054 5334 sicut
2112 5260 2247 5331 ho-

702 5407 831 5458 mo
873 5390 997 5459 est
1051 5383 1312 5471 magis
1380 5399 1626 5451 unum
1676 5383 1756 5451 et
1815 5398 1956 5449 ens
2028 5378 2246 5450 omni

698 5502 860 5574 alia
902 5499 1169 5593 specie
1203 5495 1588 5576 naturali,
1638 5494 1752 5566 sic
1789 5493 1992 5565 idem
2034 5514 2242 5564 unus

695 5618 937 5691 homo
1017 5620 1141 5688 est
1223 5612 1483 5705 magis
1551 5611 1792 5687 homo
1868 5609 1945 5681 in
2020 5613 2239 5685 statu

2425 589 2745 658 naturae
2787 583 3155 666 conditae,
3222 582 3301 654 in
3372 603 3527 674 quo
3568 586 3693 656 est
3751 589 3950 659 natu-

2427 699 2722 773 raliter
2817 699 3188 774 conditus
3263 719 3504 792 quam
3601 699 3683 770 in
3756 703 3949 775 statu

2424 822 2743 890 naturae
2789 817 3062 910 lapsae,
3138 817 3219 889 in
3265 836 3422 910 quo
3466 819 3592 889 est
3651 820 3950 889 natura-

2423 933 2617 1006 liter
2676 933 3196 1027 prostitutus,
3272 933 3388 1005 sic
3466 931 3720 1006 etiam
3805 934 3949 1007 erit

2425 1050 2688 1141 magis
2738 1072 2905 1134 ens,
2982 1055 3063 1124 et
3124 1049 3396 1131 homo,
3471 1053 3554 1122 et
3625 1070 3828 1121 unus
3878 1051 3950 1123 in

2423 1171 2643 1240 statu
2689 1167 3005 1258 gloriae,
3054 1167 3133 1240 in
3178 1188 3334 1259 quo
3396 1172 3522 1241 est
3585 1187 3948 1259 superna-

2418 1284 2811 1359 turaliter
2891 1284 3354 1359 restitutus.
3418 1287 3520 1358 Et
3587 1284 3741 1358 hoc
3802 1287 3950 1378 qui·

2416 1402 2594 1474 dem
2661 1402 2927 1495 primo
3017 1405 3240 1495 patet
3278 1423 3376 1472 cx
3437 1403 3949 1496 proportione

2415 1519 2510 1591 ad
2552 1541 2878 1614 corpuS,
2923 1521 3108 1593 dum
3154 1520 3606 1594 immortali
3673 1521 3945 1594 animae

2415 1637 2885 1713 immortale
2925 1660 3226 1733 corpus
3259 1638 3943 1732 correspondebit.

2414 1755 2771 1828 Secundo
2816 1759 3063 1848 patet,
3101 1756 3309 1848 quod
3343 1757 3623 1829 modus
3677 1756 3947 1829 duran-

2408 1870 2484 1942 di
2520 1871 2892 1963 sequitur
2953 1872 3278 1945 modum
3318 1872 3785 1946 naturalem
3839 1893 3944 1944 es-

2411 1987 2872 2070 sendi3ideo
2943 1989 3341 2082 probatur
3408 1993 3471 2060 1.
3533 1992 3616 2057 de
3686 1992 3860 2059 Coelo
3895 2003 3948 2058 et

2406 2108 2680 2189 mundO,
2725 2111 2998 2175 Summa
3054 2110 3121 2180 6.
3187 2107 3394 2200 quod
3464 2110 3734 2181 motus
3799 2105 3948 2179 vio·

2410 2221 2676 2296 lentus
2754 2244 2916 2296 non
2978 2223 3242 2316 possit
3273 2245 3452 2295 csse
3485 2228 3943 2316 perpetuus.

2410 2342 2498 2411 In
2589 2340 2768 2414 istis
2865 2346 3139 2415 autem
3219 2340 3568 2415 statibus
3637 2340 3795 2415 fuit
3876 2339 3946 2411 in

2406 2459 2672 2551 primo
2755 2439 3261 2552 perpetuitas
3341 2457 3665 2530 infirma
3740 2458 3947 2531 etin

2403 2575 2892 2668 aptitudine;
2958 2577 3038 2648 in
3109 2577 3454 2649 secundo
3503 2575 3945 2649 necessitas

2404 2694 2836 2777 moriendi;
2878 2695 2957 2766 in
3019 2695 3268 2769 tertio
3301 2694 3461 2769 erit
3502 2694 3942 2768 necessitas

2401 2832 2725 2904 semper
2781 2811 3143 2892 durandi,
3215 2815 3296 2885 et
3366 2811 3539 2885 ideo
3602 2812 3760 2886 iste
3817 2809 3944 2882 ho-

2400 2948 2532 3000 mo
2627 2932 2751 3001 est
2828 2928 3318 3010 naturalior,
3394 2950 3489 3002 ac
3558 2950 3704 3023 per
3799 2927 3939 3000 hoc

2394 3045 2700 3118 verior.
2755 3045 3057 3128 TertiO,
3128 3046 3316 3137 quia
3364 3067 3543 3118 esse
3620 3045 3941 3140 cujusli-

2393 3162 2524 3237 bet
2594 3162 2712 3236 rei
2762 3162 3143 3238 firmatur
3207 3167 3287 3238 et
3329 3163 3795 3257 completur
3849 3182 3942 3237 ex

2395 3281 2689 3353 unione
2757 3281 2931 3373 ejus
3026 3280 3121 3353 ad
3202 3282 3442 3355 finem
3522 3302 3787 3364 suum,
3866 3282 3939 3351 et

2395 3398 2566 3471 ideo
2645 3398 3212 3491 corrumpitur
3254 3398 3664 3492 quodlibet
3704 3406 3942 3476 extra

2391 3537 2626 3588 suum
2694 3517 2965 3588 locum
2998 3516 3459 3591 naturalcm
3506 3543 3521 3587 ε
3568 3518 3650 3590 in
3723 3522 3939 3595 statu

2388 3636 2662 3705 autem
2771 3632 3252 3707 innocentiae
3335 3637 3941 3729 appropinqua-

2387 3746 2522 3822 bat
2575 3748 2753 3840 plus
2794 3748 2958 3831 fini,
3007 3770 3249 3841 quam
3304 3750 3383 3822 in
3434 3755 3658 3827 statu
3713 3755 3939 3826 natu·

2391 3887 2501 3937 rae
2541 3865 2817 3957 lapsae,
2868 3871 2949 3940 et
2987 3865 3064 3939 in
3107 3871 3326 3941 statu
3381 3868 3702 3960 gloriae,
3761 3869 3936 3963 plus

2385 4003 2626 4075 quam
2666 3982 2744 4054 in
2776 3983 3050 4075 aliquo
3079 3982 3409 4056 illorum
3447 4011 3461 4066 ;
3506 4004 3715 4078 ergo
3749 3992 3936 4060 tunc

2382 4105 2506 4174 cst
2584 4099 2859 4172 verius
2921 4121 3061 4172 cns
3133 4106 3212 4175 ct
3263 4122 3536 4173 unum.
3585 4104 3931 4186 Quarto,

2380 4216 2564 4307 quia
2594 4237 2778 4288 cum
2805 4217 3177 4310 operatio
3205 4222 3598 4311 sequatur
3621 4240 3832 4300 esse,
3860 4218 3932 4290 in

2380 4336 2599 4406 statu
2668 4333 2955 4423 gloriae
3019 4335 3540 4427 operationes
3587 4335 3759 4409 sint
3811 4354 3932 4407 ac-

2375 4450 2774 4524 tualioros
2836 4455 2914 4524 ct
2974 4452 3449 4536 nobiliores,
3531 4474 3782 4547 quam
3853 4451 3930 4523 in

2373 4568 2648 4659 aliquo
2704 4572 2951 4652 statu,
3014 4590 3215 4662 ergo
3249 4573 3325 4643 et
3368 4593 3574 4653 esse,
3620 4576 3707 4646 et
3763 4568 3929 4643 uni·

2369 4689 2499 4759 tas
2555 4686 3027 4779 perscctior.
3077 4688 3402 4771 Quinto,
3453 4687 3646 4780 quia
3683 4705 3925 4781 quan·

2368 4808 2453 4877 to
2497 4804 2765 4878 forma
2813 4804 3091 4877 verius
3126 4804 3430 4887 unitur,
3480 4811 3720 4880 tanto
3767 4824 3924 4878 ma·

2370 4921 2579 4995 teria
2649 4926 2774 4997 ost
2836 4922 2916 4994 in
2958 4922 3257 5016 majori
3301 4922 3765 4996 obedientia
3833 4920 3924 4993 ad

2364 5035 2742 5120 formam,
2816 5035 2968 5111 hoc
3048 5042 3323 5112 autem
3375 5042 3782 5130 quantum
3824 5036 3920 5109 ad

2364 5175 2598 5226 omno
2641 5173 2893 5245 genus
2965 5155 3467 5248 operationis
3540 5154 3924 5229 totaliter

2361 5271 2821 5363 completur
2891 5271 2970 5343 in
3056 5275 3275 5346 statu
3338 5271 3686 5363 gloriae:
3755 5271 3917 5345 Deo

2360 5383 2702 5474 gratias,
2767 5385 2903 5476 qui
2957 5406 3105 5459 nos
3156 5387 3251 5459 ad
3313 5387 3543 5461 illum
3604 5391 3914 5461 statum

2359 5502 2771 5592 pcrducat.
