<?xml version="1.0" encoding="UTF-8"?>
<!DOCTYPE html PUBLIC "-//W3C//DTD XHTML 1.0 Transitional//EN"
    "http://www.w3.org/TR/xhtml1/DTD/xhtml1-transitional.dtd">
<html xmlns="http://www.w3.org/1999/xhtml" xml:lang="en" lang="en">
 <head>
  <title>
</title>
<meta http-equiv="Content-Type" content="text/html;charset=utf-8" />
  <meta name='ocr-system' content='tesseract 3.04.00' />
  <meta name='ocr-capabilities' content='ocr_page ocr_carea ocr_par ocr_line ocrx_word'/>
</head>
<body>
  <div class='ocr_page' id='page_1' title='image "./joannisdunsscot03waddgoog_0636.png"; bbox 0 0 4252 6393; ppageno 0'>
   <div class='ocr_carea' id='block_1_1' title="bbox 475 1297 551 1348">
    <p class='ocr_par' dir='ltr' id='par_1_1' title="bbox 475 1297 551 1348">
     <span class='ocr_line' id='line_1_1' title="bbox 475 1297 551 1348; baseline 0.026 -2"><span class='ocrx_word' id='word_1_1' title='bbox 475 1297 551 1348; x_wconf 82' lang='lat'>17.</span> 
     </span>
    </p>
   </div>
   <div class='ocr_carea' id='block_1_2' title="bbox 693 413 837 476">
    <p class='ocr_par' dir='ltr' id='par_1_2' title="bbox 693 413 837 476">
     <span class='ocr_line' id='line_1_2' title="bbox 693 413 837 476; baseline 0 0"><span class='ocrx_word' id='word_1_2' title='bbox 693 413 837 476; x_wconf 51' lang='lat'>„604</span> 
     </span>
    </p>
   </div>
   <div class='ocr_carea' id='block_1_3' title="bbox 698 572 2255 5688">
    <p class='ocr_par' dir='ltr' id='par_1_3' title="bbox 699 572 2253 1230">
     <span class='ocr_line' id='line_1_3' title="bbox 704 572 2250 668; baseline -0.001 -21"><span class='ocrx_word' id='word_1_3' title='bbox 704 595 864 647; x_wconf 92' lang='lat' dir='ltr'>non</span> <span class='ocrx_word' id='word_1_4' title='bbox 899 575 1159 646; x_wconf 90' lang='lat' dir='ltr'>solum</span> <span class='ocrx_word' id='word_1_5' title='bbox 1194 598 1291 647; x_wconf 83' lang='lat' dir='ltr'>ex</span> <span class='ocrx_word' id='word_1_6' title='bbox 1324 574 1474 647; x_wconf 87' lang='lat' dir='ltr'>hoc</span> <span class='ocrx_word' id='word_1_7' title='bbox 1501 575 1701 668; x_wconf 89' lang='lat' dir='ltr'>quod</span> <span class='ocrx_word' id='word_1_8' title='bbox 1742 572 1928 649; x_wconf 90' lang='lat' dir='ltr'>talis</span> <span class='ocrx_word' id='word_1_9' title='bbox 1961 573 2250 646; x_wconf 80' lang='lat' dir='ltr'>formae</span> 
     </span>
     <span class='ocr_line' id='line_1_4' title="bbox 704 691 2244 773; baseline -0.001 -9"><span class='ocrx_word' id='word_1_10' title='bbox 704 695 854 773; x_wconf 90' lang='lat' dir='ltr'>est,</span> <span class='ocrx_word' id='word_1_11' title='bbox 888 693 1236 765; x_wconf 86' lang='lat' dir='ltr'>materia</span> <span class='ocrx_word' id='word_1_12' title='bbox 1269 691 1505 765; x_wconf 89' lang='lat' dir='ltr'>habet</span> <span class='ocrx_word' id='word_1_13' title='bbox 1535 716 1667 760; x_wconf 75' lang='lat' dir='ltr'>esse</span> <span class='ocrx_word' id='word_1_14' title='bbox 1688 692 2244 772; x_wconf 85' lang='lat' dir='ltr'>terminatum,</span> 
     </span>
     <span class='ocr_line' id='line_1_5' title="bbox 702 805 2253 900; baseline -0.001 -19"><span class='ocrx_word' id='word_1_15' title='bbox 702 809 865 881; x_wconf 91' lang='lat' dir='ltr'>imo</span> <span class='ocrx_word' id='word_1_16' title='bbox 908 812 988 882; x_wconf 91' lang='lat' dir='ltr'>et</span> <span class='ocrx_word' id='word_1_17' title='bbox 1046 829 1144 879; x_wconf 83' lang='lat' dir='ltr'>ex</span> <span class='ocrx_word' id='word_1_18' title='bbox 1208 807 1358 880; x_wconf 88' lang='lat' dir='ltr'>hoc</span> <span class='ocrx_word' id='word_1_19' title='bbox 1402 807 1638 881; x_wconf 88' lang='lat' dir='ltr'>habet</span> <span class='ocrx_word' id='word_1_20' title='bbox 1679 831 1814 876; x_wconf 79' lang='lat' dir='ltr'>esse</span> <span class='ocrx_word' id='word_1_21' title='bbox 1872 805 2253 900; x_wconf 88' lang='lat' dir='ltr'>simpliei-</span> 
     </span>
     <span class='ocr_line' id='line_1_6' title="bbox 703 923 2252 1016; baseline -0.003 -17"><span class='ocrx_word' id='word_1_22' title='bbox 703 929 858 1007; x_wconf 88' lang='lat' dir='ltr'>ter,</span> <span class='ocrx_word' id='word_1_23' title='bbox 935 925 1123 1016; x_wconf 89' lang='lat' dir='ltr'>quia</span> <span class='ocrx_word' id='word_1_24' title='bbox 1182 945 1342 996; x_wconf 94' lang='lat' dir='ltr'>non</span> <span class='ocrx_word' id='word_1_25' title='bbox 1381 923 1651 998; x_wconf 82' lang='lat' dir='ltr'>differt</span> <span class='ocrx_word' id='word_1_26' title='bbox 1714 925 2052 998; x_wconf 72' lang='lat' dir='ltr'>realiter</span> <span class='ocrx_word' id='word_1_27' title='bbox 2097 929 2252 998; x_wconf 86' lang='lat' dir='ltr'>ter-</span> 
     </span>
     <span class='ocr_line' id='line_1_7' title="bbox 709 1040 2253 1124; baseline 0 -12"><span class='ocrx_word' id='word_1_28' title='bbox 709 1040 1049 1115; x_wconf 91' lang='lat' dir='ltr'>minatio</span> <span class='ocrx_word' id='word_1_29' title='bbox 1110 1041 1302 1113; x_wconf 88' lang='lat' dir='ltr'>talis</span> <span class='ocrx_word' id='word_1_30' title='bbox 1372 1041 1835 1124; x_wconf 88' lang='lat' dir='ltr'>accidentis,</span> <span class='ocrx_word' id='word_1_31' title='bbox 1899 1046 1978 1115; x_wconf 91' lang='lat' dir='ltr'>et</span> <span class='ocrx_word' id='word_1_32' title='bbox 2017 1063 2253 1113; x_wconf 90' lang='lat' dir='ltr'>suum</span> 
     </span>
     <span class='ocr_line' id='line_1_8' title="bbox 699 1184 854 1230; baseline 0.006 -1"><span class='ocrx_word' id='word_1_33' title='bbox 699 1184 854 1230; x_wconf 72' lang='lat'><strong><em>6888.</em></strong></span> 
     </span>
    </p>

    <p class='ocr_par' dir='ltr' id='par_1_4' title="bbox 703 1276 2255 2868">
     <span class='ocr_line' id='line_1_9' title="bbox 795 1276 2253 1369; baseline 0.003 -22"><span class='ocrx_word' id='word_1_34' title='bbox 795 1276 1013 1348; x_wconf 87' lang='lat' dir='ltr'>Unde</span> <span class='ocrx_word' id='word_1_35' title='bbox 1050 1281 1297 1369; x_wconf 89' lang='lat' dir='ltr'>patet,</span> <span class='ocrx_word' id='word_1_36' title='bbox 1337 1279 1540 1369; x_wconf 91' lang='lat' dir='ltr'>quod</span> <span class='ocrx_word' id='word_1_37' title='bbox 1585 1278 1794 1353; x_wconf 89' lang='lat' dir='ltr'>sicut</span> <span class='ocrx_word' id='word_1_38' title='bbox 1842 1279 2000 1351; x_wconf 88' lang='lat' dir='ltr'>tale</span> <span class='ocrx_word' id='word_1_39' title='bbox 2047 1279 2253 1352; x_wconf 90' lang='lat' dir='ltr'>acci-</span> 
     </span>
     <span class='ocr_line' id='line_1_10' title="bbox 706 1396 2253 1476; baseline 0 -10"><span class='ocrx_word' id='word_1_40' title='bbox 706 1396 896 1468; x_wconf 87' lang='lat' dir='ltr'>dens</span> <span class='ocrx_word' id='word_1_41' title='bbox 932 1396 1365 1467; x_wconf 85' lang='lat' dir='ltr'>seeundum</span> <span class='ocrx_word' id='word_1_42' title='bbox 1402 1417 1509 1476; x_wconf 89' lang='lat' dir='ltr'>se,</span> <span class='ocrx_word' id='word_1_43' title='bbox 1548 1400 1627 1468; x_wconf 91' lang='lat' dir='ltr'>et</span> <span class='ocrx_word' id='word_1_44' title='bbox 1662 1397 2094 1469; x_wconf 82' lang='lat' dir='ltr'>secundum</span> <span class='ocrx_word' id='word_1_45' title='bbox 2132 1418 2253 1467; x_wconf 87' lang='lat' dir='ltr'>ra-</span> 
     </span>
     <span class='ocr_line' id='line_1_11' title="bbox 703 1511 2254 1605; baseline 0.001 -21"><span class='ocrx_word' id='word_1_46' title='bbox 703 1511 1007 1585; x_wconf 91' lang='lat' dir='ltr'>tionem</span> <span class='ocrx_word' id='word_1_47' title='bbox 1041 1512 1850 1594; x_wconf 88' lang='lat' dir='ltr'>indeterminationis,</span> <span class='ocrx_word' id='word_1_48' title='bbox 1890 1534 2129 1605; x_wconf 87' lang='lat' dir='ltr'>quam</span> <span class='ocrx_word' id='word_1_49' title='bbox 2162 1515 2254 1585; x_wconf 92' lang='lat' dir='ltr'>de</span> 
     </span>
     <span class='ocr_line' id='line_1_12' title="bbox 705 1628 2253 1710; baseline 0.002 -11"><span class='ocrx_word' id='word_1_50' title='bbox 705 1650 790 1700; x_wconf 90' lang='lat' dir='ltr'>se</span> <span class='ocrx_word' id='word_1_51' title='bbox 836 1628 1098 1710; x_wconf 86' lang='lat' dir='ltr'>habet,</span> <span class='ocrx_word' id='word_1_52' title='bbox 1159 1650 1319 1701; x_wconf 91' lang='lat' dir='ltr'>non</span> <span class='ocrx_word' id='word_1_53' title='bbox 1366 1630 1860 1705; x_wconf 68' lang='lat' dir='ltr'>determinat</span> <span class='ocrx_word' id='word_1_54' title='bbox 1903 1630 2055 1704; x_wconf 89' lang='lat' dir='ltr'>sibi</span> <span class='ocrx_word' id='word_1_55' title='bbox 2113 1632 2253 1703; x_wconf 88' lang='lat' dir='ltr'>ali-</span> 
     </span>
     <span class='ocr_line' id='line_1_13' title="bbox 703 1744 2252 1836; baseline 0.003 -21"><span class='ocrx_word' id='word_1_56' title='bbox 703 1765 944 1836; x_wconf 83' lang='lat' dir='ltr'>quam</span> <span class='ocrx_word' id='word_1_57' title='bbox 988 1744 1337 1817; x_wconf 83' lang='lat' dir='ltr'>formam</span> <span class='ocrx_word' id='word_1_58' title='bbox 1372 1747 2020 1830; x_wconf 77' lang='lat' dir='ltr'>substantialem,</span> <span class='ocrx_word' id='word_1_59' title='bbox 2079 1750 2252 1822; x_wconf 89' lang='lat' dir='ltr'>ideo</span> 
     </span>
     <span class='ocr_line' id='line_1_14' title="bbox 706 1862 2254 1955; baseline 0.003 -23"><span class='ocrx_word' id='word_1_60' title='bbox 706 1866 1009 1955; x_wconf 76' lang='lat' dir='ltr'>praeter</span> <span class='ocrx_word' id='word_1_61' title='bbox 1068 1862 1507 1953; x_wconf 79' lang='lat' dir='ltr'>quamlibet</span> <span class='ocrx_word' id='word_1_62' title='bbox 1552 1863 2035 1954; x_wconf 73' lang='lat' dir='ltr'>singillatim</span> <span class='ocrx_word' id='word_1_63' title='bbox 2075 1886 2254 1936; x_wconf 89' lang='lat' dir='ltr'>esse</span> 
     </span>
     <span class='ocr_line' id='line_1_15' title="bbox 705 1980 2253 2072; baseline 0.001 -20"><span class='ocrx_word' id='word_1_64' title='bbox 705 1984 1000 2072; x_wconf 86' lang='lat' dir='ltr'>potest,</span> <span class='ocrx_word' id='word_1_65' title='bbox 1064 1980 1251 2071; x_wconf 89' lang='lat' dir='ltr'>quia</span> <span class='ocrx_word' id='word_1_66' title='bbox 1317 2002 1501 2053; x_wconf 89' lang='lat' dir='ltr'>cum</span> <span class='ocrx_word' id='word_1_67' title='bbox 1554 2002 1713 2055; x_wconf 93' lang='lat' dir='ltr'>non</span> <span class='ocrx_word' id='word_1_68' title='bbox 1772 1985 1896 2056; x_wconf 92' lang='lat' dir='ltr'>est</span> <span class='ocrx_word' id='word_1_69' title='bbox 1955 1982 2111 2054; x_wconf 90' lang='lat' dir='ltr'>nisi</span> <span class='ocrx_word' id='word_1_70' title='bbox 2175 1983 2253 2055; x_wconf 93' lang='lat' dir='ltr'>in</span> 
     </span>
     <span class='ocr_line' id='line_1_16' title="bbox 703 2097 2255 2190; baseline 0.003 -24"><span class='ocrx_word' id='word_1_71' title='bbox 703 2116 884 2178; x_wconf 88' lang='lat' dir='ltr'>una,</span> <span class='ocrx_word' id='word_1_72' title='bbox 928 2100 1201 2188; x_wconf 89' lang='lat' dir='ltr'>potest</span> <span class='ocrx_word' id='word_1_73' title='bbox 1243 2117 1420 2168; x_wconf 87' lang='lat' dir='ltr'>esse</span> <span class='ocrx_word' id='word_1_74' title='bbox 1466 2097 1639 2168; x_wconf 89' lang='lat' dir='ltr'>inde</span> <span class='ocrx_word' id='word_1_75' title='bbox 1685 2098 1762 2170; x_wconf 93' lang='lat' dir='ltr'>in</span> <span class='ocrx_word' id='word_1_76' title='bbox 1795 2098 1956 2170; x_wconf 87' lang='lat' dir='ltr'>alia</span> <span class='ocrx_word' id='word_1_77' title='bbox 2001 2124 2015 2167; x_wconf 90' lang='lat'>:</span> <span class='ocrx_word' id='word_1_78' title='bbox 2065 2099 2255 2190; x_wconf 90' lang='lat' dir='ltr'>quia</span> 
     </span>
     <span class='ocr_line' id='line_1_17' title="bbox 703 2213 2253 2306; baseline 0.003 -23"><span class='ocrx_word' id='word_1_79' title='bbox 703 2233 883 2283; x_wconf 90' lang='lat' dir='ltr'>cum</span> <span class='ocrx_word' id='word_1_80' title='bbox 920 2217 1007 2286; x_wconf 87' lang='lat' dir='ltr'>ut</span> <span class='ocrx_word' id='word_1_81' title='bbox 1033 2213 1165 2294; x_wconf 92' lang='lat' dir='ltr'>sit,</span> <span class='ocrx_word' id='word_1_82' title='bbox 1198 2213 1685 2287; x_wconf 80' lang='lat' dir='ltr'>determinat</span> <span class='ocrx_word' id='word_1_83' title='bbox 1711 2214 1862 2286; x_wconf 91' lang='lat' dir='ltr'>sibi</span> <span class='ocrx_word' id='word_1_84' title='bbox 1896 2215 2253 2306; x_wconf 81' lang='lat' dir='ltr'>aliquam</span> 
     </span>
     <span class='ocr_line' id='line_1_18' title="bbox 703 2329 2254 2424; baseline 0.001 -23"><span class='ocrx_word' id='word_1_85' title='bbox 703 2329 1057 2402; x_wconf 87' lang='lat' dir='ltr'>formam</span> <span class='ocrx_word' id='word_1_86' title='bbox 1092 2330 1712 2404; x_wconf 85' lang='lat' dir='ltr'>substantialem</span> <span class='ocrx_word' id='word_1_87' title='bbox 1747 2330 1825 2403; x_wconf 94' lang='lat' dir='ltr'>in</span> <span class='ocrx_word' id='word_1_88' title='bbox 1857 2331 2254 2424; x_wconf 78' lang='lat' dir='ltr'>composi-</span> 
     </span>
     <span class='ocr_line' id='line_1_19' title="bbox 704 2447 2254 2539; baseline 0.001 -19"><span class='ocrx_word' id='word_1_89' title='bbox 704 2451 814 2528; x_wconf 85' lang='lat' dir='ltr'>to,</span> <span class='ocrx_word' id='word_1_90' title='bbox 862 2467 1008 2539; x_wconf 88' lang='lat' dir='ltr'>per</span> <span class='ocrx_word' id='word_1_91' title='bbox 1074 2467 1315 2538; x_wconf 90' lang='lat' dir='ltr'>quam</span> <span class='ocrx_word' id='word_1_92' title='bbox 1376 2447 1614 2522; x_wconf 88' lang='lat' dir='ltr'>habet</span> <span class='ocrx_word' id='word_1_93' title='bbox 1671 2469 1906 2520; x_wconf 90' lang='lat' dir='ltr'>suum</span> <span class='ocrx_word' id='word_1_94' title='bbox 1973 2474 2128 2530; x_wconf 78' lang='lat' dir='ltr'>esse,</span> <span class='ocrx_word' id='word_1_95' title='bbox 2173 2453 2254 2522; x_wconf 92' lang='lat' dir='ltr'>et</span> 
     </span>
     <span class='ocr_line' id='line_1_20' title="bbox 704 2563 2247 2666; baseline 0 -30"><span class='ocrx_word' id='word_1_96' title='bbox 704 2563 953 2636; x_wconf 87' lang='lat' dir='ltr'>etiam</span> <span class='ocrx_word' id='word_1_97' title='bbox 1025 2565 1188 2637; x_wconf 88' lang='lat' dir='ltr'>tale</span> <span class='ocrx_word' id='word_1_98' title='bbox 1282 2588 1415 2633; x_wconf 78' lang='lat' dir='ltr'>esse</span> <span class='ocrx_word' id='word_1_99' title='bbox 1507 2563 2247 2666; x_wconf 79' lang='lat' dir='ltr'>indeterminatum,</span> 
     </span>
     <span class='ocr_line' id='line_1_21' title="bbox 706 2679 2254 2773; baseline 0.001 -22"><span class='ocrx_word' id='word_1_100' title='bbox 706 2680 879 2751; x_wconf 89' lang='lat' dir='ltr'>ideo</span> <span class='ocrx_word' id='word_1_101' title='bbox 915 2700 1073 2750; x_wconf 91' lang='lat' dir='ltr'>non</span> <span class='ocrx_word' id='word_1_102' title='bbox 1111 2684 1378 2772; x_wconf 87' lang='lat' dir='ltr'>potest</span> <span class='ocrx_word' id='word_1_103' title='bbox 1422 2679 1716 2753; x_wconf 87' lang='lat' dir='ltr'>habere</span> <span class='ocrx_word' id='word_1_104' title='bbox 1748 2705 1902 2763; x_wconf 77' lang='lat' dir='ltr'>esse,</span> <span class='ocrx_word' id='word_1_105' title='bbox 1952 2687 2254 2773; x_wconf 72' lang='lat' dir='ltr'>praeter</span> 
     </span>
     <span class='ocr_line' id='line_1_22' title="bbox 704 2794 1935 2868; baseline -0.002 -1"><span class='ocrx_word' id='word_1_106' title='bbox 704 2794 951 2867; x_wconf 87' lang='lat' dir='ltr'>talem</span> <span class='ocrx_word' id='word_1_107' title='bbox 1003 2815 1516 2867; x_wconf 89' lang='lat' dir='ltr'>communem</span> <span class='ocrx_word' id='word_1_108' title='bbox 1559 2795 1935 2868; x_wconf 87' lang='lat' dir='ltr'>formam.</span> 
     </span>
    </p>

    <p class='ocr_par' dir='ltr' id='par_1_5' title="bbox 698 2912 2254 5688">
     <span class='ocr_line' id='line_1_23' title="bbox 797 2912 2251 2993; baseline 0.003 -10"><span class='ocrx_word' id='word_1_109' title='bbox 797 2914 1025 2993; x_wconf 86' lang='lat' dir='ltr'>Item,</span> <span class='ocrx_word' id='word_1_110' title='bbox 1091 2912 1338 2984; x_wconf 88' lang='lat' dir='ltr'>etiam</span> <span class='ocrx_word' id='word_1_111' title='bbox 1405 2912 1554 2984; x_wconf 89' lang='lat' dir='ltr'>hoe</span> <span class='ocrx_word' id='word_1_112' title='bbox 1617 2913 1982 2986; x_wconf 87' lang='lat' dir='ltr'>accidens</span> <span class='ocrx_word' id='word_1_113' title='bbox 2047 2914 2251 2988; x_wconf 92' lang='lat' dir='ltr'>inde-</span> 
     </span>
     <span class='ocr_line' id='line_1_24' title="bbox 702 3029 2251 3109; baseline 0.001 -5"><span class='ocrx_word' id='word_1_114' title='bbox 702 3029 1260 3109; x_wconf 88' lang='lat' dir='ltr'>terminatum,</span> <span class='ocrx_word' id='word_1_115' title='bbox 1336 3050 1492 3101; x_wconf 90' lang='lat' dir='ltr'>non</span> <span class='ocrx_word' id='word_1_116' title='bbox 1577 3031 1840 3103; x_wconf 91' lang='lat' dir='ltr'>solum</span> <span class='ocrx_word' id='word_1_117' title='bbox 1932 3033 2251 3106; x_wconf 87' lang='lat' dir='ltr'>ratione</span> 
     </span>
     <span class='ocr_line' id='line_1_25' title="bbox 701 3147 2251 3225; baseline 0.003 -6"><span class='ocrx_word' id='word_1_118' title='bbox 701 3167 867 3219; x_wconf 58' lang='lat' dir='ltr'>suffe</span> <span class='ocrx_word' id='word_1_119' title='bbox 963 3147 1669 3221; x_wconf 84' lang='lat' dir='ltr'>determinationis</span> <span class='ocrx_word' id='word_1_120' title='bbox 1762 3148 2251 3225; x_wconf 82' lang='lat' dir='ltr'>determinat</span> 
     </span>
     <span class='ocr_line' id='line_1_26' title="bbox 704 3265 2250 3358; baseline 0.001 -21"><span class='ocrx_word' id='word_1_121' title='bbox 704 3266 855 3337; x_wconf 90' lang='lat' dir='ltr'>sibi</span> <span class='ocrx_word' id='word_1_122' title='bbox 891 3265 1094 3337; x_wconf 77' lang='lat' dir='ltr'>lianc</span> <span class='ocrx_word' id='word_1_123' title='bbox 1131 3265 1507 3347; x_wconf 86' lang='lat' dir='ltr'>sormam,</span> <span class='ocrx_word' id='word_1_124' title='bbox 1549 3267 1981 3338; x_wconf 90' lang='lat' dir='ltr'>secundum</span> <span class='ocrx_word' id='word_1_125' title='bbox 2010 3287 2250 3358; x_wconf 91' lang='lat' dir='ltr'>quam</span> 
     </span>
     <span class='ocr_line' id='line_1_27' title="bbox 702 3381 2251 3463; baseline 0.001 -10"><span class='ocrx_word' id='word_1_126' title='bbox 702 3381 816 3454; x_wconf 90' lang='lat' dir='ltr'>sic</span> <span class='ocrx_word' id='word_1_127' title='bbox 858 3382 1491 3463; x_wconf 85' lang='lat' dir='ltr'>determinatur;</span> <span class='ocrx_word' id='word_1_128' title='bbox 1550 3382 1961 3455; x_wconf 88' lang='lat' dir='ltr'>sedetiam</span> <span class='ocrx_word' id='word_1_129' title='bbox 2009 3383 2082 3454; x_wconf 96' lang='lat' dir='ltr'>in</span> <span class='ocrx_word' id='word_1_130' title='bbox 2124 3404 2251 3454; x_wconf 87' lang='lat' dir='ltr'>ra-</span> 
     </span>
     <span class='ocr_line' id='line_1_28' title="bbox 703 3497 2251 3587; baseline 0 -17"><span class='ocrx_word' id='word_1_131' title='bbox 703 3498 923 3570; x_wconf 88' lang='lat' dir='ltr'>tione</span> <span class='ocrx_word' id='word_1_132' title='bbox 957 3520 1121 3568; x_wconf 80' lang='lat' dir='ltr'>suae</span> <span class='ocrx_word' id='word_1_133' title='bbox 1155 3498 1526 3571; x_wconf 84' lang='lat' dir='ltr'>entitatis</span> <span class='ocrx_word' id='word_1_134' title='bbox 1563 3497 2035 3587; x_wconf 60' lang='lat' dir='ltr'>singularis,</span> <span class='ocrx_word' id='word_1_135' title='bbox 2104 3500 2251 3571; x_wconf 89' lang='lat' dir='ltr'>sci-</span> 
     </span>
     <span class='ocr_line' id='line_1_29' title="bbox 705 3614 2252 3706; baseline 0.002 -22"><span class='ocrx_word' id='word_1_136' title='bbox 705 3614 920 3695; x_wconf 87' lang='lat' dir='ltr'>licet,</span> <span class='ocrx_word' id='word_1_137' title='bbox 995 3619 1080 3688; x_wconf 88' lang='lat' dir='ltr'>ut</span> <span class='ocrx_word' id='word_1_138' title='bbox 1151 3614 1298 3685; x_wconf 78' lang='lat' dir='ltr'>lioc</span> <span class='ocrx_word' id='word_1_139' title='bbox 1368 3615 1734 3687; x_wconf 78' lang='lat' dir='ltr'>accidens</span> <span class='ocrx_word' id='word_1_140' title='bbox 1805 3616 1882 3686; x_wconf 92' lang='lat' dir='ltr'>in</span> <span class='ocrx_word' id='word_1_141' title='bbox 1955 3636 2252 3706; x_wconf 77' lang='lat' dir='ltr'>genere</span> 
     </span>
     <span class='ocr_line' id='line_1_30' title="bbox 703 3730 2253 3824; baseline 0 -21"><span class='ocrx_word' id='word_1_142' title='bbox 703 3730 939 3811; x_wconf 90' lang='lat' dir='ltr'>entis,</span> <span class='ocrx_word' id='word_1_143' title='bbox 977 3752 1155 3802; x_wconf 86' lang='lat' dir='ltr'>eam</span> <span class='ocrx_word' id='word_1_144' title='bbox 1193 3730 1341 3802; x_wconf 87' lang='lat' dir='ltr'>sibi</span> <span class='ocrx_word' id='word_1_145' title='bbox 1368 3731 2018 3812; x_wconf 76' lang='lat' dir='ltr'>sicdeterminat,</span> <span class='ocrx_word' id='word_1_146' title='bbox 2067 3733 2253 3824; x_wconf 88' lang='lat' dir='ltr'>quia</span> 
     </span>
     <span class='ocr_line' id='line_1_31' title="bbox 705 3847 2251 3930; baseline -0.001 -9"><span class='ocrx_word' id='word_1_147' title='bbox 705 3869 870 3921; x_wconf 94' lang='lat' dir='ltr'>non</span> <span class='ocrx_word' id='word_1_148' title='bbox 919 3847 1156 3920; x_wconf 87' lang='lat' dir='ltr'>habet</span> <span class='ocrx_word' id='word_1_149' title='bbox 1198 3848 1346 3920; x_wconf 87' lang='lat' dir='ltr'>hoc</span> <span class='ocrx_word' id='word_1_150' title='bbox 1411 3869 1644 3918; x_wconf 89' lang='lat' dir='ltr'>suum</span> <span class='ocrx_word' id='word_1_151' title='bbox 1705 3871 1905 3930; x_wconf 76' lang='lat' dir='ltr'>esse,</span> <span class='ocrx_word' id='word_1_152' title='bbox 1954 3850 2108 3921; x_wconf 91' lang='lat' dir='ltr'>nisi</span> <span class='ocrx_word' id='word_1_153' title='bbox 2156 3871 2251 3920; x_wconf 82' lang='lat' dir='ltr'>ex</span> 
     </span>
     <span class='ocr_line' id='line_1_32' title="bbox 704 3963 2251 4057; baseline 0 -19"><span class='ocrx_word' id='word_1_154' title='bbox 704 3988 883 4039; x_wconf 89' lang='lat' dir='ltr'>esse</span> <span class='ocrx_word' id='word_1_155' title='bbox 963 3966 1248 4038; x_wconf 80' lang='lat' dir='ltr'>formae</span> <span class='ocrx_word' id='word_1_156' title='bbox 1321 3965 1661 4056; x_wconf 66' lang='lat' dir='ltr'>signatfr</span> <span class='ocrx_word' id='word_1_157' title='bbox 1732 3963 2028 4057; x_wconf 86' lang='lat' dir='ltr'>hujus:</span> <span class='ocrx_word' id='word_1_158' title='bbox 2081 3966 2251 4038; x_wconf 91' lang='lat' dir='ltr'>ideo</span> 
     </span>
     <span class='ocr_line' id='line_1_33' title="bbox 704 4081 2254 4175; baseline -0.001 -19"><span class='ocrx_word' id='word_1_159' title='bbox 704 4084 844 4158; x_wconf 90' lang='lat' dir='ltr'>illa</span> <span class='ocrx_word' id='word_1_160' title='bbox 932 4082 1198 4154; x_wconf 81' lang='lat' dir='ltr'>forma.</span> <span class='ocrx_word' id='word_1_161' title='bbox 1287 4081 1807 4156; x_wconf 87' lang='lat' dir='ltr'>substantiali</span> <span class='ocrx_word' id='word_1_162' title='bbox 1857 4087 2254 4175; x_wconf 90' lang='lat' dir='ltr'>corrupta</span> 
     </span>
     <span class='ocr_line' id='line_1_34' title="bbox 705 4199 2246 4289; baseline -0.003 -16"><span class='ocrx_word' id='word_1_163' title='bbox 705 4200 1138 4274; x_wconf 85' lang='lat' dir='ltr'>secundum</span> <span class='ocrx_word' id='word_1_164' title='bbox 1219 4219 1454 4270; x_wconf 86' lang='lat' dir='ltr'>suum</span> <span class='ocrx_word' id='word_1_165' title='bbox 1534 4219 1711 4269; x_wconf 86' lang='lat' dir='ltr'>esse</span> <span class='ocrx_word' id='word_1_166' title='bbox 1809 4199 2246 4289; x_wconf 74' lang='lat' dir='ltr'>signatum,</span> 
     </span>
     <span class='ocr_line' id='line_1_35' title="bbox 704 4315 2250 4410; baseline -0.003 -18"><span class='ocrx_word' id='word_1_167' title='bbox 704 4321 1033 4410; x_wconf 77' lang='lat' dir='ltr'>oportet</span> <span class='ocrx_word' id='word_1_168' title='bbox 1094 4316 1299 4407; x_wconf 91' lang='lat' dir='ltr'>quod</span> <span class='ocrx_word' id='word_1_169' title='bbox 1359 4315 1820 4408; x_wconf 85' lang='lat' dir='ltr'>hujusmodi</span> <span class='ocrx_word' id='word_1_170' title='bbox 1884 4316 2250 4387; x_wconf 83' lang='lat' dir='ltr'>accidens</span> 
     </span>
     <span class='ocr_line' id='line_1_36' title="bbox 698 4432 2251 4524; baseline -0.001 -18"><span class='ocrx_word' id='word_1_171' title='bbox 698 4437 1289 4524; x_wconf 80' lang='lat' dir='ltr'>corrumpatur</span> <span class='ocrx_word' id='word_1_172' title='bbox 1321 4432 1750 4503; x_wconf 85' lang='lat' dir='ltr'>secundum</span> <span class='ocrx_word' id='word_1_173' title='bbox 1780 4455 1923 4503; x_wconf 88' lang='lat' dir='ltr'>suu</span> <span class='ocrx_word' id='word_1_174' title='bbox 1941 4456 2011 4503; x_wconf 86' lang='lat'>111</span> <span class='ocrx_word' id='word_1_175' title='bbox 2051 4435 2251 4506; x_wconf 86' lang='lat' dir='ltr'>ines·</span> 
     </span>
     <span class='ocr_line' id='line_1_37' title="bbox 701 4548 2251 4640; baseline 0.001 -19"><span class='ocrx_word' id='word_1_176' title='bbox 701 4574 808 4630; x_wconf 90' lang='lat' dir='ltr'>se,</span> <span class='ocrx_word' id='word_1_177' title='bbox 860 4548 1064 4640; x_wconf 89' lang='lat' dir='ltr'>quod</span> <span class='ocrx_word' id='word_1_178' title='bbox 1107 4554 1227 4621; x_wconf 83' lang='lat' dir='ltr'>est</span> <span class='ocrx_word' id='word_1_179' title='bbox 1292 4571 1527 4619; x_wconf 88' lang='lat' dir='ltr'>suum</span> <span class='ocrx_word' id='word_1_180' title='bbox 1573 4549 1733 4621; x_wconf 81' lang='lat' dir='ltr'>tale</span> <span class='ocrx_word' id='word_1_181' title='bbox 1776 4573 1975 4620; x_wconf 83' lang='lat' dir='ltr'>esse.</span> <span class='ocrx_word' id='word_1_182' title='bbox 2028 4550 2251 4622; x_wconf 69' lang='lat' dir='ltr'>Sicut</span> 
     </span>
     <span class='ocr_line' id='line_1_38' title="bbox 699 4665 2250 4759; baseline 0.001 -21"><span class='ocrx_word' id='word_1_183' title='bbox 699 4668 910 4739; x_wconf 86' lang='lat' dir='ltr'>enim</span> <span class='ocrx_word' id='word_1_184' title='bbox 958 4665 1220 4737; x_wconf 83' lang='lat' dir='ltr'>forma</span> <span class='ocrx_word' id='word_1_185' title='bbox 1269 4666 1833 4739; x_wconf 86' lang='lat' dir='ltr'>substantialis</span> <span class='ocrx_word' id='word_1_186' title='bbox 1871 4667 2250 4759; x_wconf 85' lang='lat' dir='ltr'>simpliei-</span> 
     </span>
     <span class='ocr_line' id='line_1_39' title="bbox 707 4783 2251 4874; baseline -0.005 -19"><span class='ocrx_word' id='word_1_187' title='bbox 707 4788 836 4856; x_wconf 87' lang='lat' dir='ltr'>ter</span> <span class='ocrx_word' id='word_1_188' title='bbox 881 4787 1240 4874; x_wconf 88' lang='lat' dir='ltr'>accepta,</span> <span class='ocrx_word' id='word_1_189' title='bbox 1306 4802 1465 4853; x_wconf 90' lang='lat' dir='ltr'>non</span> <span class='ocrx_word' id='word_1_190' title='bbox 1510 4784 1766 4853; x_wconf 84' lang='lat' dir='ltr'>solum</span> <span class='ocrx_word' id='word_1_191' title='bbox 1822 4783 1954 4853; x_wconf 88' lang='lat' dir='ltr'>dat</span> <span class='ocrx_word' id='word_1_192' title='bbox 2043 4784 2251 4854; x_wconf 71' lang='lat' dir='ltr'>inde-</span> 
     </span>
     <span class='ocr_line' id='line_1_40' title="bbox 707 4899 2249 4989; baseline -0.002 -17"><span class='ocrx_word' id='word_1_193' title='bbox 707 4899 1368 4973; x_wconf 84' lang='lat' dir='ltr'>terminationem</span> <span class='ocrx_word' id='word_1_194' title='bbox 1460 4899 1924 4989; x_wconf 86' lang='lat' dir='ltr'>quantitati,</span> <span class='ocrx_word' id='word_1_195' title='bbox 2019 4899 2249 4989; x_wconf 85' lang='lat' dir='ltr'>quasi</span> 
     </span>
     <span class='ocr_line' id='line_1_41' title="bbox 701 5015 2251 5094; baseline -0.001 -6"><span class='ocrx_word' id='word_1_196' title='bbox 701 5018 798 5088; x_wconf 92' lang='lat' dir='ltr'>ab</span> <span class='ocrx_word' id='word_1_197' title='bbox 831 5015 994 5087; x_wconf 90' lang='lat' dir='ltr'>alio</span> <span class='ocrx_word' id='word_1_198' title='bbox 1029 5016 1318 5088; x_wconf 86' lang='lat' dir='ltr'>habeat</span> <span class='ocrx_word' id='word_1_199' title='bbox 1353 5040 1506 5094; x_wconf 75' lang='lat' dir='ltr'>esse,</span> <span class='ocrx_word' id='word_1_200' title='bbox 1562 5016 1658 5087; x_wconf 88' lang='lat' dir='ltr'>ab</span> <span class='ocrx_word' id='word_1_201' title='bbox 1700 5015 1861 5086; x_wconf 90' lang='lat' dir='ltr'>alio</span> <span class='ocrx_word' id='word_1_202' title='bbox 1912 5015 2251 5088; x_wconf 87' lang='lat' dir='ltr'>indeter-</span> 
     </span>
     <span class='ocr_line' id='line_1_42' title="bbox 702 5131 2252 5213; baseline -0.001 -8"><span class='ocrx_word' id='word_1_203' title='bbox 702 5133 1255 5213; x_wconf 87' lang='lat' dir='ltr'>minationem‚</span> <span class='ocrx_word' id='word_1_204' title='bbox 1352 5132 1511 5203; x_wconf 87' lang='lat' dir='ltr'>imo</span> <span class='ocrx_word' id='word_1_205' title='bbox 1571 5133 1705 5205; x_wconf 87' lang='lat' dir='ltr'>dat</span> <span class='ocrx_word' id='word_1_206' title='bbox 1749 5131 1897 5203; x_wconf 85' lang='lat' dir='ltr'>sibi</span> <span class='ocrx_word' id='word_1_207' title='bbox 1962 5156 2116 5213; x_wconf 74' lang='lat' dir='ltr'>esse,</span> <span class='ocrx_word' id='word_1_208' title='bbox 2174 5136 2252 5204; x_wconf 86' lang='lat' dir='ltr'>et</span> 
     </span>
     <span class='ocr_line' id='line_1_43' title="bbox 706 5248 2252 5324; baseline -0.004 0"><span class='ocrx_word' id='word_1_209' title='bbox 706 5248 1465 5324; x_wconf 72' lang='lat' dir='ltr'>indermiaationem</span> <span class='ocrx_word' id='word_1_210' title='bbox 1498 5276 1510 5317; x_wconf 89' lang='lat'>:</span> <span class='ocrx_word' id='word_1_211' title='bbox 1551 5253 1630 5321; x_wconf 88' lang='lat' dir='ltr'>et</span> <span class='ocrx_word' id='word_1_212' title='bbox 1666 5249 1836 5321; x_wconf 90' lang='lat' dir='ltr'>ideo</span> <span class='ocrx_word' id='word_1_213' title='bbox 1872 5269 2054 5320; x_wconf 90' lang='lat' dir='ltr'>cum</span> <span class='ocrx_word' id='word_1_214' title='bbox 2093 5248 2252 5320; x_wconf 84' lang='lat' dir='ltr'>for-</span> 
     </span>
     <span class='ocr_line' id='line_1_44' title="bbox 703 5365 2252 5457; baseline -0.004 -18"><span class='ocrx_word' id='word_1_215' title='bbox 703 5389 835 5439; x_wconf 88' lang='lat' dir='ltr'>ma</span> <span class='ocrx_word' id='word_1_216' title='bbox 869 5365 1389 5439; x_wconf 85' lang='lat' dir='ltr'>substantiali</span> <span class='ocrx_word' id='word_1_217' title='bbox 1424 5370 1844 5457; x_wconf 88' lang='lat' dir='ltr'>corrupta,</span> <span class='ocrx_word' id='word_1_218' title='bbox 1883 5385 2252 5436; x_wconf 85' lang='lat' dir='ltr'>corrum-</span> 
     </span>
     <span class='ocr_line' id='line_1_45' title="bbox 705 5481 2251 5580; baseline -0.005 -23"><span class='ocrx_word' id='word_1_219' title='bbox 705 5486 929 5580; x_wconf 91' lang='lat' dir='ltr'>pitur</span> <span class='ocrx_word' id='word_1_220' title='bbox 983 5483 1421 5576; x_wconf 82' lang='lat' dir='ltr'>quantitas,</span> <span class='ocrx_word' id='word_1_221' title='bbox 1482 5483 1960 5573; x_wconf 88' lang='lat' dir='ltr'>inquantum</span> <span class='ocrx_word' id='word_1_222' title='bbox 2003 5483 2097 5551; x_wconf 90' lang='lat' dir='ltr'>ad</span> <span class='ocrx_word' id='word_1_223' title='bbox 2146 5481 2251 5551; x_wconf 91' lang='lat' dir='ltr'>in-</span> 
     </span>
     <span class='ocr_line' id='line_1_46' title="bbox 700 5598 2252 5688; baseline -0.004 -15"><span class='ocrx_word' id='word_1_224' title='bbox 700 5599 1465 5674; x_wconf 82' lang='lat' dir='ltr'>determinationem</span> <span class='ocrx_word' id='word_1_225' title='bbox 1527 5598 1799 5679; x_wconf 88' lang='lat' dir='ltr'>talem,</span> <span class='ocrx_word' id='word_1_226' title='bbox 1863 5602 1942 5669; x_wconf 88' lang='lat' dir='ltr'>et</span> <span class='ocrx_word' id='word_1_227' title='bbox 2013 5616 2252 5688; x_wconf 90' lang='lat' dir='ltr'>quan-</span> 
     </span>
    </p>
   </div>
   <div class='ocr_carea' id='block_1_4' title="bbox 1891 411 2736 476">
    <p class='ocr_par' dir='ltr' id='par_1_6' title="bbox 1891 411 2736 476">
     <span class='ocr_line' id='line_1_47' title="bbox 1891 411 2736 476; baseline 0.001 -3"><span class='ocrx_word' id='word_1_228' title='bbox 1891 411 1994 474; x_wconf 85' lang='lat' dir='ltr'>DE</span> <span class='ocrx_word' id='word_1_229' title='bbox 2037 411 2300 475; x_wconf 82' lang='lat' dir='ltr'><strong>RERUM</strong></span> <span class='ocrx_word' id='word_1_230' title='bbox 2351 411 2736 476; x_wconf 74' lang='lat' dir='ltr'>PulNclrlo</span> 
     </span>
    </p>
   </div>
   <div class='ocr_carea' id='block_1_5' title="bbox 2364 571 3899 1249">
    <p class='ocr_par' dir='ltr' id='par_1_7' title="bbox 2364 571 3899 1249">
     <span class='ocr_line' id='line_1_48' title="bbox 2364 571 3889 646; baseline 0.001 -1"><span class='ocrx_word' id='word_1_231' title='bbox 2364 577 2536 645; x_wconf 92' lang='lat' dir='ltr'>tum</span> <span class='ocrx_word' id='word_1_232' title='bbox 2598 573 2691 644; x_wconf 87' lang='lat' dir='ltr'>ad</span> <span class='ocrx_word' id='word_1_233' title='bbox 2758 597 2913 641; x_wconf 70' lang='lat' dir='ltr'>esse.</span> <span class='ocrx_word' id='word_1_234' title='bbox 2989 573 3212 646; x_wconf 81' lang='lat' dir='ltr'>Sicut</span> <span class='ocrx_word' id='word_1_235' title='bbox 3273 571 3520 645; x_wconf 85' lang='lat' dir='ltr'>etiam</span> <span class='ocrx_word' id='word_1_236' title='bbox 3590 572 3689 643; x_wconf 87' lang='lat' dir='ltr'>ab</span> <span class='ocrx_word' id='word_1_237' title='bbox 3753 571 3889 646; x_wconf 85' lang='lat' dir='ltr'>hac</span> 
     </span>
     <span class='ocr_line' id='line_1_49' title="bbox 2364 688 3890 779; baseline 0 -19"><span class='ocrx_word' id='word_1_238' title='bbox 2364 688 2632 761; x_wconf 82' lang='lat' dir='ltr'>forma</span> <span class='ocrx_word' id='word_1_239' title='bbox 2702 689 3223 763; x_wconf 88' lang='lat' dir='ltr'>substantiali</span> <span class='ocrx_word' id='word_1_240' title='bbox 3287 688 3688 779; x_wconf 79' lang='lat' dir='ltr'>singulari</span> <span class='ocrx_word' id='word_1_241' title='bbox 3747 709 3890 760; x_wconf 90' lang='lat' dir='ltr'>non</span> 
     </span>
     <span class='ocr_line' id='line_1_50' title="bbox 2366 802 3897 896; baseline 0 -22"><span class='ocrx_word' id='word_1_242' title='bbox 2366 802 2631 875; x_wconf 92' lang='lat' dir='ltr'>solum</span> <span class='ocrx_word' id='word_1_243' title='bbox 2663 807 2788 874; x_wconf 87' lang='lat' dir='ltr'>est</span> <span class='ocrx_word' id='word_1_244' title='bbox 2829 802 2998 875; x_wconf 81' lang='lat' dir='ltr'>haec</span> <span class='ocrx_word' id='word_1_245' title='bbox 3047 802 3621 877; x_wconf 88' lang='lat' dir='ltr'>determinatio</span> <span class='ocrx_word' id='word_1_246' title='bbox 3673 802 3897 896; x_wconf 89' lang='lat' dir='ltr'>hujus</span> 
     </span>
     <span class='ocr_line' id='line_1_51' title="bbox 2367 919 3898 1011; baseline -0.001 -20"><span class='ocrx_word' id='word_1_247' title='bbox 2367 919 2879 1011; x_wconf 77' lang='lat' dir='ltr'>quantitatiS,</span> <span class='ocrx_word' id='word_1_248' title='bbox 2962 920 3125 992; x_wconf 91' lang='lat' dir='ltr'>imo</span> <span class='ocrx_word' id='word_1_249' title='bbox 3214 920 3459 993; x_wconf 83' lang='lat' dir='ltr'>etiarn</span> <span class='ocrx_word' id='word_1_250' title='bbox 3534 941 3679 991; x_wconf 90' lang='lat' dir='ltr'>sua</span> <span class='ocrx_word' id='word_1_251' title='bbox 3738 925 3898 992; x_wconf 90' lang='lat' dir='ltr'>tota</span> 
     </span>
     <span class='ocr_line' id='line_1_52' title="bbox 2365 1036 3899 1128; baseline -0.001 -19"><span class='ocrx_word' id='word_1_252' title='bbox 2365 1038 2668 1111; x_wconf 86' lang='lat' dir='ltr'>entitas</span> <span class='ocrx_word' id='word_1_253' title='bbox 2704 1037 3029 1128; x_wconf 82' lang='lat' dir='ltr'>signata</span> <span class='ocrx_word' id='word_1_254' title='bbox 3073 1064 3085 1106; x_wconf 92' lang='lat'>:</span> <span class='ocrx_word' id='word_1_255' title='bbox 3127 1042 3207 1110; x_wconf 90' lang='lat' dir='ltr'>et</span> <span class='ocrx_word' id='word_1_256' title='bbox 3251 1036 3423 1109; x_wconf 89' lang='lat' dir='ltr'>ideo</span> <span class='ocrx_word' id='word_1_257' title='bbox 3455 1036 3603 1110; x_wconf 85' lang='lat' dir='ltr'>hac</span> <span class='ocrx_word' id='word_1_258' title='bbox 3646 1036 3899 1108; x_wconf 85' lang='lat' dir='ltr'>forma</span> 
     </span>
     <span class='ocr_line' id='line_1_53' title="bbox 2367 1154 3899 1249; baseline -0.002 -22"><span class='ocrx_word' id='word_1_259' title='bbox 2367 1154 2889 1228; x_wconf 87' lang='lat' dir='ltr'>substantiali</span> <span class='ocrx_word' id='word_1_260' title='bbox 2922 1158 3344 1249; x_wconf 89' lang='lat' dir='ltr'>corrupta,</span> <span class='ocrx_word' id='word_1_261' title='bbox 3376 1157 3707 1247; x_wconf 85' lang='lat' dir='ltr'>oportet</span> <span class='ocrx_word' id='word_1_262' title='bbox 3738 1175 3899 1225; x_wconf 87' lang='lat' dir='ltr'>eam</span> 
     </span>
    </p>
   </div>
   <div class='ocr_carea' id='block_1_6' title="bbox 2364 1280 3921 5687">
    <p class='ocr_par' dir='ltr' id='par_1_8' title="bbox 2365 1280 3906 2895">
     <span class='ocr_line' id='line_1_54' title="bbox 2368 1280 3899 1374; baseline -0.003 -20"><span class='ocrx_word' id='word_1_263' title='bbox 2368 1281 2803 1354; x_wconf 88' lang='lat' dir='ltr'>secundum</span> <span class='ocrx_word' id='word_1_264' title='bbox 2849 1281 2921 1354; x_wconf 94' lang='lat' dir='ltr'>id</span> <span class='ocrx_word' id='word_1_265' title='bbox 2984 1280 3192 1374; x_wconf 90' lang='lat' dir='ltr'>quod</span> <span class='ocrx_word' id='word_1_266' title='bbox 3249 1284 3397 1361; x_wconf 88' lang='lat' dir='ltr'>est,</span> <span class='ocrx_word' id='word_1_267' title='bbox 3461 1281 3899 1373; x_wconf 88' lang='lat' dir='ltr'>corrumpi.</span> 
     </span>
     <span class='ocr_line' id='line_1_55' title="bbox 2369 1396 3899 1491; baseline -0.003 -18"><span class='ocrx_word' id='word_1_268' title='bbox 2369 1401 2780 1491; x_wconf 82' lang='lat' dir='ltr'>Corrupto</span> <span class='ocrx_word' id='word_1_269' title='bbox 2823 1397 3039 1470; x_wconf 92' lang='lat' dir='ltr'>enim</span> <span class='ocrx_word' id='word_1_270' title='bbox 3072 1418 3165 1469; x_wconf 90' lang='lat' dir='ltr'>eo</span> <span class='ocrx_word' id='word_1_271' title='bbox 3219 1396 3426 1489; x_wconf 89' lang='lat' dir='ltr'>quod</span> <span class='ocrx_word' id='word_1_272' title='bbox 3467 1400 3594 1470; x_wconf 89' lang='lat' dir='ltr'>est</span> <span class='ocrx_word' id='word_1_273' title='bbox 3655 1397 3899 1490; x_wconf 89' lang='lat' dir='ltr'>prius,</span> 
     </span>
     <span class='ocr_line' id='line_1_56' title="bbox 2369 1513 3900 1608; baseline -0.001 -22"><span class='ocrx_word' id='word_1_274' title='bbox 2369 1518 2697 1608; x_wconf 89' lang='lat' dir='ltr'>oportet</span> <span class='ocrx_word' id='word_1_275' title='bbox 2737 1513 3161 1607; x_wconf 89' lang='lat' dir='ltr'>corrumpi</span> <span class='ocrx_word' id='word_1_276' title='bbox 3196 1514 3632 1607; x_wconf 89' lang='lat' dir='ltr'>posterius,</span> <span class='ocrx_word' id='word_1_277' title='bbox 3670 1533 3900 1606; x_wconf 90' lang='lat' dir='ltr'>quan-</span> 
     </span>
     <span class='ocr_line' id='line_1_57' title="bbox 2366 1630 3901 1723; baseline 0.001 -22"><span class='ocrx_word' id='word_1_278' title='bbox 2366 1630 2463 1702; x_wconf 93' lang='lat' dir='ltr'>do</span> <span class='ocrx_word' id='word_1_279' title='bbox 2544 1633 2957 1723; x_wconf 85' lang='lat' dir='ltr'>posterius</span> <span class='ocrx_word' id='word_1_280' title='bbox 3024 1652 3182 1703; x_wconf 94' lang='lat' dir='ltr'>non</span> <span class='ocrx_word' id='word_1_281' title='bbox 3266 1631 3500 1713; x_wconf 89' lang='lat' dir='ltr'>inest,</span> <span class='ocrx_word' id='word_1_282' title='bbox 3572 1650 3718 1702; x_wconf 86' lang='lat' dir='ltr'>nee</span> <span class='ocrx_word' id='word_1_283' title='bbox 3786 1633 3901 1704; x_wconf 86' lang='lat' dir='ltr'>est</span> 
     </span>
     <span class='ocr_line' id='line_1_58' title="bbox 2366 1746 3899 1842; baseline 0.001 -27"><span class='ocrx_word' id='word_1_284' title='bbox 2366 1747 2525 1819; x_wconf 90' lang='lat' dir='ltr'>nisi</span> <span class='ocrx_word' id='word_1_285' title='bbox 2572 1769 2713 1840; x_wconf 89' lang='lat' dir='ltr'>per</span> <span class='ocrx_word' id='word_1_286' title='bbox 2755 1748 3027 1842; x_wconf 87' lang='lat' dir='ltr'>prius:</span> <span class='ocrx_word' id='word_1_287' title='bbox 3075 1751 3155 1821; x_wconf 91' lang='lat' dir='ltr'>et</span> <span class='ocrx_word' id='word_1_288' title='bbox 3195 1748 3370 1821; x_wconf 90' lang='lat' dir='ltr'>ideo</span> <span class='ocrx_word' id='word_1_289' title='bbox 3435 1746 3698 1840; x_wconf 89' lang='lat' dir='ltr'>priori</span> <span class='ocrx_word' id='word_1_290' title='bbox 3737 1767 3899 1819; x_wconf 88' lang='lat' dir='ltr'>cor-</span> 
     </span>
     <span class='ocr_line' id='line_1_59' title="bbox 2369 1863 3904 1958; baseline -0.003 -20"><span class='ocrx_word' id='word_1_291' title='bbox 2369 1870 2637 1958; x_wconf 88' lang='lat' dir='ltr'>rupto,</span> <span class='ocrx_word' id='word_1_292' title='bbox 2712 1865 3283 1957; x_wconf 83' lang='lat' dir='ltr'>corrumpitur</span> <span class='ocrx_word' id='word_1_293' title='bbox 3333 1863 3771 1956; x_wconf 80' lang='lat' dir='ltr'>posteriuS,</span> <span class='ocrx_word' id='word_1_294' title='bbox 3826 1863 3904 1934; x_wconf 91' lang='lat' dir='ltr'>li-</span> 
     </span>
     <span class='ocr_line' id='line_1_60' title="bbox 2365 1980 3902 2083; baseline -0.004 -26"><span class='ocrx_word' id='word_1_295' title='bbox 2365 1987 2494 2083; x_wconf 84' lang='lat' dir='ltr'>eet</span> <span class='ocrx_word' id='word_1_296' title='bbox 2535 2001 2693 2053; x_wconf 90' lang='lat' dir='ltr'>non</span> <span class='ocrx_word' id='word_1_297' title='bbox 2731 2001 2873 2074; x_wconf 91' lang='lat' dir='ltr'>per</span> <span class='ocrx_word' id='word_1_298' title='bbox 2916 2003 3023 2061; x_wconf 91' lang='lat' dir='ltr'>se,</span> <span class='ocrx_word' id='word_1_299' title='bbox 3063 1981 3196 2054; x_wconf 92' lang='lat' dir='ltr'>sed</span> <span class='ocrx_word' id='word_1_300' title='bbox 3246 2001 3389 2073; x_wconf 91' lang='lat' dir='ltr'>per</span> <span class='ocrx_word' id='word_1_301' title='bbox 3448 1980 3902 2072; x_wconf 89' lang='lat' dir='ltr'>corruptio-</span> 
     </span>
     <span class='ocr_line' id='line_1_61' title="bbox 2365 2096 3905 2191; baseline -0.003 -20"><span class='ocrx_word' id='word_1_302' title='bbox 2365 2120 2547 2172; x_wconf 90' lang='lat' dir='ltr'>nem</span> <span class='ocrx_word' id='word_1_303' title='bbox 2586 2098 2914 2191; x_wconf 90' lang='lat' dir='ltr'>prioris.</span> <span class='ocrx_word' id='word_1_304' title='bbox 2954 2101 3052 2171; x_wconf 88' lang='lat' dir='ltr'>Et</span> <span class='ocrx_word' id='word_1_305' title='bbox 3088 2097 3260 2170; x_wconf 92' lang='lat' dir='ltr'>ideo</span> <span class='ocrx_word' id='word_1_306' title='bbox 3303 2097 3491 2189; x_wconf 89' lang='lat' dir='ltr'>quia</span> <span class='ocrx_word' id='word_1_307' title='bbox 3541 2096 3714 2169; x_wconf 79' lang='lat' dir='ltr'>hacc</span> <span class='ocrx_word' id='word_1_308' title='bbox 3756 2097 3905 2168; x_wconf 85' lang='lat' dir='ltr'>for-</span> 
     </span>
     <span class='ocr_line' id='line_1_62' title="bbox 2370 2213 3906 2306; baseline 0 -20"><span class='ocrx_word' id='word_1_309' title='bbox 2370 2236 2499 2286; x_wconf 89' lang='lat' dir='ltr'>ma</span> <span class='ocrx_word' id='word_1_310' title='bbox 2542 2213 3108 2287; x_wconf 88' lang='lat' dir='ltr'>substantialis</span> <span class='ocrx_word' id='word_1_311' title='bbox 3163 2213 3395 2306; x_wconf 89' lang='lat' dir='ltr'>prior</span> <span class='ocrx_word' id='word_1_312' title='bbox 3444 2217 3568 2287; x_wconf 90' lang='lat' dir='ltr'>est</span> <span class='ocrx_word' id='word_1_313' title='bbox 3629 2213 3711 2285; x_wconf 94' lang='lat' dir='ltr'>in</span> <span class='ocrx_word' id='word_1_314' title='bbox 3756 2234 3906 2286; x_wconf 89' lang='lat' dir='ltr'>ma-</span> 
     </span>
     <span class='ocr_line' id='line_1_63' title="bbox 2368 2329 3905 2422; baseline -0.003 -16"><span class='ocrx_word' id='word_1_315' title='bbox 2368 2331 2605 2414; x_wconf 88' lang='lat' dir='ltr'>teria,</span> <span class='ocrx_word' id='word_1_316' title='bbox 2645 2331 2934 2404; x_wconf 87' lang='lat' dir='ltr'>saltem</span> <span class='ocrx_word' id='word_1_317' title='bbox 2976 2329 3254 2402; x_wconf 89' lang='lat' dir='ltr'>ordine</span> <span class='ocrx_word' id='word_1_318' title='bbox 3291 2333 3632 2412; x_wconf 79' lang='lat' dir='ltr'>naturae,</span> <span class='ocrx_word' id='word_1_319' title='bbox 3674 2350 3905 2422; x_wconf 89' lang='lat' dir='ltr'>quam</span> 
     </span>
     <span class='ocr_line' id='line_1_64' title="bbox 2370 2447 3903 2541; baseline -0.002 -20"><span class='ocrx_word' id='word_1_320' title='bbox 2370 2449 2535 2522; x_wconf 82' lang='lat' dir='ltr'>haec</span> <span class='ocrx_word' id='word_1_321' title='bbox 2580 2449 3021 2541; x_wconf 82' lang='lat' dir='ltr'>quantitaS‚</span> <span class='ocrx_word' id='word_1_322' title='bbox 3066 2448 3194 2520; x_wconf 84' lang='lat' dir='ltr'>vel</span> <span class='ocrx_word' id='word_1_323' title='bbox 3236 2447 3449 2521; x_wconf 87' lang='lat' dir='ltr'>aliud</span> <span class='ocrx_word' id='word_1_324' title='bbox 3515 2448 3903 2529; x_wconf 80' lang='lat' dir='ltr'>accidenS,</span> 
     </span>
     <span class='ocr_line' id='line_1_65' title="bbox 2370 2564 3906 2657; baseline -0.002 -19"><span class='ocrx_word' id='word_1_325' title='bbox 2370 2565 2540 2638; x_wconf 90' lang='lat' dir='ltr'>ideo</span> <span class='ocrx_word' id='word_1_326' title='bbox 2583 2585 2743 2637; x_wconf 94' lang='lat' dir='ltr'>non</span> <span class='ocrx_word' id='word_1_327' title='bbox 2787 2568 3057 2657; x_wconf 88' lang='lat' dir='ltr'>potest</span> <span class='ocrx_word' id='word_1_328' title='bbox 3106 2564 3531 2657; x_wconf 90' lang='lat' dir='ltr'>corrumpi</span> <span class='ocrx_word' id='word_1_329' title='bbox 3574 2564 3906 2637; x_wconf 87' lang='lat' dir='ltr'>realitas</span> 
     </span>
     <span class='ocr_line' id='line_1_66' title="bbox 2366 2680 3905 2772; baseline -0.003 -17"><span class='ocrx_word' id='word_1_330' title='bbox 2366 2683 2653 2755; x_wconf 79' lang='lat' dir='ltr'>formae</span> <span class='ocrx_word' id='word_1_331' title='bbox 2690 2680 3281 2765; x_wconf 87' lang='lat' dir='ltr'>substantialis,</span> <span class='ocrx_word' id='word_1_332' title='bbox 3322 2681 3512 2772; x_wconf 92' lang='lat' dir='ltr'>quin</span> <span class='ocrx_word' id='word_1_333' title='bbox 3544 2699 3905 2753; x_wconf 90' lang='lat' dir='ltr'>corrum-</span> 
     </span>
     <span class='ocr_line' id='line_1_67' title="bbox 2368 2799 3901 2895; baseline -0.005 -22"><span class='ocrx_word' id='word_1_334' title='bbox 2368 2806 2612 2895; x_wconf 89' lang='lat' dir='ltr'>patur</span> <span class='ocrx_word' id='word_1_335' title='bbox 2664 2801 2997 2874; x_wconf 88' lang='lat' dir='ltr'>realitas</span> <span class='ocrx_word' id='word_1_336' title='bbox 3032 2799 3317 2872; x_wconf 83' lang='lat' dir='ltr'>formae</span> <span class='ocrx_word' id='word_1_337' title='bbox 3360 2799 3901 2873; x_wconf 74' lang='lat' dir='ltr'>accidentalis⁴</span> 
     </span>
    </p>

    <p class='ocr_par' dir='ltr' id='par_1_9' title="bbox 2364 2915 3921 5687">
     <span class='ocr_line' id='line_1_68' title="bbox 2458 2915 3902 3008; baseline -0.002 -18"><span class='ocrx_word' id='word_1_338' title='bbox 2458 2918 2684 2991; x_wconf 80' lang='lat' dir='ltr'>Sicut</span> <span class='ocrx_word' id='word_1_339' title='bbox 2724 2936 2922 3007; x_wconf 81' lang='lat' dir='ltr'>ergo</span> <span class='ocrx_word' id='word_1_340' title='bbox 2980 2915 3365 3008; x_wconf 80' lang='lat' dir='ltr'>praedicta</span> <span class='ocrx_word' id='word_1_341' title='bbox 3415 2918 3902 3007; x_wconf 89' lang='lat' dir='ltr'>supponunt,</span> 
     </span>
     <span class='ocr_line' id='line_1_69' title="bbox 2367 3030 3905 3128; baseline -0.004 -20"><span class='ocrx_word' id='word_1_342' title='bbox 2367 3036 2575 3128; x_wconf 91' lang='lat' dir='ltr'>quod</span> <span class='ocrx_word' id='word_1_343' title='bbox 2626 3036 2706 3107; x_wconf 92' lang='lat' dir='ltr'>in</span> <span class='ocrx_word' id='word_1_344' title='bbox 2775 3033 3305 3124; x_wconf 82' lang='lat' dir='ltr'>generatione</span> <span class='ocrx_word' id='word_1_345' title='bbox 3352 3033 3442 3106; x_wconf 85' lang='lat' dir='ltr'>fit</span> <span class='ocrx_word' id='word_1_346' title='bbox 3514 3030 3905 3105; x_wconf 90' lang='lat' dir='ltr'>resolutio</span> 
     </span>
     <span class='ocr_line' id='line_1_70' title="bbox 2368 3150 3909 3245; baseline -0.001 -22"><span class='ocrx_word' id='word_1_347' title='bbox 2368 3172 2617 3245; x_wconf 89' lang='lat' dir='ltr'>usque</span> <span class='ocrx_word' id='word_1_348' title='bbox 2693 3152 2783 3223; x_wconf 89' lang='lat' dir='ltr'>ad</span> <span class='ocrx_word' id='word_1_349' title='bbox 2846 3151 3199 3244; x_wconf 88' lang='lat' dir='ltr'>primam</span> <span class='ocrx_word' id='word_1_350' title='bbox 3276 3150 3744 3230; x_wconf 89' lang='lat' dir='ltr'>materiam,</span> <span class='ocrx_word' id='word_1_351' title='bbox 3801 3150 3909 3223; x_wconf 84' lang='lat' dir='ltr'>ita</span> 
     </span>
     <span class='ocr_line' id='line_1_71' title="bbox 2367 3266 3907 3361; baseline -0.002 -22"><span class='ocrx_word' id='word_1_352' title='bbox 2367 3270 2572 3361; x_wconf 88' lang='lat' dir='ltr'>quod</span> <span class='ocrx_word' id='word_1_353' title='bbox 2642 3267 2844 3340; x_wconf 79' lang='lat' dir='ltr'>nihil</span> <span class='ocrx_word' id='word_1_354' title='bbox 2918 3267 3331 3360; x_wconf 87' lang='lat' dir='ltr'>pertinens</span> <span class='ocrx_word' id='word_1_355' title='bbox 3397 3269 3493 3339; x_wconf 88' lang='lat' dir='ltr'>ad</span> <span class='ocrx_word' id='word_1_356' title='bbox 3558 3266 3907 3340; x_wconf 85' lang='lat' dir='ltr'>formam</span> 
     </span>
     <span class='ocr_line' id='line_1_72' title="bbox 2367 3384 3905 3475; baseline -0.003 -17"><span class='ocrx_word' id='word_1_357' title='bbox 2367 3384 2991 3458; x_wconf 87' lang='lat' dir='ltr'>substantialem</span> <span class='ocrx_word' id='word_1_358' title='bbox 3038 3388 3405 3458; x_wconf 89' lang='lat' dir='ltr'>remanet</span> <span class='ocrx_word' id='word_1_359' title='bbox 3454 3384 3531 3455; x_wconf 92' lang='lat' dir='ltr'>in</span> <span class='ocrx_word' id='word_1_360' title='bbox 3575 3404 3905 3475; x_wconf 82' lang='lat' dir='ltr'>genera-</span> 
     </span>
     <span class='ocr_line' id='line_1_73' title="bbox 2369 3500 3913 3593; baseline -0.002 -19"><span class='ocrx_word' id='word_1_361' title='bbox 2369 3506 2450 3575; x_wconf 92' lang='lat' dir='ltr'>to</span> <span class='ocrx_word' id='word_1_362' title='bbox 2502 3505 2579 3574; x_wconf 85' lang='lat' dir='ltr'>et</span> <span class='ocrx_word' id='word_1_363' title='bbox 2614 3506 3035 3593; x_wconf 83' lang='lat' dir='ltr'>corruptO,</span> <span class='ocrx_word' id='word_1_364' title='bbox 3122 3500 3316 3572; x_wconf 90' lang='lat' dir='ltr'>illud</span> <span class='ocrx_word' id='word_1_365' title='bbox 3361 3501 3487 3574; x_wconf 82' lang='lat' dir='ltr'>vel</span> <span class='ocrx_word' id='word_1_366' title='bbox 3537 3501 3746 3573; x_wconf 91' lang='lat' dir='ltr'>idem</span> <span class='ocrx_word' id='word_1_367' title='bbox 3789 3501 3913 3571; x_wconf 87' lang='lat' dir='ltr'>ha-</span> 
     </span>
     <span class='ocr_line' id='line_1_74' title="bbox 2365 3616 3911 3697; baseline -0.001 -8"><span class='ocrx_word' id='word_1_368' title='bbox 2365 3618 2552 3690; x_wconf 91' lang='lat' dir='ltr'>bent</span> <span class='ocrx_word' id='word_1_369' title='bbox 2620 3617 2890 3689; x_wconf 88' lang='lat' dir='ltr'>dicere</span> <span class='ocrx_word' id='word_1_370' title='bbox 2930 3617 3021 3688; x_wconf 88' lang='lat' dir='ltr'>de</span> <span class='ocrx_word' id='word_1_371' title='bbox 3083 3616 3351 3689; x_wconf 82' lang='lat' dir='ltr'>forma</span> <span class='ocrx_word' id='word_1_372' title='bbox 3411 3617 3911 3697; x_wconf 86' lang='lat' dir='ltr'>accidentali,</span> 
     </span>
     <span class='ocr_line' id='line_1_75' title="bbox 2366 3734 3910 3825; baseline -0.001 -20"><span class='ocrx_word' id='word_1_373' title='bbox 2366 3739 2444 3807; x_wconf 91' lang='lat' dir='ltr'>et</span> <span class='ocrx_word' id='word_1_374' title='bbox 2486 3734 2575 3805; x_wconf 89' lang='lat' dir='ltr'>de</span> <span class='ocrx_word' id='word_1_375' title='bbox 2612 3734 3072 3825; x_wconf 87' lang='lat' dir='ltr'>quantitate</span> <span class='ocrx_word' id='word_1_376' title='bbox 3117 3761 3128 3803; x_wconf 88' lang='lat'>:</span> <span class='ocrx_word' id='word_1_377' title='bbox 3193 3738 3278 3806; x_wconf 90' lang='lat' dir='ltr'>ut</span> <span class='ocrx_word' id='word_1_378' title='bbox 3340 3734 3549 3807; x_wconf 89' lang='lat' dir='ltr'>sicut</span> <span class='ocrx_word' id='word_1_379' title='bbox 3589 3734 3910 3815; x_wconf 85' lang='lat' dir='ltr'>dicitur,</span> 
     </span>
     <span class='ocr_line' id='line_1_76' title="bbox 2369 3851 3909 3944; baseline 0.003 -24"><span class='ocrx_word' id='word_1_380' title='bbox 2369 3852 2574 3944; x_wconf 90' lang='lat' dir='ltr'>quod</span> <span class='ocrx_word' id='word_1_381' title='bbox 2620 3872 3017 3941; x_wconf 77' lang='lat' dir='ltr'>generans</span> <span class='ocrx_word' id='word_1_382' title='bbox 3056 3873 3199 3944; x_wconf 86' lang='lat' dir='ltr'>per</span> <span class='ocrx_word' id='word_1_383' title='bbox 3224 3873 3307 3923; x_wconf 88' lang='lat' dir='ltr'>se</span> <span class='ocrx_word' id='word_1_384' title='bbox 3342 3851 3909 3932; x_wconf 88' lang='lat' dir='ltr'>substantiam,</span> 
     </span>
     <span class='ocr_line' id='line_1_77' title="bbox 2367 3968 3916 4061; baseline 0.001 -22"><span class='ocrx_word' id='word_1_385' title='bbox 2367 3973 2706 4060; x_wconf 85' lang='lat' dir='ltr'>generat</span> <span class='ocrx_word' id='word_1_386' title='bbox 2768 3990 2865 4039; x_wconf 80' lang='lat' dir='ltr'>ex</span> <span class='ocrx_word' id='word_1_387' title='bbox 2918 3968 3444 4060; x_wconf 88' lang='lat' dir='ltr'>consequenti</span> <span class='ocrx_word' id='word_1_388' title='bbox 3516 3969 3916 4061; x_wconf 87' lang='lat' dir='ltr'>quantita-</span> 
     </span>
     <span class='ocr_line' id='line_1_78' title="bbox 2369 4085 3916 4167; baseline -0.001 -8"><span class='ocrx_word' id='word_1_389' title='bbox 2369 4091 2558 4167; x_wconf 86' lang='lat' dir='ltr'>tem,</span> <span class='ocrx_word' id='word_1_390' title='bbox 2587 4088 2664 4157; x_wconf 89' lang='lat' dir='ltr'>et</span> <span class='ocrx_word' id='word_1_391' title='bbox 2689 4085 2961 4156; x_wconf 87' lang='lat' dir='ltr'>omnia</span> <span class='ocrx_word' id='word_1_392' title='bbox 2994 4085 3443 4158; x_wconf 87' lang='lat' dir='ltr'>accidentia</span> <span class='ocrx_word' id='word_1_393' title='bbox 3478 4085 3702 4156; x_wconf 91' lang='lat' dir='ltr'>illam</span> <span class='ocrx_word' id='word_1_394' title='bbox 3738 4105 3916 4158; x_wconf 90' lang='lat' dir='ltr'>con-</span> 
     </span>
     <span class='ocr_line' id='line_1_79' title="bbox 2367 4201 3916 4296; baseline -0.001 -21"><span class='ocrx_word' id='word_1_395' title='bbox 2367 4201 2883 4281; x_wconf 57' lang='lat' dir='ltr'>comitantia,</span> <span class='ocrx_word' id='word_1_396' title='bbox 2921 4201 3171 4274; x_wconf 90' lang='lat' dir='ltr'>etiam</span> <span class='ocrx_word' id='word_1_397' title='bbox 3206 4222 3751 4294; x_wconf 89' lang='lat' dir='ltr'>corrumpens</span> <span class='ocrx_word' id='word_1_398' title='bbox 3777 4222 3916 4296; x_wconf 88' lang='lat' dir='ltr'>per</span> 
     </span>
     <span class='ocr_line' id='line_1_80' title="bbox 2369 4318 3915 4410; baseline 0.002 -22"><span class='ocrx_word' id='word_1_399' title='bbox 2369 4339 2451 4388; x_wconf 88' lang='lat' dir='ltr'>se</span> <span class='ocrx_word' id='word_1_400' title='bbox 2478 4318 3047 4401; x_wconf 87' lang='lat' dir='ltr'>substantiam,</span> <span class='ocrx_word' id='word_1_401' title='bbox 3101 4319 3561 4410; x_wconf 89' lang='lat' dir='ltr'>corrumpit</span> <span class='ocrx_word' id='word_1_402' title='bbox 3591 4340 3691 4390; x_wconf 79' lang='lat' dir='ltr'>ex</span> <span class='ocrx_word' id='word_1_403' title='bbox 3737 4340 3915 4391; x_wconf 90' lang='lat' dir='ltr'>eon-</span> 
     </span>
     <span class='ocr_line' id='line_1_81' title="bbox 2368 4433 3917 4526; baseline 0.001 -21"><span class='ocrx_word' id='word_1_404' title='bbox 2368 4436 2736 4526; x_wconf 86' lang='lat' dir='ltr'>sequenti</span> <span class='ocrx_word' id='word_1_405' title='bbox 2766 4433 3040 4505; x_wconf 91' lang='lat' dir='ltr'>omnia</span> <span class='ocrx_word' id='word_1_406' title='bbox 3073 4435 3548 4515; x_wconf 83' lang='lat' dir='ltr'>accidentia,</span> <span class='ocrx_word' id='word_1_407' title='bbox 3590 4457 3769 4526; x_wconf 82' lang='lat' dir='ltr'>quae</span> <span class='ocrx_word' id='word_1_408' title='bbox 3805 4435 3917 4506; x_wconf 91' lang='lat' dir='ltr'>illi</span> 
     </span>
     <span class='ocr_line' id='line_1_82' title="bbox 2366 4551 3917 4643; baseline 0 -20"><span class='ocrx_word' id='word_1_409' title='bbox 2366 4552 2760 4624; x_wconf 81' lang='lat' dir='ltr'>inhaerent</span> <span class='ocrx_word' id='word_1_410' title='bbox 2814 4577 2827 4620; x_wconf 92' lang='lat'>:</span> <span class='ocrx_word' id='word_1_411' title='bbox 2877 4556 2957 4624; x_wconf 89' lang='lat' dir='ltr'>et</span> <span class='ocrx_word' id='word_1_412' title='bbox 3012 4551 3388 4643; x_wconf 84' lang='lat' dir='ltr'>quidquid</span> <span class='ocrx_word' id='word_1_413' title='bbox 3469 4551 3776 4625; x_wconf 87' lang='lat' dir='ltr'>dicitur</span> <span class='ocrx_word' id='word_1_414' title='bbox 3831 4553 3917 4623; x_wconf 89' lang='lat' dir='ltr'>de</span> 
     </span>
     <span class='ocr_line' id='line_1_83' title="bbox 2366 4670 3921 4761; baseline -0.001 -20"><span class='ocrx_word' id='word_1_415' title='bbox 2366 4691 2659 4761; x_wconf 83' lang='lat' dir='ltr'>genera</span> <span class='ocrx_word' id='word_1_416' title='bbox 2679 4670 2898 4743; x_wconf 89' lang='lat' dir='ltr'>tione</span> <span class='ocrx_word' id='word_1_417' title='bbox 2952 4673 3032 4741; x_wconf 87' lang='lat' dir='ltr'>et</span> <span class='ocrx_word' id='word_1_418' title='bbox 3075 4670 3609 4761; x_wconf 88' lang='lat' dir='ltr'>corruptione</span> <span class='ocrx_word' id='word_1_419' title='bbox 3643 4690 3794 4761; x_wconf 90' lang='lat' dir='ltr'>per</span> <span class='ocrx_word' id='word_1_420' title='bbox 3842 4689 3921 4740; x_wconf 86' lang='lat' dir='ltr'>se</span> 
     </span>
     <span class='ocr_line' id='line_1_84' title="bbox 2367 4781 3918 4874; baseline -0.003 -19"><span class='ocrx_word' id='word_1_421' title='bbox 2367 4785 2869 4864; x_wconf 76' lang='lat' dir='ltr'>substantiae,</span> <span class='ocrx_word' id='word_1_422' title='bbox 2911 4784 3213 4856; x_wconf 88' lang='lat' dir='ltr'>dicitur</span> <span class='ocrx_word' id='word_1_423' title='bbox 3262 4805 3357 4854; x_wconf 83' lang='lat' dir='ltr'>ex</span> <span class='ocrx_word' id='word_1_424' title='bbox 3390 4781 3918 4874; x_wconf 87' lang='lat' dir='ltr'>consequenti</span> 
     </span>
     <span class='ocr_line' id='line_1_85' title="bbox 2364 4896 3919 4987; baseline 0.001 -20"><span class='ocrx_word' id='word_1_425' title='bbox 2364 4898 2454 4968; x_wconf 88' lang='lat' dir='ltr'>de</span> <span class='ocrx_word' id='word_1_426' title='bbox 2517 4897 3045 4987; x_wconf 68' lang='lat' dir='ltr'>generatione</span> <span class='ocrx_word' id='word_1_427' title='bbox 3132 4896 3491 4969; x_wconf 90' lang='lat' dir='ltr'>omnium</span> <span class='ocrx_word' id='word_1_428' title='bbox 3561 4896 3919 4970; x_wconf 87' lang='lat' dir='ltr'>acciden-</span> 
     </span>
     <span class='ocr_line' id='line_1_86' title="bbox 2372 5015 3917 5107; baseline -0.002 -20"><span class='ocrx_word' id='word_1_429' title='bbox 2372 5016 2596 5099; x_wconf 90' lang='lat' dir='ltr'>tium,</span> <span class='ocrx_word' id='word_1_430' title='bbox 2655 5036 2829 5107; x_wconf 81' lang='lat' dir='ltr'>quae</span> <span class='ocrx_word' id='word_1_431' title='bbox 2865 5018 3052 5088; x_wconf 89' lang='lat' dir='ltr'>sunt</span> <span class='ocrx_word' id='word_1_432' title='bbox 3088 5015 3165 5087; x_wconf 93' lang='lat' dir='ltr'>in</span> <span class='ocrx_word' id='word_1_433' title='bbox 3209 5018 3598 5106; x_wconf 81' lang='lat' dir='ltr'>generato</span> <span class='ocrx_word' id='word_1_434' title='bbox 3632 5019 3711 5087; x_wconf 89' lang='lat' dir='ltr'>et</span> <span class='ocrx_word' id='word_1_435' title='bbox 3746 5035 3917 5086; x_wconf 89' lang='lat' dir='ltr'>cor·</span> 
     </span>
     <span class='ocr_line' id='line_1_87' title="bbox 2371 5129 3918 5224; baseline -0.001 -22"><span class='ocrx_word' id='word_1_436' title='bbox 2371 5137 2637 5224; x_wconf 91' lang='lat' dir='ltr'>rupto.</span> <span class='ocrx_word' id='word_1_437' title='bbox 2722 5133 3095 5213; x_wconf 84' lang='lat' dir='ltr'>Quaedam</span> <span class='ocrx_word' id='word_1_438' title='bbox 3175 5131 3392 5202; x_wconf 90' lang='lat' dir='ltr'>enim</span> <span class='ocrx_word' id='word_1_439' title='bbox 3470 5129 3918 5203; x_wconf 86' lang='lat' dir='ltr'>accidentia</span> 
     </span>
     <span class='ocr_line' id='line_1_88' title="bbox 2367 5246 3915 5341; baseline -0.001 -22"><span class='ocrx_word' id='word_1_440' title='bbox 2367 5251 3014 5341; x_wconf 86' lang='lat' dir='ltr'>corrumpuntur</span> <span class='ocrx_word' id='word_1_441' title='bbox 3084 5269 3226 5341; x_wconf 90' lang='lat' dir='ltr'>per</span> <span class='ocrx_word' id='word_1_442' title='bbox 3301 5246 3915 5339; x_wconf 82' lang='lat' dir='ltr'>corruptionem</span> 
     </span>
     <span class='ocr_line' id='line_1_89' title="bbox 2369 5364 3917 5445; baseline 0.001 -12"><span class='ocrx_word' id='word_1_443' title='bbox 2369 5366 2843 5438; x_wconf 85' lang='lat' dir='ltr'>substantiae</span> <span class='ocrx_word' id='word_1_444' title='bbox 2924 5366 3213 5445; x_wconf 87' lang='lat' dir='ltr'>solum,</span> <span class='ocrx_word' id='word_1_445' title='bbox 3307 5370 3391 5437; x_wconf 91' lang='lat' dir='ltr'>ut</span> <span class='ocrx_word' id='word_1_446' title='bbox 3468 5364 3917 5436; x_wconf 83' lang='lat' dir='ltr'>accidentia</span> 
     </span>
     <span class='ocr_line' id='line_1_90' title="bbox 2369 5479 3915 5571; baseline -0.001 -21"><span class='ocrx_word' id='word_1_447' title='bbox 2369 5479 2842 5571; x_wconf 84' lang='lat' dir='ltr'>symbolica,</span> <span class='ocrx_word' id='word_1_448' title='bbox 2954 5480 3127 5553; x_wconf 89' lang='lat' dir='ltr'>ideo</span> <span class='ocrx_word' id='word_1_449' title='bbox 3228 5483 3557 5552; x_wconf 84' lang='lat' dir='ltr'>manent</span> <span class='ocrx_word' id='word_1_450' title='bbox 3641 5481 3915 5551; x_wconf 86' lang='lat' dir='ltr'>eadem</span> 
     </span>
     <span class='ocr_line' id='line_1_91' title="bbox 2373 5593 3918 5687; baseline -0.001 -22"><span class='ocrx_word' id='word_1_451' title='bbox 2373 5594 2664 5687; x_wconf 80' lang='lat' dir='ltr'>specie,</span> <span class='ocrx_word' id='word_1_452' title='bbox 2704 5614 2861 5664; x_wconf 92' lang='lat' dir='ltr'>non</span> <span class='ocrx_word' id='word_1_453' title='bbox 2898 5613 3262 5675; x_wconf 88' lang='lat' dir='ltr'>numero,</span> <span class='ocrx_word' id='word_1_454' title='bbox 3304 5593 3381 5664; x_wconf 92' lang='lat' dir='ltr'>in</span> <span class='ocrx_word' id='word_1_455' title='bbox 3415 5597 3807 5683; x_wconf 83' lang='lat' dir='ltr'>generato</span> <span class='ocrx_word' id='word_1_456' title='bbox 3843 5597 3918 5665; x_wconf 90' lang='lat' dir='ltr'>et</span> 
     </span>
    </p>
   </div>
  </div>
 </body>
</html>
