4252 6393
1574 496 1762 572 QUAE
1773 496 1947 560 STIO
2003 494 2084 560 1x

218 658 436 741 mari,
508 679 603 732 ac
648 679 795 752 per
868 657 1020 731 hoc
1086 677 1248 730 non
1306 655 1606 730 habent
1665 659 1754 731 ut

216 775 559 870 perfecte
620 774 773 848 sibi
836 780 1122 850 mutuo
1193 774 1621 856 uniantur,
1680 776 1761 848 et

215 897 501 986 quanto
575 893 839 985 magis
908 893 1187 986 aliqua
1260 894 1651 966 recedunt
1713 913 1760 965 a

211 1011 781 1105 corporeitate,
820 1015 1054 1086 tanto
1097 1011 1362 1103 magis
1397 1032 1482 1083 se
1527 1029 1759 1104 pene·

216 1131 450 1210 tram,
496 1148 589 1201 ac
629 1147 777 1221 per
807 1126 958 1201 hoc
1022 1127 1287 1220 magis
1349 1131 1538 1202 sunt
1581 1125 1758 1199 uni·

214 1243 418 1317 bilia.
457 1247 628 1318 Hoc
661 1247 885 1338 patet
919 1244 1000 1317 in
1032 1245 1339 1317 lumine
1373 1247 1753 1338 respectu

219 1362 576 1456 corporis
620 1361 880 1456 opaci,
913 1367 994 1437 et
1025 1361 1435 1457 diaphani.
1484 1362 1566 1437 Si
1611 1361 1757 1454 igi-

220 1481 345 1551 tur
371 1478 1010 1562 consideremus,
1049 1480 1260 1572 quod
1294 1480 1564 1553 omnis
1598 1479 1762 1552 alia

219 1593 464 1668 forma
509 1597 610 1670 ab
670 1596 1219 1680 intellectiva,
1267 1602 1410 1671 aut
1474 1602 1600 1672 est
1667 1597 1760 1671 de

218 1713 539 1786 materia
573 1714 885 1796 educta,
923 1718 1065 1788 aut
1107 1715 1200 1786 de
1244 1713 1567 1788 ratione
1604 1735 1753 1787 sua

220 1828 381 1922 plus
453 1831 762 1905 accedit
849 1830 943 1903 ad
1051 1831 1758 1911 materialitatem.

220 1946 639 2022 videbimus
672 1953 957 2043 aperte
999 1950 1207 2042 quod
1238 1949 1463 2022 nulla
1522 1949 1761 2022 habet

225 2063 453 2137 talem
559 2067 882 2138 modum
960 2066 1595 2159 spiritualitatis
1682 2070 1764 2141 et

229 2182 932 2272 penetrabilitatis‚
979 2203 1072 2256 ac
1112 2203 1260 2277 per
1323 2183 1476 2257 hoc
1541 2183 1765 2256 unio-

230 2296 363 2378 nis,
426 2298 638 2372 sicut
712 2298 892 2393 ipsa
946 2324 962 2369 ε
1016 2303 1095 2373 et
1159 2299 1347 2391 quia
1378 2298 1624 2372 homo
1666 2299 1766 2372 ab

235 2433 318 2485 ea
337 2418 454 2488 est
483 2413 760 2497 homo,
798 2415 983 2508 ideo·
1008 2416 1271 2509 magis
1311 2421 1439 2490 est
1484 2437 1760 2499 unum,

232 2549 446 2621 quam
478 2533 807 2626 aliquod
835 2532 1048 2608 aliud
1085 2534 1662 2627 compositum.

308 2647 520 2730 Item,
582 2669 834 2721 unum
875 2654 955 2723 et
985 2671 1190 2731 esse,
1229 2653 1317 2724 ut
1350 2649 1762 2743 supradic-

230 2767 380 2836 tum
435 2768 556 2838 est
604 2785 752 2858 per
820 2767 1199 2841 Boetium
1246 2768 1328 2834 de
1391 2770 1661 2836 Unieaee
1705 2763 1768 2836 et

232 2880 378 2962 Uno,
437 2906 581 2972 cap.
648 2885 713 2955 1.
776 2886 1379 2958 convertuntur
1440 2888 1522 2958 et
1582 2903 1765 2977 pro-

232 2995 794 3084 portionantur
822 3025 837 3069 ε
869 2999 1005 3072 sed
1039 3002 1214 3073 tota
1241 2999 1457 3074 ratio
1491 3018 1761 3072 essen-

232 3109 320 3192 di,
364 3133 531 3206 qnae
570 3119 841 3210 potest
882 3117 1352 3210 excogitari
1392 3116 1575 3189 dari
1619 3117 1767 3189 ali-

233 3228 350 3301 cui
409 3235 865 3327 composito
909 3235 1298 3316 naturali,
1355 3234 1599 3310 datur
1667 3234 1766 3307 ab

236 3345 716 3425 intellectiva
743 3373 906 3424 suae
938 3352 1330 3434 materiae,
1361 3352 1531 3425 sive
1549 3373 1761 3425 com-

236 3465 516 3555 posito,
551 3473 641 3544 ut
670 3491 849 3542 esse
880 3470 1229 3543 liberum
1264 3469 1765 3545 intellectui-

236 3586 584 3671 quamvis
616 3587 831 3658 enim
873 3588 1037 3662 sint
1094 3588 1437 3661 diversae
1474 3587 1763 3660 formae

235 3695 303 3768 in
347 3698 690 3785 homine,
725 3704 1006 3778 dantes
1046 3705 1371 3777 diversa
1401 3729 1557 3785 esse,
1589 3701 1765 3775 ani-

234 3834 353 3887 ma
386 3817 881 3893 intellectiva
915 3843 1073 3894 non
1113 3823 1375 3895 solum
1399 3822 1534 3896 dat
1584 3841 1761 3892 esse

234 3928 692 4019 intellectui,
751 3938 883 4010 sed
938 3939 1522 4031 perficitactus
1570 3938 1766 4011 alia-

236 4067 406 4121 rum
469 4052 953 4126 formarum.
1000 4056 1221 4139 Quod
1275 4059 1523 4148 patet,
1576 4059 1765 4151 quia

238 4161 402 4257 ipsa
491 4172 932 4255 recedente,
1034 4172 1320 4265 incipit
1416 4174 1767 4247 materia

238 4289 642 4381 corrumpi
722 4288 984 4380 quoad
1070 4293 1303 4363 actus
1409 4289 1765 4363 aliarum

239 4397 730 4486 formarum3
839 4424 1039 4497 ergo
1145 4407 1214 4478 si
1331 4407 1762 4479 secundum

241 4515 597 4593 Boetium
654 4524 770 4590 lib.
843 4524 951 4595 10.
1015 4525 1098 4590 de
1160 4525 1430 4591 Unilate
1483 4538 1543 4592 et
1597 4527 1761 4606 Une,

240 4658 369 4723 cap.
440 4642 503 4709 1.
576 4638 844 4711 forma
906 4639 1041 4713 dat
1099 4661 1311 4722 csse,
1387 4640 1547 4714 ista
1607 4640 1767 4713 for-

242 4770 359 4824 ma
423 4755 619 4828 dans
688 4777 901 4837 esse,
969 4761 1627 4831 consummatum
1687 4761 1768 4830 et

247 4869 710 4956 perfectum,
796 4873 1032 4965 quale
1117 4878 1523 4947 creaturae
1591 4894 1767 4947 cor·

249 4988 597 5078 ruptibili
670 4995 942 5083 potest
984 4992 1602 5074 communicari,
1644 4996 1769 5066 est

244 5102 675 5188 perfectior
754 5106 975 5178 omni
1054 5106 1366 5190 forma,
1454 5126 1546 5181 ac
1626 5128 1774 5200 per

245 5216 378 5293 hoc
465 5222 813 5297 unitiori
872 5227 952 5297 et
1029 5222 1431 5297 intimiori
1503 5224 1773 5296 forma

246 5333 581 5422 intimat,
635 5346 718 5415 et
781 5361 1029 5413 unum
1089 5341 1313 5423 facit,
1383 5345 1773 5433 tanquam

254 5456 505 5533 forma
593 5462 669 5535 in
752 5484 907 5555 qua
999 5463 1502 5536 terminatur
1596 5466 1776 5536 tota

256 5575 450 5647 ratio
481 5579 824 5659 essendi,
863 5599 1048 5650 cum
1082 5578 1353 5649 forma
1387 5577 1494 5650 sit
1539 5581 1779 5649 matc-

253 5687 389 5763 riae
423 5693 778 5776 unibilis,
837 5693 1050 5768 sicut
1102 5697 1283 5767 tota
1315 5691 1781 5765 considera-

3296 495 3414 560 4³5

1873 658 1989 730 tio
2040 655 2334 729 formae
2375 656 2877 732 terminatur
2917 656 3012 729 ad
3063 654 3420 730 formam

1875 773 2486 856 intellectivam,
2544 780 2631 849 ut
2670 774 2971 849 dicitur
3006 776 3074 846 2.
3141 777 3416 862 physic.

1874 909 2035 966 texe.
2074 900 2442 965 Commeat.
2476 898 2590 969 26.
2629 894 2757 970 Sic
2792 898 2969 968 tota
3003 893 3222 968 ratio
3257 893 3423 966 uni·

1875 1013 2098 1095 tatis,
2155 1033 2330 1105 quae
2398 1011 2662 1106 possit
2722 1033 2903 1085 esse
2972 1010 3055 1084 in
3140 1011 3418 1104 aliquo

1874 1127 2337 1220 composito
2372 1147 2573 1220 pure
2604 1126 2991 1209 naturali,
3033 1126 3423 1199 termina-

1874 1249 2016 1319 tur
2059 1244 2139 1317 in
2180 1242 2533 1328 homine,
2572 1248 2663 1319 ut
2703 1245 2783 1317 in
2816 1242 3105 1317 ultimo
3137 1243 3424 1316 termi-

1873 1382 1978 1436 no
2037 1365 2358 1436 naturae
2423 1386 2439 1432 ε
2515 1364 2861 1455 propter
2927 1359 3136 1453 quod
3210 1359 3419 1442 dico,

1876 1480 2084 1571 quod
2155 1478 2235 1551 in
2276 1476 2600 1551 homine
2641 1481 2766 1551 est
2824 1475 3094 1570 major
3153 1476 3424 1550 unitas

1874 1597 2341 1673 essentialis
2385 1617 2625 1689 quam
2695 1596 2774 1668 in
2816 1595 3090 1686 aliquo
3150 1593 3419 1674 bruto,

1872 1714 2001 1787 vcl
2053 1714 2518 1808 composito
2587 1710 2974 1793 naturali,
3045 1715 3127 1785 et
3171 1709 3250 1782 in
3323 1730 3421 1782 eo

1875 1832 2379 1905 terminatur
2440 1830 2703 1903 omnis
2761 1828 2977 1903 ratio
3045 1827 3417 1908 unitatis,

1876 1952 1963 2022 ut
1999 1948 2078 2020 in
2123 1947 2507 2021 termino.

2235 2280 2482 2339 ARTIC.
2557 2280 2625 2338 11.
2701 2277 2907 2338 SECT.
2985 2277 3083 2337 1v.

1875 2462 2082 2528 Homo
2139 2462 2502 2549 perfectius
2560 2472 2622 2527 et
2671 2462 2896 2529 verius
2959 2472 3054 2528 est
3103 2460 3297 2528 homo
3347 2462 3421 2529 in

1962 2589 2142 2646 statu
2196 2590 2461 2646 natm-ce
2510 2580 2798 2646 conditoe
2838 2599 3037 2665 quam
3078 2578 3307 2667 lapsae,
3359 2588 3423 2646 el

1966 2699 2040 2763 in
2083 2707 2265 2762 statu
2292 2699 2544 2784 paerioe
2583 2718 2784 2785 quam
2833 2696 3015 2763 vitae.

1968 2895 2085 2965 Ex
2148 2915 2305 2986 quo
2368 2897 2616 2986 patet,
2656 2892 2865 2985 quod
2924 2913 3110 2966 cum
3151 2912 3293 2965 ens
3342 2895 3427 2966 ot

1879 3031 2128 3082 unum
2225 3015 2843 3091 convertantur,
2950 3009 3161 3103 quod
3264 3017 3426 3082 una

1880 3127 2340 3202 substantia
2417 3126 2878 3221 composita
2962 3131 3089 3202 est
3160 3126 3426 3219 magis

1875 3244 2337 3319 substantia
2425 3264 2667 3337 quam
2746 3244 2936 3326 alia,
3050 3243 3270 3318 sicut
3347 3247 3430 3317 et

1878 3359 2143 3449 magis
2221 3379 2405 3431 una.
2480 3362 2579 3432 Et
2647 3379 2807 3430 non
2872 3358 3136 3430 solum
3185 3357 3265 3431 in
3314 3358 3428 3430 di-

1880 3475 2140 3548 versis
2201 3474 2629 3567 speciebus
2689 3473 3268 3564 etgeneribus‚
3333 3477 3426 3547 ut

1878 3593 2121 3666 homo
2181 3599 2306 3667 cst
2385 3592 2644 3684 magis
2731 3613 2911 3675 enS,
3002 3595 3083 3665 et
3163 3590 3429 3682 magis

1880 3732 2125 3783 unum
2190 3733 2431 3804 quam
2536 3711 2895 3791 brutum,
2987 3708 3120 3780 sed
3179 3708 3431 3782 etiam

1882 3829 1959 3900 in
2026 3828 2302 3900 eadem
2357 3827 2649 3921 specie,
2717 3848 2921 3899 unus
2973 3824 3216 3898 homo
3262 3846 3429 3898 rna-

1880 3944 2004 4035 gis
2110 3948 2235 4017 cst
2311 3943 2599 4024 homo,
2693 3947 2774 4017 et
2865 3941 3126 4033 magis
3223 3963 3429 4014 unus

1880 4080 2121 4151 quam
2160 4060 2400 4142 aliuS,
2442 4062 2877 4134 secundum
2914 4059 3120 4151 quod
3156 4058 3433 4131 anima.

1882 4178 2315 4251 rationalis
2368 4182 2495 4251 est
2538 4177 3053 4270 completior,
3109 4181 3190 4250 et
3250 4195 3434 4267 per-

1880 4294 2176 4369 fectior
2236 4316 2474 4386 quam
2547 4293 2750 4397 alia;
2808 4299 2888 4367 et
2949 4313 3194 4365 unum
3256 4311 3433 4363 cor-

1890 4431 2035 4503 pus
2078 4411 2246 4483 alio
2293 4410 2372 4481 in
2413 4408 3003 4502 complexione,
3049 4412 3130 4482 et
3173 4425 3434 4499 aequa·

1881 4522 3437 4617 litatcelcmentorumpe1‘foctiUS,quia

1887 4664 2140 4715 unum
2167 4663 2312 4713 ens
2338 4663 2496 4713 non
2520 4641 2824 4715 (licitur
2858 4641 3122 4713 solum
3155 4639 3435 4715 verius

1888 4779 2069 4828 esso
2139 4756 2302 4829 tale
2365 4775 2608 4848 quam
2669 4754 2910 4835 aliud,
2959 4753 3127 4825 sive
3180 4752 3260 4825 in
3326 4752 3437 4825 di·

1895 4874 2161 4947 versis
2193 4873 2636 4967 speciebus,
2685 4872 2966 4945 sivein
3018 4892 3200 4953 una,
3248 4871 3438 4964 quia

1883 4992 2067 5086 ejus
2203 4988 2618 5083 principia
2732 4992 2920 5062 sunt
3030 4987 3439 5061 nobiliora

1886 5129 2129 5202 quam
2182 5108 2568 5187 alterum,
2637 5107 2769 5177 scd
2829 5106 3017 5199 quia
3070 5126 3227 5179 una
3276 5105 3439 5178 sor-

1891 5245 2020 5297 ma
2084 5224 2362 5296 verius
2403 5228 2484 5297 et
2558 5221 2924 5296 intimius
2986 5222 3268 5297 unitur
3308 5222 3445 5295 uni

1912 5341 2280 5414 materiae
2329 5360 2567 5432 quam
2616 5339 2819 5421 alia,
2883 5344 2963 5413 et
2996 5344 3171 5413 tota
3230 5338 3446 5413 ratio

1894 5459 2241 5531 unitatis
2262 5457 2640 5539 hominis,
2668 5462 2745 5529 et
2775 5477 2917 5548 per
2947 5476 3446 5548 consequens

1908 5577 2166 5649 totius
2229 5579 2574 5654 naturae,
2622 5579 2745 5646 est
2791 5573 2978 5664 quia
3032 5572 3272 5645 homo
3323 5576 3448 5645 cst

1898 5693 2079 5763 finis
2124 5697 2318 5765 natu
2338 5711 2449 5761 1²ae
2485 5690 2766 5769 totius,
2822 5689 2958 5781 qui
2991 5689 3142 5761 suit
3177 5688 3448 5762 termi-
