4252 6393
1757 404 2115 482 QUAESTIO
2163 397 2241 469 IV

416 565 642 638 modo
677 564 842 640 ista
880 565 1411 659 reperiuntur
1455 567 1533 638 in
1570 566 1779 638 mari
1815 585 1961 658 por

417 685 959 776 praecedentes
1003 685 1601 758 conclusiones.

116 797 388 911 03331·
484 799 748 873 Aliter
776 805 1048 892 potest
1075 800 1511 891 imaginari
1539 821 1790 873 causa
1814 800 1961 871 sal·

110 926 282 974 maria
414 914 705 987 sedinis
770 916 1055 998 mariS,
1113 917 1315 988 unde
1359 916 1571 989 sicut
1633 915 1779 986 sub
1834 936 1963 986 eo·

411 1033 578 1105 dem
612 1050 914 1122 genere
947 1032 1407 1126 propinquo
1432 1032 1750 1105 fructus
1776 1034 1962 1104 sunt

416 1148 668 1220 multa
748 1169 992 1240 poma
1057 1149 1570 1221 diversarum
1633 1151 1963 1220 natura-

420 1284 625 1345 rum,
696 1285 1048 1356 quorum
1103 1265 1377 1357 aliqua
1415 1265 1963 1337 determinant

416 1381 562 1454 sibi
599 1382 994 1463 calorem,
1042 1401 1447 1474 saporem,
1486 1386 1565 1454 et
1603 1382 1957 1462 odorem,

419 1499 775 1589 quaedam
822 1498 985 1570 alia
1016 1518 1178 1570 non
1209 1497 1783 1578 determinant,
1849 1496 1964 1570 ita

419 1616 558 1687 sub
640 1616 922 1688 eodem
1003 1635 1300 1706 genere
1378 1636 1607 1707 aquae
1688 1614 1963 1687 multae

420 1737 603 1806 sunt
645 1737 1055 1806 contentae
1102 1733 1619 1805 diversarum
1665 1732 1964 1824 specie-

421 1869 624 1930 rum,
704 1848 922 1922 sicut
991 1870 1201 1942 aqua
1269 1849 1551 1931 mariS,
1615 1853 1695 1922 et
1757 1866 1967 1940 aqua

417 1966 689 2046 fontis,
728 1970 810 2039 et
833 1965 1321 2059 hujusmodi,
1360 1971 1440 2041 et
1472 1987 1683 2059 aqua
1712 1964 1966 2037 maris

416 2083 909 2156 determinat
954 2082 1103 2156 sibi
1153 2084 1245 2155 de
1288 2083 1410 2156 sui
1470 2088 1774 2156 natura
1816 2080 1967 2154 sal-

420 2199 801 2280 sedinem,
868 2203 950 2272 et
1000 2199 1675 2272 commixtionem
1730 2196 1967 2270 exha-

418 2315 776 2396 lationis,
853 2336 1095 2407 quam
1168 2315 1630 2389 immediate
1690 2335 1967 2388 consc-

418 2433 701 2525 quitur
742 2433 1084 2515 salsedo,
1141 2454 1286 2526 per
1348 2453 1585 2524 quam
1634 2427 1969 2504 'salsedi-

418 2569 596 2620 nem
654 2548 1072 2622 convertit
1134 2569 1515 2641 saporem
1567 2568 1969 2640 aquarum

416 2663 775 2736 dulcium
821 2663 900 2735 in
943 2663 1068 2735 sui
1110 2667 1523 2744 naturam,
1574 2683 1719 2755 per
1758 2683 1970 2735 com-

424 2780 936 2854 mixtionem.

229 2911 273 2960 τ.
504 2901 823 2978 Quarta
853 2896 1279 2970 conclusio
1312 2901 1463 2976 est,
1503 2897 1711 2988 quod
1745 2915 1972 2987 aquae

139 2975 349 3111 afflq.
418 3012 817 3096 fluviales,
854 3019 935 3088 et
977 3014 1242 3088 sontes
1275 3034 1435 3086 non
1476 3013 1761 3086 debent
1795 3033 1974 3084 esse

116 3100 396 3237 15ῗὲζῖ
421 3131 686 3213 salsae,
734 3131 969 3224 cujus
1003 3151 1251 3205 causa
1301 3132 1542 3204 datur
1602 3130 1681 3203 in
1725 3129 1974 3204 tertia

121 3232 395 3335 357⁸*
422 3250 1017 3343 suppositione,
1048 3249 1238 3341 quia
1269 3250 1364 3320 ad
1397 3247 1550 3321 hoc
1587 3249 1793 3339 quod
1828 3269 1974 3340 per

419 3364 834 3439 actionem
888 3365 1126 3446 Solis,
1202 3363 1524 3456 aliquid·
1565 3362 1974 3436 efficiatur

417 3481 756 3563 salsum,
798 3480 1257 3573 requiritur
1298 3480 1543 3568 longa
1584 3478 1802 3551 actio
1840 3481 1971 3551 So-

418 3598 515 3671 lis
552 3598 635 3670 in
678 3598 970 3690 ipsum,
1017 3602 1105 3670 ut
1147 3601 1369 3690 patet
1414 3596 1505 3667 de
1567 3596 1822 3677 mari;
1894 3599 1973 3669 et

417 3737 649 3808 aquae
684 3714 1050 3788 fluviales
1089 3714 1404 3786 modico
1437 3718 1811 3805 tempore
1843 3712 1974 3783 du-

422 3840 611 3909 rant
645 3855 692 3907 a
736 3831 1164 3926 principiis
1207 3831 1556 3904 fontium
1593 3851 1843 3922 usque
1877 3831 1972 3902 ad

424 3971 680 4032 mare,
756 3950 929 4023 ideo
989 3948 1126 4022 Sol
1176 3968 1337 4019 non
1390 3946 1692 4020 sufficit
1755 3946 1973 4039 ipsas

427 4070 912 4140 convertere
966 4066 1045 4138 in
1084 4064 1588 4137 salsedinem.

521 4185 622 4257 Et
665 4183 734 4255 si
785 4187 1205 4275 quaeratur
1245 4182 1336 4253 de
1379 4179 1609 4273 aquis
1654 4182 1975 4269 stagna·

427 4300 664 4381 libus,
728 4304 809 4375 et
851 4300 1211 4380 lacubuS‚
1260 4317 1434 4390 quae
1494 4300 1975 4389 permanent

426 4418 515 4489 in
553 4418 833 4489 eodem
877 4417 1086 4497 loco,
1155 4414 1696 4508 respondetur
1769 4413 1975 4504 quod

424 4534 523 4605 de
588 4532 889 4605 talibus
949 4531 1183 4624 aquis
1238 4528 1626 4604 continue
1695 4533 1975 4621 partes

428 4647 991 4729 resolvuntur,
1067 4668 1212 4719 nec
1284 4648 1791 4738 permanent,
1877 4642 1975 4714 si-

428 4770 574 4838 cut
687 4769 1056 4858 apparet,
1169 4762 1301 4834 sed
1408 4782 1639 4835 novae
1748 4779 1977 4851 aquae

431 4900 761 4974 semper
831 4879 1293 4959 succedunt,
1364 4876 1535 4949 ideo
1603 4896 1765 4949 non
1846 4896 1978 4968 po·

431 4999 599 5071 test
634 4994 772 5068 Sol
805 5016 1060 5087 aquas
1101 4994 1288 5067 illas
1316 4993 1678 5066 alterare
1712 4992 1806 5063 ad
1828 4992 1981 5063 sal-

431 5112 821 5185 sedinem.

531 5229 826 5312 Quinta
867 5228 1285 5301 conclusio
1327 5227 1418 5298 de
1450 5245 1701 5299 causa
1730 5225 1979 5305 finali,

156 5325 313 5439 {2⁸3⁰
342 5332 413 5457 ᾗ,
435 5351 522 5420 et
568 5351 839 5440 potest
880 5346 1035 5419 dici
1078 5345 1283 5438 quod
1325 5343 1685 5416 finaliter
1740 5342 1984 5414 salse·

136 5450 250 5499 ''⁰¹¹''
304 5456 406 5505 Μ’·
436 5462 539 5535 do
576 5460 832 5532 maris
878 5465 1002 5534 est
1051 5463 1392 5552 propter
1431 5456 1985 5531 conservatio-

174 5527 195 5558 ,
253 5516 264 5526 .
306 5517 318 5527 .

141 5514 341 5625 ὦπα
416 5600 627 5653 *nem
672 5578 1206 5671 quorumdam
1252 5575 1620 5669 piscium,
1684 5578 1764 5649 et
1825 5572 1987 5647 ani‘

125 4186 205 4235 Nec
241 4187 398 4239 Ιαοιιε.

205 5265 323 5315 Con-

3506 415 3610 478 141

2078 565 2442 648 malium‚
2492 589 2667 659 quae
2699 569 2793 640 ad
2833 591 2971 637 esse
3008 589 3294 641 eorum
3358 575 3617 664 requi-

2077 685 2269 755 runt
2304 703 2527 755 mare
2564 686 2898 765 salsum,
2953 687 3620 778 quemadmodum

2075 795 2447 870 homines
2489 802 2916 892 requirunt
2949 824 3248 875 aerem.

2169 917 2324 986 Per
2356 914 2507 989 hoc
2555 918 2648 989 ad
2702 918 3093 992 rationes.
3160 924 3260 994 Et
3321 922 3415 993 ad
3459 891 3977 1016 pri-{afflat

2079 1049 2318 1109 mam,
2364 1046 2771 1120 sequeretur,
2815 1039 2969 1108 etc.
3017 1037 3390 1127 Negatur
3433 1017 3791 1114 con-9⁰²⁶·

2078 1147 2527 1237 sequentia,
2586 1149 2775 1241 quia
2816 1171 2976 1222 non
3036 1157 3364 1244 oportet
3407 1155 3613 1246 quod

2076 1263 2567 1337 elementum
2669 1267 2777 1342 sit
2884 1269 3164 1361 purius
3261 1271 3338 1343 in
3435 1272 3615 1345 loco

2078 1401 2228 1454 suo
2266 1383 2654 1455 naturali.

2168 1499 2281 1571 Ad
2325 1502 2786 1582 secundam,
2846 1505 3115 1573 tandem
3161 1507 3422 1576 deberet
3468 1509 3626 1593 fieri
3706 1508 3793 1559 Ad
3828 1508 3875 1559 3-

2076 1616 2294 1685 dulce.
2341 1618 2712 1706 Negatur
2761 1622 3342 1713 consequentia
3391 1643 3625 1716 prop·

2080 1735 2211 1804 ter
2240 1733 2436 1804 duas
2470 1755 2789 1815 causas,
2816 1736 3231 1810 utdictum
3250 1744 3398 1812 est.
3423 1740 3623 1820 Una,

2083 1847 2272 1938 quia
2343 1849 2730 1922 continue
2809 1872 2990 1923 cum
3053 1873 3280 1945 aquae
3355 1856 3628 1928 dulces

2080 1964 2338 2038 ssuunt
2393 1966 2473 2038 in
2547 1966 2754 2039 mari
2825 1973 3106 2060 partes
3151 1975 3624 2053 terrestreS,

2083 2099 2259 2171 quae
2285 2101 2444 2153 non
2477 2082 2960 2157 descendunt
2992 2085 3087 2157 ad
3125 2084 3477 2167 fundum,
3499 2085 3634 2158 sed

2084 2198 2547 2271 retinentur
2573 2201 3041 2274 commixtae
3067 2202 3437 2294 partibus
3472 2223 3630 2275 ma-

2086 2314 2202 2386 ris
2244 2318 2588 2407 propter
2618 2316 2792 2407 ejus
2830 2322 3166 2398 motum,
3213 2322 3292 2390 et
3328 2318 3632 2409 grossi-

2083 2433 2306 2506 tiem.
2365 2433 2765 2508 Similiter
2793 2457 2890 2507 ex
2925 2436 3086 2509 alio
3123 2440 3465 2530 propter
3504 2459 3630 2511 ca·

2086 2550 2346 2621 lorem
2392 2550 2627 2632 Solis,
2668 2552 2802 2643 qui
2837 2573 3090 2645 aquas
3130 2554 3402 2626 dulces
3444 2574 3629 2627 con-

2087 2665 2361 2747 sumit,
2408 2670 2488 2740 et
2528 2674 2949 2760 evaporat,
3014 2675 3094 2743 et
3163 2670 3630 2761 grossiores

2089 2788 2514 2856 remanent
2554 2783 2962 2855 deorsum.

2175 2899 2289 2970 Ad
2359 2900 2715 2982 tertiam,
2771 2925 2957 2970 mare
3012 2915 3105 2970 est
3171 2916 3406 2986 mater,
3469 2907 3621 2976 eto.
3716 2913 3805 2964 Ad
3858 2911 3909 2963 3.

2083 3013 2383 3086 dicitur
2408 3015 2610 3107 quod
2637 3016 3155 3106 intelligitur,
3194 3017 3399 3108 quod
3443 3017 3625 3088 aliae

2085 3151 2314 3223 aquae
2349 3131 2603 3206 fluunt
2645 3134 2739 3206 ad
2775 3154 3024 3207 mare.

2177 3248 2289 3319 Ad
2350 3252 2755 3340 quartam,
2813 3264 2968 3319 teme
2997 3253 3364 3319 humiditas
3394 3274 3627 3320 consu-
3733 3264 3821 3316 Aa
3865 3264 3916 3316 4.

2085 3377 2311 3444 meret,
2345 3369 2497 3437 etc.
2545 3364 2721 3438 dico
2769 3366 2977 3456 quod
3021 3387 3204 3446 non,
3256 3366 3446 3458 quia
3489 3366 3626 3438 hu-

2089 3478 2411 3553 miditas
2479 3500 2639 3552 non
2707 3487 2832 3555 est
2882 3501 3129 3554 causa
3200 3481 3357 3554 nisi
3425 3484 3630 3556 acci·

2084 3595 2550 3669 dentaliter.

2175 3710 2290 3782 Ad
2333 3711 2579 3783 aliam
2608 3711 3013 3784 rationem
3042 3712 3343 3787 dictum
3386 3719 3511 3789 est
3555 3714 3633 3788 in

2088 3847 2246 3899 una
2299 3828 2769 3919 quaestione.

2518 4131 2975 4215 QUAESTIO
3081 4134 3205 4204 lv.

2091 4333 2327 4397 Utrum
2385 4342 2613 4398 ventus
2686 4333 2779 4399 sit
2865 4331 3209 4398 exhalatio
3277 4332 3506 4399 calida
3579 4342 3640 4398 et

2737 4448 2912 4513 sicca
2938 4447 2970 4513 52

2181 4640 2584 4731 Arguitur
2618 4639 2825 4732 quod
2878 4660 3065 4721 non,
3118 4640 3307 4732 quia
3361 4641 3427 4713 si
3491 4640 3631 4726 sic,
3796 4658 3846 4712 1.
3954 4727 3966 4740 ·

2094 4760 2574 4847 sequeretur
2617 4755 2821 4847 quod
2866 4758 3236 4849 tempore
3293 4761 3635 4831 ventoso
3663 4725 3837 4838 fssfflvi.
3871 4743 3988 4792 ‘'²⁹‘'

2091 4878 2307 4947 esset
2369 4872 2638 4964 maj0r
2696 4872 3092 4953 caliditas,
3160 4894 3400 4964 quam
3453 4873 3637 4947 aliis

2094 4989 2626 5082 temporibus.
2654 4992 3174 5080 Consequens
3195 4995 3488 5063 contra
3511 5011 3640 5063 ex-

2097 5104 2607 5199 perientiam,
2658 5107 2742 5177 ut
2786 5103 2865 5175 in
2900 5104 3295 5196 pluribus,
3335 5125 3521 5177 nam
3557 5105 3638 5178 in

2094 5226 2339 5294 vento
2387 5220 2758 5313 ponimus
2805 5241 2935 5292 res
2980 5221 3309 5303 calidas
3366 5226 3453 5295 ut
3504 5223 3642 5296 fri-

2098 5336 2497 5427 gidentur.
2553 5337 2965 5410 Proba-tur
3036 5338 3639 5427 consequentia,

2098 5475 2198 5525 ex
2233 5475 2389 5545 quo
2422 5457 2713 5525 ventus
2745 5457 2869 5525 est
2921 5451 3336 5526 exhalatio
3381 5452 3642 5525 calida

2100 5577 2181 5645 et
2258 5569 2500 5651 sicca,
2577 5574 2947 5661 tempore
3017 5573 3358 5648 ventoso
3426 5573 3642 5647 esset
