4252 6393
525 373 644 440 35⁰

524 537 955 626 metaphysic.
992 547 1151 605 text.
1180 537 1244 608 4.
1275 535 1548 608 omnia
1578 557 1752 629 quae
1785 541 2049 612 trans-

508 655 960 735 mutantur,
1034 652 1327 727 habent
1389 655 1847 736 materiam,
1918 654 2051 726 sed

502 769 936 852 diversam,
1011 772 1446 845 secundum
1497 794 1737 866 quam
1796 774 2051 847 diver-

506 887 811 959 simode
850 890 1563 963 transmutantur:
1603 890 1736 962 sed
1777 891 2050 964 anima

508 1008 588 1078 et
611 1003 898 1095 Angeli
932 1024 1093 1084 non
1126 1009 1793 1079 transmutantur
1815 1007 1910 1078 ad
1933 1029 2049 1078 es-

510 1140 634 1202 se;
671 1140 869 1212 ergo
901 1142 1061 1193 non
1090 1122 1387 1196 habent
1420 1123 1855 1196 materiam
1882 1123 2049 1195 uni·

506 1259 706 1311 voce
759 1259 941 1312 cum
993 1241 1614 1332 generabilibuS.
1676 1246 2049 1324 Quaeren-

506 1358 605 1429 da
643 1361 768 1431 est
802 1357 1058 1449 igitur
1101 1357 1447 1433 materia
1480 1357 1562 1431 in
1592 1358 1734 1438 eis,
1775 1378 2050 1430 secun-

504 1471 688 1544 dum
733 1471 1535 1554 transmutationem,
1582 1493 1756 1564 quae
1806 1477 1929 1547 est
1974 1473 2054 1544 in

505 1586 648 1660 eis.
696 1586 1117 1661 Invenitur
1148 1593 1423 1662 autem
1454 1588 1744 1682 duplex
1771 1590 2051 1663 modus

506 1705 1253 1788 transmutationis,
1342 1727 1547 1778 unus
1608 1708 1702 1779 ad
1774 1706 2048 1788 situm,

403 1839 421 1862 ·
507 1819 719 1893 alius
752 1821 1186 1896 secundum
1231 1821 1765 1904 intellectum,
1800 1826 1881 1896 et
1921 1843 2051 1893 vo-

506 1940 932 2014 luntatem.
989 1940 1340 2015 Mutatio
1410 1943 1504 2014 ad
1573 1941 1822 2017 situm
1892 1962 2052 2014 non

508 2056 785 2148 arguit
819 2058 1250 2132 materiam
1285 2057 1364 2130 in
1407 2056 1737 2148 Angelis
1767 2062 1848 2131 et
1890 2057 2054 2128 ani-

511 2193 664 2257 ma,
712 2175 901 2267 quia
940 2173 1091 2247 hoc
1150 2174 1486 2249 debetur
1524 2175 1667 2256 eis,
1726 2179 1813 2248 ut
1865 2178 2054 2250 sunt

509 2290 985 2370 substantiae
1062 2283 1337 2372 finitae,
1424 2294 1769 2383 propter
1847 2291 2054 2383 quod

511 2408 827 2500 quando
884 2410 1072 2481 sunt
1138 2406 1297 2488 hic,
1351 2427 1513 2480 non
1582 2413 1770 2482 sunt
1830 2409 2047 2481 alibi.

511 2526 675 2597 Nec
732 2523 1107 2607 mutatio,
1181 2544 1354 2616 quae
1421 2527 1547 2597 est
1616 2524 2051 2604 secundum

507 2638 1023 2712 voluntatem
1077 2642 1159 2712 et
1196 2637 1727 2720 intellectum,
1772 2638 2053 2729 arguit

510 2752 971 2836 materiam,
1019 2753 1207 2847 quia
1240 2753 1707 2845 intelligunt
1740 2753 2051 2830 formas

513 2869 1024 2953 materiales;
1085 2891 1264 2948 esse
1313 2876 1587 2944 autem
1653 2870 2052 2962 recipiens

511 2984 727 3058 aliud
764 2986 992 3060 debet
1035 3006 1213 3058 esse
1255 2985 1740 3064 denudatum
1782 2986 1880 3058 ab
1927 3008 2047 3068 eo,

394 3195 398 3199 v
510 3106 591 3176 et
632 3122 680 3174 a
719 3101 1178 3177 conditione
1237 3103 1438 3195 ejus,
1512 3103 1723 3178 sicut
1788 3124 2054 3195 recep-

176 4126 247 4176 In
274 4064 465 4190 :resq-elo

195 4202 307 4237 mm
335 4204 445 4263 esse

168 4259 482 4302 maternam.

511 3221 770 3294 tivum
812 3222 989 3295 soni
1020 3222 1247 3295 debet
1286 3243 1466 3297 esse
1511 3222 1926 3304 absonum,
1973 3225 2054 3295 et

514 3338 820 3412 coloris
900 3360 1061 3412 non
1131 3340 1623 3423 coloratum,
1740 3340 2054 3413 colora-

514 3458 686 3528 tum
735 3457 975 3541 enim,
1040 3462 1126 3532 ut
1179 3463 1404 3552 patet
1456 3459 1536 3534 in
1584 3460 1832 3540 vitro,
1894 3479 2055 3530 non

514 3574 784 3661 potest
836 3572 1202 3666 recipere
1252 3575 1617 3655 colores;
1689 3592 1890 3663 ergo
1944 3574 2054 3646 in-

514 3688 887 3762 tellectus
945 3690 1255 3782 Angeli,
1306 3695 1386 3764 et
1428 3690 1779 3763 hominis
1822 3711 2055 3783 opor-

515 3809 631 3880 tet
663 3808 1127 3880 necessario
1162 3810 1369 3901 quod
1411 3829 1571 3885 non
1604 3808 1766 3882 sint
1809 3811 2055 3881 mate-

515 3922 789 3996 rialeS.

597 4040 714 4113 De
782 4041 1091 4132 Angelo
1152 4042 1525 4134 probant,
1600 4044 1787 4135 quia
1838 4043 1905 4115 si
1974 4042 2055 4117 in

514 4152 825 4245 Angelo
909 4158 1124 4228 essct
1231 4156 1603 4238 materia,
1704 4157 2055 4231 materia

515 4268 753 4342 unius
802 4276 1018 4345 esset
1057 4269 1444 4344 distincta
1477 4291 1523 4340 a
1566 4273 1913 4345 materia
1947 4274 2055 4347 al-

512 4386 812 4459 terius:
862 4386 1211 4462 materia
1251 4390 1525 4461 autem
1578 4408 1738 4459 non
1778 4389 2057 4463 distin-

512 4505 818 4593 guitur,
872 4505 1029 4577 nisi
1089 4504 1570 4598 quantitate,
1645 4526 1885 4598 quam
1938 4528 2054 4579 re-

514 4621 903 4694 movendo
943 4641 1106 4694 non
1163 4626 1287 4696 est
1327 4622 1937 4713 distinguibilis,
1977 4624 2057 4695 in

510 4738 820 4829 Angelo
871 4743 1144 4812 autem
1193 4759 1355 4811 non
1422 4744 1547 4813 est
1598 4739 2049 4831 quantitas;

509 4874 710 4946 ergo
742 4875 889 4928 nec
921 4854 1289 4929 materiae
1321 4854 1765 4929 distinctio.

604 4973 833 5055 Item,
882 4972 1254 5065 operatio
1297 4971 1731 5065 cujuslibet
1771 4976 1897 5044 est
1943 4993 2055 5043 se-

511 5089 856 5162 cundum
926 5090 1249 5163 modum
1309 5088 1791 5163 substantiae
1850 5089 2052 5182 ejus,

511 5206 1076 5298 intelligentiae
1109 5211 1380 5282 autem
1414 5207 1702 5297 Angeli
1727 5211 1851 5281 est
1878 5228 2055 5299 ope·

512 5324 729 5397 ratio
800 5324 1124 5417 penitus
1184 5323 1785 5405 immaterialis,
1851 5324 2057 5416 quod

511 5444 735 5535 patet
777 5462 875 5513 ex
914 5440 1091 5533 ejus
1135 5440 1475 5531 objecto,
1524 5459 1570 5510 a
1627 5460 1782 5532 quo
1824 5442 2056 5513 actus

515 5556 811 5653 recipit
926 5556 1279 5650 speciem
1346 5580 1361 5625 :
1436 5555 2060 5648 unumquodque

1690 376 1793 440 DE
1838 376 2103 458 RERUM
2147 378 2535 444 minemo

2164 539 2380 612 enim
2452 540 2968 632 intelligitur,
3053 544 3144 613 ut
3238 559 3284 611 a
3365 541 3714 614 materia

2164 655 2722 740 abstrahitur;
2782 676 2982 749 ergo
3053 656 3512 731 substantia
3564 658 3714 729 An-

2166 773 2323 864 geli
2357 778 2483 848 est
2526 773 3133 848 immaterialis.

2257 893 2485 974 Item,
2549 892 2744 966 dicit
2801 891 3253 984 Dionysius
3330 894 3412 959 de
3478 894 3709 959 Divin.

2162 1012 2430 1078 Nomin.
2485 1033 2630 1099 cap.
2677 1012 2741 1081 4.
2809 1009 3016 1101 quod
3071 1009 3353 1102 primae
3400 1011 3714 1081 creatu-

2166 1144 2278 1197 rae
2340 1125 2934 1218 incorporales,
2980 1129 3060 1199 et
3122 1123 3712 1199 immateriales

2167 1242 2769 1335 intelliguntur.

2250 1362 2368 1435 De
2417 1361 2689 1434 anima
2761 1361 2968 1435 idem
3034 1361 3368 1435 dicunt:
3443 1358 3711 1452 primo

2164 1594 2383 1675 dicit,
2451 1594 2657 1686 quod
2725 1596 2956 1662 anima
3014 1617 3152 1662 non
3190 1607 3282 1662 est
3329 1597 3538 1680 sacta,
3591 1615 3712 1660 nec

2164 1735 2247 1779 ex
2294 1717 2581 1780 materia
2619 1714 2983 1799 corporali,
3048 1735 3164 1779 nec
3203 1735 3287 1778 esc
3331 1711 3705 1800 spirituali.

2261 1829 2490 1909 Item,
2515 1828 2607 1900 de
2642 1828 2961 1902 ratione
2994 1827 3285 1900 animae
3316 1829 3466 1906 est,
3506 1823 3711 1916 quod
3739 1832 4105 1959 gagga-wf-

2167 1943 2274 2017 sit
2332 1943 2601 2015 forma
2652 1943 3082 2037 corporis:
3147 1946 3288 2016 aut
3336 1960 3546 2032 ergo
3579 1960 3711 2023 ‚se-

2164 2060 2509 2131 cundum
2570 2081 2654 2132 se
2722 2064 2983 2134 totam
3057 2062 3182 2132 est
3252 2058 3544 2139 forma,
3630 2057 3712 2128 et

2166 2179 2356 2246 tunc
2391 2173 2896 2267 impossibile
2924 2178 3074 2256 est,
3114 2173 3321 2266 quod
3363 2169 3714 2245 materia

2169 2290 2275 2365 sit
2310 2312 2502 2385 pars
2534 2293 2736 2385 eJuS,
2795 2292 2984 2384 quia
3011 2291 3364 2365 materia
3385 2293 3510 2363 est
3544 2292 3712 2363 tan-

2166 2411 2341 2482 tum
2378 2408 2459 2480 in
2494 2408 2883 2500 potentia,
2918 2410 2997 2480 et
3033 2428 3179 2501 per
3210 2425 3712 2498 consequens

2166 2544 2326 2599 non
2369 2528 2641 2618 potest
2706 2546 2883 2597 esse
2925 2527 3184 2605 actus,
3247 2543 3392 2595 nec
3447 2521 3715 2594 forma

2166 2640 2542 2734 alicujus,
2608 2661 2793 2713 cum
2835 2645 3068 2715 actus
3100 2644 3181 2714 et
3218 2639 3584 2733 potentia
3614 2658 3710 2708 ex

2168 2757 2545 2851 opposito
2568 2757 3033 2832 dividantur
3056 2783 3071 2840 ;
3109 2761 3252 2831 aut
3276 2754 3712 2829 secundum

2164 2879 2485 2967 partem
2548 2874 2675 2945 sui
2724 2876 3068 2955 tantum,
3118 2877 3199 2948 et
3249 2877 3440 2948 tunc
3487 2870 3710 2943 illam

2166 2992 2352 3081 part
2409 3009 2486 3060 m
2524 2987 2883 3061 dicemus
2925 2988 3306 3069 animam,
3344 2990 3423 3061 et
3465 2985 3711 3058 aliam

2166 3104 2642 3176 animatam.

2258 3220 2487 3302 Item,
2526 3221 2900 3313 sequitur
2920 3219 3073 3294 hoc
3108 3218 3707 3300 inconveniens,

2167 3337 2375 3428 quod
2408 3357 2567 3408 una
2607 3337 2903 3419 forma,
2952 3337 3272 3430 perficit
3303 3337 3500 3409 duas
3552 3355 3711 3408 ma·

2164 3453 2421 3525 terias
2452 3454 2972 3527 diversorum
3035 3473 3454 3545 generum,
3502 3451 3713 3525 scili-

2167 3575 2294 3644 cet
2347 3571 2619 3643 anima
2684 3571 3120 3644 materiam
3177 3590 3406 3642 suam
3479 3569 3716 3662 spiri-

2168 3688 2497 3766 tualem.
2544 3691 2624 3760 et
2684 3708 3010 3782 corpus,
3065 3691 3145 3762 et
3208 3688 3414 3780 quod
3482 3690 3714 3760 actus

2169 3806 2406 3878 unius
2442 3806 2765 3897 generis
2823 3806 3140 3899 perficit
3178 3807 3373 3878 duas
3443 3809 3716 3898 poten·

2168 3923 2328 3996 tias
2366 3923 2879 3996 diversorum
2936 3943 3352 4015 generum,
3403 3921 3716 3996 scilicet

2168 4040 2579 4134 potentias
2630 4041 2976 4112 duarum
3047 4040 3618 4114 materiarum.

2259 4160 2488 4240 Item,
2565 4178 2799 4230 omne
2862 4159 3065 4250 quod
3156 4157 3554 4249 recipitur
3636 4156 3718 4227 in

2169 4275 2467 4367 aliquo,
2527 4274 2924 4366 recipitur
2966 4295 3111 4366 per
3153 4274 3476 4345 modum
3520 4272 3719 4346 reci-

2169 4394 2492 4486 pientiS,
2596 4392 2710 4465 sic
2801 4395 3072 4465 autem
3186 4392 3721 4483 cognoscitur

2169 4511 2812 4601 unumquodque,
2852 4507 3063 4580 sicut
3087 4507 3357 4580 forma
3387 4508 3562 4601 ejus
3593 4510 3724 4581 est

2170 4626 2251 4698 in
2290 4629 2833 4717 cognoscente
2885 4623 3213 4697 :anima
3266 4628 3540 4697 autem
3609 4623 3724 4696 in-

2169 4743 2582 4817 tellectiva
2631 4741 3056 4833 cognoscit
3102 4741 3450 4832 lapidem
3494 4739 3724 4812 abso-

2170 4856 2362 4938 lute,
2397 4860 2484 4930 ut
2524 4860 2650 4931 est
2682 4856 2891 4949 lapis
2928 4880 2942 4937 ;
2989 4874 3188 4947 ergo
3222 4856 3492 4929 forma
3524 4854 3727 4949 lapi-

2168 4971 2286 5045 ‹lis
2329 4975 2453 5045 est
2498 4971 2579 5043 in
2620 4992 2715 5043 ea
2783 4971 3177 5054 absolute,
3243 4991 3405 5044 non
3474 4975 3725 5045 mate-

2172 5088 2326 5167 ria;
2380 5109 2577 5179 ergo
2607 5109 2751 5160 nec
2777 5087 2953 5179 ipsa
2986 5087 3224 5163 habet
3253 5078 3718 5162 materiam.

2264 5206 2494 5284 Item,
2543 5202 2610 5275 si
2645 5202 2918 5275 anima
2950 5202 3449 5278 intellectiva
3483 5203 3725 5277 habet

2173 5319 2632 5400 materiam,
2682 5319 2970 5391 formae
3005 5341 3285 5392 rerum
3323 5319 3724 5413 rccipiun-

2172 5440 2308 5510 tur
2349 5436 2432 5509 in
2479 5456 2574 5508 ea
2624 5435 3250 5518 individualiter,
3335 5437 3546 5510 sicut
3589 5457 3723 5529 po-

2170 5552 2450 5627 tentiae
2527 5551 2962 5634 sensitivae,
3059 5572 3235 5649 quae
3313 5552 3720 5649 recipiunt

3886 1395 3979 1445 n.

2165 1477 2667 1567 Augustinus
2708 1480 2773 1549 7·
2831 1496 3077 1569 super
3116 1475 3520 1556 Genesim,
3576 1473 3709 1545 ubi
3739 1458 4112 1572 Nevssffa‘ffffi-
