4252 6393
655 656 1008 753 llis'neque
1037 679 1360 753 contortis,
1409 696 1609 757 neque
1638 679 1936 742 violentis
1988 679 2352 742 rationibus
2407 680 2574 741 solvi
2608 687 2866 755 possunt
2912 680 3160 742 leviora
3206 680 3328 741 illa
3358 681 3655 756 objecta:
3708 682 3763 736 et

574 791 838 866 quidem
875 808 995 866 pro
1039 796 1229 851 Scoto
1261 794 1430 852 addo
1460 794 1525 853 in
1556 794 1819 854 secundi
1860 793 2094 852 codicis
2134 793 2432 866 marqine
2464 791 2836 866 quempiam
2878 792 3200 851 addidisse
3231 793 3576 861 rationem,
3620 814 3762 870 quoe

574 902 852 975 affertur
894 902 1004 963 lib.
1035 905 1098 964 2.
1150 909 1384 980 quaest.
1421 905 1484 963 4.
1536 904 1826 965 conclus.
1885 906 1945 965 3.
1991 910 2056 962 ut
2086 903 2398 979 probetur
2438 903 2723 977 spiritus,
2764 902 2895 959 sive
2937 901 3150 974 bonos,
3186 903 3316 962 sive
3361 900 3588 973 matos,
3639 922 3760 963 non

572 1027 830 1073 movere
874 1018 1083 1073 ventos
1111 1031 1131 1073 .·
1161 1013 1359 1083 Scoti,
1391 1016 1613 1091 inquit,
1646 1016 1809 1076 ratio
1843 1016 1972 1075 hoec
2005 1013 2307 1076 inefficax
2338 1018 2461 1085 est,
2509 1015 2808 1084 deducta,
2859 1013 3096 1074 scilieet
3129 1031 3169 1073 a
3196 1015 3439 1089 fiyura,
3487 1014 3585 1074 vel
3610 1033 3757 1094 pro-
3817 1036 3824 1039 ·

569 1119 888 1191 portione,
923 1122 1034 1177 etc.
1111 1119 1196 1178 Ab
1242 1121 1383 1195 ejus
1439 1122 1635 1180 etiam
1666 1119 1960 1184 doctr-ina
2002 1120 2455 1195 philosophica
2490 1136 2758 1197 parum,
2802 1119 2900 1178 vel
2945 1116 3105 1177 nihil
3134 1118 3350 1191 differt
3394 1116 3513 1177 hoc
3557 1124 3759 1192 Opus-

573 1230 813 1301 culum,
842 1236 897 1287 et
927 1247 1090 1306 saepe
1120 1233 1354 1291 eisdem
1385 1231 1549 1292 alibi
1576 1234 1783 1292 utitur
1806 1232 2170 1310 principiis,

657 1342 737 1400 Si
762 1359 911 1401 vcro
940 1344 1085 1411 sint.
1120 1344 1237 1418 qui
1250 1345 1679 1419 pertinaciter
1706 1344 2031 1419 resistant,
2068 1351 2122 1404 et
2155 1342 2272 1405 hoc
2302 1348 2473 1421 Opus
2501 1348 2693 1403 Scolo
2718 1342 3066 1413 invideant,
3127 1347 3236 1400 aut
3276 1340 3486 1401 solida
3534 1340 3760 1417 aliqua

579 1452 880 1524 deneqent
909 1454 1182 1524 ratione,
1219 1454 1424 1514 atium
1448 1472 1744 1531 propono
1779 1454 2278 1515 Franciscanum
2309 1458 2665 1516 auctorem.
2697 1452 2765 1510 in
2794 1450 2912 1511 hoe
2938 1449 3138 1510 studii
3179 1465 3410 1525 qenere.
3441 1466 3754 1509 commen-

574 1563 999 1635 datissimum,
1035 1566 1144 1624 eui
1169 1584 1288 1626 non
1324 1568 1646 1626 immerito
1676 1567 1884 1628 tribui
1895 1566 2118 1643 possit,
2146 1567 2476 1627 Simonem
2522 1564 2906 1631 Tunstedum
2955 1563 3253 1639 Anytum,
3290 1578 3484 1640 quem
3518 1563 3758 1623 Meteo-

573 1679 790 1724 rorum
823 1667 1315 1743 contemplatio,
1349 1675 1500 1729 teste
1527 1671 1759 1745 Pitsw,
1796 1674 1924 1731 tam
1953 1669 2299 1732 sublimem
2328 1671 2569 1747 rapuit,
2601 1673 2673 1727 ut
2703 1664 3193 1746 quodammodo
3226 1682 3492 1742 semper
3535 1666 3598 1725 in
3631 1672 3756 1727 ter·

576 1768 659 1831 [io
721 1771 884 1832 coelo
926 1774 1170 1833 versari
1230 1773 1586 1835 videretur.
1622 1777 1738 1836 llic
1756 1792 1987 1851 porro,
2032 1776 2134 1834 uti
2160 1774 2442 1835 scribunt
2474 1778 2770 1833 auctores
2798 1771 3009 1846 Anyti.
3043 1771 3244 1830 libros
3276 1775 3559 1846 quatuor
3598 1768 3759 1847 (toti-

573 1878 713 1935 dem
744 1880 885 1934 sunt
916 1877 1044 1952 isti)
1072 1877 1328 1953 scripsit
1378 1880 1445 1937 in
1486 1884 1796 1949 meteora,
1826 1878 2108 1953 obiitque
2152 1894 2319 1939 anno
2372 1877 2572 1938 1369.
2610 1882 2754 1936 ante
2797 1891 2986 1950 quem
3035 1880 3087 1932 et
3124 1874 3591 1933 Brawardinus
3607 1875 3760 1949 jam

571 1979 945 2050 decesserat,
978 1985 1034 2037 et
1071 1979 1343 2040 Thomas
1386 1983 1802 2041 canonizatus
1831 1986 1941 2040 est.

658 2084 993 2142 Tractatus
1027 2098 1233 2158 porro
1264 2085 1485 2143 doctus
1533 2090 1642 2156 est,
1677 2089 1989 2155 curiosus,
2028 2089 2084 2142 et
2107 2081 2435 2159 perutilis,
2471 2098 2675 2157 neque
2720 2079 2924 2140 ullum
2957 2080 3094 2138 vidi
3122 2079 3183 2139 in
3226 2077 3343 2138 hoc
3399 2094 3632 2152 qenere
3674 2078 3753 2137 α’)

571 2187 853 2261 antiquis
886 2188 1151 2260 potiori,
1185 2192 1295 2246 aut
1327 2187 1646 2262 ampliori
1683 2189 1893 2248 studio
1925 2193 2300 2247 exaratum..
2351 2189 2678 2247 Ver-salum
2707 2184 2864 2244 satis
2919 2200 2982 2242 se
3020 2183 3286 2243 ostendit
3319 2186 3547 2241 auctor
3591 2183 3654 2242 in
3686 2198 3756 2242 re

573 2289 1045 2364 Mathematica,
1072 2292 1496 2367 Astrotoyioa,
1531 2295 1959 2369 Perspeetioa,
1993 2293 2270 2367 aliisque
2324 2292 2626 2351 scientiis.
2663 2292 2982 2360 Quartum
3016 2286 3258 2346 librum
3289 2304 3410 2346 non
3459 2284 3726 2346 absolvit
3739 2306 3757 2356 ;

570 2392 792 2454 desunt
823 2399 989 2457 enim
1021 2397 1488 2456 Commentarii
1512 2398 1576 2455 in
1607 2395 1900 2471 reliquas
1956 2402 2085 2456 tres
2143 2403 2390 2472 parteS,
2437 2397 2502 2454 in
2533 2395 2766 2471 quibus
2794 2394 3157 2453 Aristoteles
3201 2395 3335 2468 ayit
3380 2394 3459 2452 de
3482 2391 3758 2467 passivis

569 2498 1013 2570 qualitatibus,
1058 2501 1134 2557 (le
1162 2500 1592 2574 passionibuS,
1629 2518 1706 2561 ac
1747 2501 2133 2574 differentiis
2161 2499 2558 2561 similarium
2592 2512 2963 2573 corporum,
3025 2515 3066 2557 a
3104 2497 3379 2572 passivis
3425 2494 3754 2572 qualitati-

567 2603 684 2663 bus
708 2603 1218 2679 prodeuntibus,
1253 2608 1390 2685 etde
1418 2606 1876 2681 temperaturis
1907 2619 2259 2681 corporum
2285 2601 2706 2664 simitarium.

1575 3773 2760 3823 Momm——
