4252 6393
1881 491 2242 568 QUAESTlo
2288 494 2337 555 X

515 652 783 725 totam
836 670 1068 723 suam
1120 651 1655 733 latitudinem,
1730 652 1864 723 sed
1921 672 2066 744 per

512 787 815 840 conum
866 788 1138 850 unum,
1205 767 1357 840 hoc
1417 771 1566 849 est,
1625 788 1770 860 per
1829 789 2065 840 suum

514 882 1015 976 perfectius;
1070 903 1270 976 ergo
1321 888 1622 958 natura
1673 884 2067 957 sensitiva

509 1021 676 1074 non
744 1001 1058 1093 ligatur
1117 1002 1553 1074 secundum
1617 1022 1702 1074 se
1771 1005 2060 1083 totam,

510 1118 672 1193 hoc
752 1122 906 1200 est,
994 1118 1433 1208 secundum
1513 1138 1792 1190 omnes
1873 1137 2063 1189 suas

513 1236 832 1329 species
894 1256 1079 1308 cum
1140 1234 1668 1316 intellectivo,
1732 1234 1865 1305 scd
1921 1254 2065 1326 per

510 1372 814 1426 conum
858 1370 1120 1431 suum,
1176 1349 1306 1423 hic
1350 1354 1473 1423 est
1531 1349 1800 1431 homo,
1876 1349 2065 1441 quia

132 1482 149 1499 ·
181 1484 359 1540 quaest
391 1479 463 1531 9·
515 1467 830 1541 ostendi
874 1487 1125 1560 supra
1163 1471 1185 1493 ·
1217 1467 1425 1558 quod
1465 1467 1546 1538 in
1598 1466 1922 1538 homine
1972 1466 2063 1538 de

239 5011 339 5061 25.

516 1584 840 1660 ratione
884 1603 1028 1655 sua
1059 1587 1183 1656 est
1226 1583 1586 1675 cognitio
1640 1583 2055 1656 sensitiva.

515 1703 621 1772 Et
678 1703 804 1772 est
861 1700 1462 1781 advertendum,
1515 1699 1721 1790 quod
1780 1719 2058 1780 conus,

513 1839 674 1911 quo
725 1823 1024 1893 natura
1078 1818 1422 1891 inferior
1461 1816 1775 1907 ligatur
1835 1837 2061 1908 supe-

515 1937 751 2018 riori,
799 1941 1100 2029 quanto
1163 1936 1423 2027 magis
1460 1934 1946 2007 intendimus
1982 1933 2061 2004 in

512 2053 1040 2134 ascendendO,
1088 2055 1318 2124 tanto
1369 2052 1492 2122 est
1537 2049 1913 2123 strictior
1955 2050 2059 2120 la·

513 2169 883 2250 titudine,
926 2171 1007 2240 et
1048 2167 1301 2240 altior
1342 2167 1593 2257 gradu
1639 2170 1716 2238 et
1752 2166 2061 2259 perfec-

512 2285 764 2359 tione.
826 2281 1045 2354 Unde
1102 2301 1356 2354 conus
1396 2279 1883 2371 vegetativae
1953 2279 2060 2350 al-

512 2401 687 2473 tior
715 2402 842 2473 est
873 2418 1019 2470 sua
1074 2397 1274 2478 basi,
1349 2396 1536 2488 quia
1578 2416 1739 2467 non
1780 2396 2062 2468 unitur

515 2515 913 2589 sensitivo
971 2533 1115 2606 per
1183 2532 1418 2584 omne
1479 2512 2055 2602 vegetativum,

513 2634 650 2706 sed
701 2652 845 2726 per
905 2631 1166 2720 magis
1221 2629 1697 2722 perfectum.
1758 2631 1857 2700 Et
1909 2628 2062 2699 iste

510 2770 797 2830 conus,
863 2768 997 2818 seu
1048 2745 1415 2838 pyramis
1469 2744 1852 2818 consistit
1900 2763 2062 2814 non

512 2868 596 2941 in
629 2865 897 2958 specie
929 2862 1550 2956 specialissima,
1596 2862 1729 2932 sed
1760 2865 1882 2933 est
1929 2859 2062 2931 ob-

508 2989 772 3064 tusus,
868 2980 1058 3073 quia
1124 2979 1506 3052 consistit
1587 2978 1665 3051 in
1735 2997 2054 3068 genere,

509 3100 828 3173 scilieet
904 3097 984 3169 in
1063 3097 1283 3169 omni
1360 3095 1719 3168 animali.
1793 3099 2059 3172 Conus

509 3220 791 3291 autem
870 3215 1319 3296 sensitivae,
1410 3214 1579 3287 sive
1659 3213 2054 3306 pyramiS,

509 3352 669 3425 qua
728 3331 1040 3422 ligatur
1089 3351 1269 3403 cum
1332 3328 1857 3409 intellectivo‚
1915 3328 2061 3400 mi-

508 3470 662 3521 nus
700 3451 825 3520 est
864 3448 1081 3520 latus
1134 3446 1618 3525 extrinsece,
1674 3449 1755 3518 et
1796 3445 2058 3535 magis

510 3564 728 3636 altus
762 3563 844 3636 in
875 3582 1076 3644 esse,
1151 3561 1338 3654 quia
1369 3560 1753 3634 consistit
1787 3560 1865 3631 in
1902 3581 2059 3631 una

512 3679 690 3751 sola
731 3679 1024 3773 specie,
1071 3699 1245 3770 quae
1285 3680 1409 3751 est
1479 3678 1747 3758 home,
1818 3680 1898 3749 et
1950 3677 2057 3747 al·

509 3798 681 3872 tior
746 3800 871 3869 est
939 3796 1018 3868 in
1086 3797 1339 3887 gradu
1409 3795 1725 3867 essendi
1815 3814 2054 3885 quam

510 3912 841 3986 animal.
906 3916 1173 3986 Conns
1236 3915 1534 3992 antem,
1603 3910 1772 3982 sive
1822 3929 2055 4001 pyra-

512 4028 665 4101 mis
698 4027 1078 4108 hominis,
1118 4048 1273 4119 quo
1309 4027 1621 4117 ligatur
1652 4046 1831 4097 cum
1857 4028 2050 4108 Dee,

508 4144 763 4217 adhuc
821 4148 945 4217 est
1006 4142 1351 4215 minoris
1412 4141 1868 4216 latitudinis
1926 4163 2056 4213 ex-

508 4261 845 4341 tensive,
897 4258 1084 4351 quia
1123 4260 1213 4333 fit
1250 4259 1329 4330 in
1371 4258 1544 4331 solo
1589 4279 1747 4330 uno
1796 4258 2054 4329 homi-

507 4398 605 4450 ne
655 4376 1013 4454 Christo,
1093 4379 1171 4449 et
1216 4375 1557 4469 majoris
1600 4374 2052 4448 altitudinis

505 4494 754 4575 etiam
814 4492 1244 4565 rationalis
1307 4492 1523 4564 omni
1582 4491 1745 4563 alio
1805 4490 2053 4561 homi-

507 4630 628 4683 ne.
674 4608 1017 4681 Videsne
1060 4609 1424 4680 ordinem
1482 4629 1787 4688 rerum,
1831 4611 1911 4680 et
1957 4606 2053 4678 li-

505 4730 979 4817 gamentum
1068 4725 1434 4818 ipsarum
1509 4746 1651 4818 per
1727 4724 2050 4797 modum

506 4842 959 4936 pyramidis
995 4842 1620 4916 ascendentium.

593 4965 713 5036 Ex
754 4962 884 5036 his
925 4964 1337 5045 conclude,
1377 4962 1583 5055 quod
1624 4962 1692 5033 si
1727 4960 2052 5033 sensiti-

502 5101 606 5152 va
670 5083 890 5153 esset
950 5080 1031 5152 in
1087 5079 1414 5151 homine
1474 5099 1521 5150 a
1578 5081 2045 5169 generante,

505 5194 716 5269 sieut
776 5199 905 5268 est
964 5194 1043 5266 in
1104 5193 1403 5273 brutis:
1466 5193 1674 5267 sicut
1741 5195 2052 5267 sensiti-

500 5331 692 5383 vum
768 5330 932 5382 non
999 5309 1281 5384 unitur
1348 5309 1845 5384 intellectivo
1909 5332 2052 5402 per

499 5426 752 5498 aliam
788 5424 1291 5505 sensitivam,
1347 5424 1497 5498 hoe
1540 5428 1689 5505 est,
1737 5425 1815 5497 in
1863 5425 2046 5497 aliis

500 5541 925 5634 speciebus
984 5544 1104 5627 (eo
1168 5541 1373 5632 qnod
1428 5540 1739 5612 nullum
1802 5539 2047 5615 faciat

496 5678 827 5739 conum,
875 5656 1043 5729 sive
1090 5656 1483 5729 terminat
1546 5658 2046 5749 pyramidem

2185 653 2420 725 modo
2465 653 2926 726 immediate
2979 654 3437 747 propinquo
3501 650 3728 725 intel-

2183 769 2505 851 lectivo,
2552 770 2740 862 quia
2777 770 3050 842 omnia
3096 773 3283 844 sunt
3323 767 3729 861 corrupti·

2180 884 2397 967 bilia,
2435 888 2513 957 et
2555 887 2646 959 de
2684 887 3052 979 potentia
3096 885 3464 958 materiae
3503 885 3726 956 educ-

2181 1006 2293 1092 ta)
2352 1003 2467 1075 sie
2535 1023 2677 1076 nee
2737 1003 3218 1077 sensitivum
3287 1003 3729 1075 humanum

2178 1118 2483 1209 ligaret
2551 1123 2934 1192 naturam
3004 1118 3481 1192 inferiorem
3542 1139 3725 1191 cum

2183 1235 2711 1316 intellectivo,
2795 1256 2939 1307 nec
3026 1256 3321 1308 conum
3391 1233 3720 1316 faceret,

2178 1372 2320 1425 nec
2401 1357 2788 1445 punctum
2859 1352 3330 1445 pyramidiS,
3415 1351 3484 1424 si
3551 1372 3726 1444 cor-

2181 1470 2564 1562 ruptibile
2605 1474 2846 1551 esset,
2900 1474 2980 1543 et
3019 1470 3109 1541 de
3154 1468 3520 1562 potentia
3562 1487 3721 1540 ma-

2175 1587 2406 1660 teriae
2438 1588 2838 1660 eductum.

2267 1705 2348 1778 Si
2383 1704 2597 1776 sorte
2638 1704 2881 1784 dicaS,
2930 1703 3136 1794 qnod
3180 1702 3570 1775 sensitiva
3639 1702 3717 1772 in

2175 1820 2524 1900 homine,
2574 1819 2941 1911 quamvis
2976 1840 3022 1890 a
3065 1823 3531 1910 generante,
3581 1838 3714 1889 no-

2173 1935 2421 2008 bilior
2479 1940 2603 2008 est
2666 1935 2881 2006 omni
2926 1935 3087 2007 alia
3148 1935 3563 2015 sensitiva,
3624 1953 3716 2004 ac

2177 2074 2319 2145 per
2353 2053 2500 2126 hoc
2536 2052 2611 2123 in
2639 2053 3131 2124 ascendendo
3169 2051 3363 2124 facit
3395 2068 3710 2130 conum,

2173 2175 2251 2242 et
2321 2168 2753 2243 constituit
2835 2169 3365 2260 pyramidem,
3449 2171 3536 2240 ut
3607 2166 3716 2240 sit

2174 2286 2498 2358 unibilis
2541 2285 3091 2359 intellectivae:

2263 2403 2484 2484 Dice,
2537 2402 2745 2494 qnod
2786 2403 2944 2475 ista
2985 2401 3368 2475 nobilitas
3411 2420 3570 2472 non
3608 2400 3715 2470 in-

2173 2519 2502 2591 venitur
2540 2517 2613 2589 in
2648 2517 2987 2598 actibus,
3031 2536 3213 2589 cum
3241 2515 3512 2607 aliqua
3544 2516 3716 2588 ani-

2178 2635 2426 2707 malia
2477 2636 2799 2708 acutius
2861 2635 3183 2707 videant
3229 2632 3578 2712 homine,
3629 2635 3715 2705 ut

2176 2751 2474 2842 aquila,
2551 2755 2631 2823 et
2693 2750 2809 2823 sic
2891 2751 2983 2822 de
3052 2749 3237 2821 aliis
3300 2748 3710 2830 sensibus;

2175 2886 2373 2957 ergo
2407 2889 2505 2938 ex
2548 2866 2698 2939 hoc
2739 2886 2898 2937 non
2933 2867 3298 2958 apparet,
3348 2865 3552 2957 quod
3595 2866 3714 2936 dc-

2173 2984 2358 3057 beat
2401 2984 2667 3055 facere
2729 3002 3022 3055 conum
3085 3003 3492 3054 summum
3547 3003 3714 3053 res-

2177 3103 2412 3193 pectu
2465 3099 2823 3170 aliorum
2876 3097 3484 3179 sensitivorum,
3567 3117 3712 3169 nec

2177 3218 2254 3289 in
2326 3215 2809 3297 substantia,
2884 3215 2951 3286 si
3019 3214 3126 3287 sit
3201 3215 3293 3286 de
3364 3214 3714 3288 materia

2173 3334 2480 3405 educta.
2521 3331 2707 3422 quia
2743 3335 2930 3403 tunc
2953 3335 3078 3404 est
3119 3329 3708 3421 corruptibilis,

2177 3448 2359 3520 Ideo
2411 3451 2735 3540 oportet
2776 3448 2982 3539 quod
3024 3447 3238 3520 ratio
3295 3447 3712 3521 summita-

2171 3566 2306 3646 tis,
2365 3585 2520 3656 qua
2586 3565 2894 3653 ligatur
2954 3585 3136 3637 cnm
3182 3564 3705 3645 intellectivo,

2174 3683 2280 3756 sit
2359 3682 2616 3754 media
2687 3683 2899 3755 inter
2967 3682 3555 3756 intellectivum
3613 3703 3711 3754 ex

2174 3823 2328 3872 una
2386 3807 2646 3894 parte,
2692 3805 2768 3873 et
2833 3799 3313 3873 sensitivum
3349 3799 3708 3872 omnium

2172 3919 2531 3992 aliorum
2595 3918 3075 3991 animalium
3117 3938 3215 3989 ex
3276 3917 3460 3989 alia.
3519 3918 3707 3989 Haec

2171 4040 2444 4109 autem
2490 4033 2869 4108 mediatio
2901 4054 3062 4105 non
3095 4036 3219 4106 est
3252 4032 3331 4104 in
3377 4052 3710 4124 operan-

2167 4151 2289 4233 do,
2340 4151 2526 4242 quia
2587 4149 2890 4239 indiget
2951 4166 3262 4238 organo
3316 4153 3403 4222 ut
3460 4149 3641 4221 aliae
3689 4174 3703 4230 ;

2168 4287 2367 4357 ergo
2419 4269 2540 4338 cst
2614 4267 2694 4337 in
2744 4266 3104 4345 essendo,
3177 4269 3260 4338 et
3328 4265 3408 4337 in
3471 4266 3704 4337 modo

2170 4382 2752 4477 productionis,
2792 4382 2980 4472 quia
3015 4401 3291 4452 omnes
3326 4381 3505 4453 aliae
3539 4402 3707 4453 sen-

2169 4500 2457 4579 sitivae‚
2495 4502 2572 4569 et
2610 4500 2793 4568 sunt
2839 4496 2936 4567 ab
2983 4496 3202 4567 intra
3243 4501 3323 4570 et
3365 4484 3708 4592 corrup-

2167 4616 2461 4703 tibiles,
2515 4620 2592 4688 et
2637 4615 2993 4705 alligatae
3055 4615 3491 4686 secundum
3535 4616 3708 4687 sub-

2169 4732 2587 4811 stantiam,
2658 4733 2734 4801 et
2811 4728 3240 4810 rationem,
3306 4734 3384 4802 et
3435 4736 3706 4823 poten·

2163 4848 2367 4920 tiam
2420 4864 2729 4935 organo
2772 4844 3218 4937 corporali.
3275 4847 3709 4919 Intellecti-

2162 4985 2263 5035 va
2304 4964 2426 5034 est
2487 4961 2585 5031 ab
2633 4965 2869 5033 extra
2913 4960 3140 5034 unita
3176 4962 3542 5034 materiae
3586 4986 3707 5037 se-

2164 5080 2509 5151 cundum
2571 5076 3135 5158 substantiam,
3207 5082 3287 5151 et
3354 5098 3513 5150 non
3583 5102 3704 5152 se-

2162 5195 2506 5267 cundum
2553 5193 3022 5285 potentiam,
3091 5196 3175 5264 ut
3221 5200 3513 5285 supra·
3569 5216 3705 5287 pa-

2163 5310 2321 5386 tuit
2374 5336 2388 5378 :
2456 5308 2849 5381 sensitiva
2915 5330 3111 5380 vero
3173 5308 3529 5382 hominis
3580 5313 3701 5383 est

2163 5429 2260 5500 ab
2291 5431 2552 5507 extra,
2593 5426 2670 5497 in
2705 5445 2859 5516 quo
2901 5425 3227 5499 excellit
3269 5426 3472 5498 alias
3528 5448 3705 5499 sen-

2163 5544 2484 5626 sitivaS,
2574 5543 2834 5631 ligata
2919 5544 3284 5615 materiae
3382 5543 3702 5618 ratione

2163 5661 2531 5753 subjecti,
2557 5665 2637 5733 et
2662 5660 2913 5732 etiam
2934 5661 3252 5733 ratione
3279 5661 3694 5754 potentiae,

3641 487 3754 552 453

3777 1715 4027 1780 Objeoet'o.

3786 2424 4014 2478 Salutio.

3729 5234 3747 5254 ⁶
3776 5232 3956 5295 quaest.
3987 5230 4041 5284 9.
