4252 6393
1636 443 1996 523 QUAESTIO
2045 445 2117 509 ΙΙΙ

277 612 445 686 ne2.
498 615 582 683 de
615 616 1079 697 Gener-atione,
1123 625 1283 681 text.
1325 612 1438 685 56.
1482 611 1750 685 dicens
1796 635 1811 679 ε

277 734 556 820 Propter
585 734 776 820 lonqe
813 732 1070 799 distare
1104 754 1147 798 α
1191 733 1437 819 primo,
1483 742 1576 797 est
1622 752 1815 819 qene-

275 851 466 930 ratio,
533 859 596 915 et
642 850 983 936 corruptio
1021 850 1097 915 in
1142 848 1354 915 rebus.
1417 845 1636 917 Unde
1686 864 1815 936 ge-

276 961 665 1036 nerabilia
700 967 888 1038 sunt
952 962 1213 1054 magis
1256 962 1416 1035 isto
1481 962 1712 1034 modo
1766 980 1813 1032 a

273 1083 428 1153 Deo
474 1085 798 1154 remota
857 1100 1100 1172 quam
1140 1099 1501 1172 corpora
1540 1079 1813 1153 coeles-

272 1198 401 1279 tia,
435 1203 516 1271 et
548 1216 907 1289 corpora
932 1196 1298 1270 coelestia
1358 1217 1602 1288 quam
1645 1196 1808 1268 ani-

272 1333 392 1385 ma
452 1313 917 1394 rationalis,
991 1317 1072 1386 et
1113 1312 1388 1386 anima
1449 1312 1808 1385 rationa-

269 1428 360 1501 lis
430 1449 675 1522 quam
727 1428 1131 1520 Angelus;
1169 1433 1249 1502 et
1300 1428 1415 1501 sic
1465 1429 1558 1500 de
1602 1426 1812 1500 ordi-

272 1545 492 1618 nibus
574 1544 1103 1635 Angelorum,
1185 1544 1804 1625 elementorum,

275 1666 347 1735 et
404 1662 519 1735 sic
575 1660 930 1734 aliarum
1001 1659 1484 1753 specierum,
1556 1680 1810 1752 usque

276 1779 359 1852 ad
388 1760 851 1858 materiam,
890 1798 1065 1869 quae
1107 1779 1189 1851 et
1229 1797 1541 1849 summe
1567 1796 1613 1847 a
1641 1777 1808 1849 Deo

45 1897 231 2009 ἷζῆἶξξ
277 1896 552 1977 distat;
601 1895 815 1968 sicut
856 1894 1213 1986 Angelus
1267 1893 1618 1967 maxime
1677 1913 1810 1986 ap-

45 2023 231 2085 ·esisre·
283 2008 790 2102 propinquat.
838 2007 1287 2081 Secundum
1349 2026 1585 2098 quem
1646 2026 1807 2077 mo-

58 2092 213 2195 iffi?
271 2133 444 2205 dum
492 2131 816 2205 videtur
867 2129 1093 2223 loqui
1163 2130 1667 2221 Augustinus
1718 2128 1808 2200 de

45 2208 216 2324 ‘'⁹22⁸‘'
272 2248 717 2341 propinquo
742 2249 823 2320 et
854 2250 1198 2328 remoto,
1233 2248 1342 2319 12.
1377 2250 1624 2334 confes.
1650 2270 1705 2328 c,
1736 2247 1803 2317 7.

274 2366 586 2439 dice-ns:
649 2368 791 2432 Duo
848 2362 1170 2454 (inquit)
1218 2365 1502 2431 Domine
1555 2365 1800 2448 fecisti,

274 2506 465 2551 unum
513 2505 722 2572 prope
787 2495 869 2563 te,
939 2482 1056 2569 (ut
1124 2478 1550 2570 Angelum)
1615 2480 1809 2548 aliud

268 2621 465 2689 prope
523 2600 725 2680 nihil,
784 2599 901 2685 (ut
967 2595 1461 2686 materiam.)
1529 2597 1631 2669 Et
1736 2596 1805 2669 si

271 2736 455 2788 vera
511 2716 726 2788 esset
777 2713 1030 2787 etiam
1101 2712 1376 2806 opinio
1438 2711 1799 2796 illorum,

62 2829 398 2958 ·1T¹130ffl·qui
454 2832 730 2904 dicunt
792 2831 872 2903 in
940 2850 1100 2903 una
1159 2829 1426 2923 specie
1485 2829 1799 2921 Angeli,

46 2931 418 3068 {gt-Quen
481 2968 720 3041 posse
774 2969 955 3020 esse
1020 2946 1178 3020 nisi
1218 2968 1467 3019 unum
1528 2947 1804 3020 indivi-

121 3053 131 3064 ’
181 3054 192 3070 ’
269 3066 525 3145 duum,
587 3065 1089 3158 impossibile
1127 3069 1344 3139 esset
1383 3066 1575 3139 dare
1605 3065 1804 3138 duos

270 3182 616 3275 Angelos
674 3203 899 3275 aeque
951 3182 1405 3276 perfectos;
1453 3182 1659 3276 quod
1690 3186 1806 3256 ta-

271 3321 441 3372 men
486 3300 783 3373 falsum
823 3303 976 3383 est,
1048 3300 1238 3393 quia
1278 3303 1494 3374 Deus
1529 3301 1802 3393 posset

266 3417 462 3490 tales
506 3417 803 3496 facere,
856 3416 1184 3490 etiamsi
1226 3416 1439 3490 forte
1492 3437 1650 3488 non
1697 3416 1805 3488 fe-

265 3535 490 3610 cerit.
530 3535 711 3607 Ideo
741 3558 950 3623 supra
987 3533 1151 3605 dixi
1200 3534 1281 3606 in
1320 3533 1801 3608 habentibus

267 3654 622 3727 ordinem
691 3652 1239 3735 essentialem,
1306 3674 1542 3745 quem
1600 3652 1803 3725 ordi·

265 3787 435 3842 nem
507 3769 805 3844 habent
865 3769 1175 3862 species
1237 3791 1541 3855 rerum,
1641 3791 1801 3845 non

264 3890 530 3960 autem
600 3885 1003 3958 individua
1063 3886 1210 3958 sub
1278 3907 1437 3959 una
1506 3889 1796 3980 specie,

264 4004 687 4076 secundum
723 4005 1475 4078 commentatorem
1497 4007 1562 4076 3.
1603 4007 1804 4073 Meca-

269 4121 375 4207 ρΙι.
408 4134 568 4192 teoet.
614 4123 725 4194 49.
1650 4177 1657 4186 .

91 4232 155 4289 Ὦ·
343 4237 618 4311 Tertio
710 4237 967 4319 modo,
1056 4236 1227 4311 haec
1306 4236 1802 4313 immediatio

268 4357 533 4442 posset
603 4353 902 4425 referri
980 4353 1075 4426 ad
1136 4352 1499 4426 ordinem
1569 4375 1804 4447 agen·

265 4464 487 4553 tium,
584 4467 795 4543 sicut
890 4468 1292 4542 intellexit
1393 4468 1802 4542 Avicenna

269 4582 491 4654 modo
529 4582 999 4676 supradicto
1038 4608 1053 4652 z
1090 4585 1169 4653 et
1223 4581 1382 4655 isto
1421 4584 1653 4656 modo
1687 4586 1801 4671 (ut

259 4694 420 4786 jam
454 4700 751 4792 patuit)
790 4699 1093 4772 dictum
1129 4720 1363 4772 suum
1398 4702 1522 4773 est
1558 4701 1804 4773 omni-

264 4829 360 4883 no
402 4813 726 4897 falsum,
781 4834 1247 4899 erroneum,
1294 4818 1372 4888 et
1411 4816 1627 4889 omni
1682 4837 1803 4890 ra-

264 4926 477 5002 tione
508 4950 881 5004 vacuum.

346 5043 546 5118 Dico
591 5044 850 5137 igitur
913 5047 1119 5138 quod
1158 5050 1563 5120 creaturae
1625 5069 1805 5141 pro-

268 5155 666 5231 ducuntur
698 5180 747 5232 a
779 5160 946 5233 Deo
970 5158 1432 5235 immediate
1467 5183 1612 5256 per
1645 5186 1806 5238 mo-

268 5271 447 5345 dum
482 5273 870 5366 gratuitae
898 5273 1377 5357 voluntatis,
1418 5278 1607 5371 quia
1641 5281 1808 5352 nul-

274 5383 348 5457 lo
389 5389 790 5463 exteriori
862 5390 1243 5475 afficitur,
1312 5392 1481 5465 sive
1543 5397 1803 5480 mode,

280 5503 443 5576 sive
476 5506 628 5579 fine
666 5532 680 5577 ε
717 5526 907 5578 nam
949 5510 1191 5576 Omnia
1234 5524 1509 5600 propter
1541 5535 1610 5580 se
1661 5537 1812 5602 ope-

277 5635 461 5693 ratus
516 5638 630 5706 ese,
677 5624 1071 5697 Proverb.
1118 5627 1225 5697 16.
1292 5629 1390 5700 Et
1436 5649 1582 5722 per
1643 5651 1813 5704 mo-

403 5757 556 5812 Tom.
586 5759 669 5812 Ν.

3345 457 3466 521 289

1929 609 2116 680 dum
2148 611 2537 686 effectivae
2604 617 2683 688 et
2716 615 3213 708 expressiva}
3239 618 3474 701 artis,

1932 745 2108 816 quae
2152 728 2374 801 nullo
2408 730 2806 804 exteriori
2858 731 3304 815 formatum
3345 733 3478 804 sed

1931 843 2285 937 seipsam
2331 868 2475 939 per
2530 848 3019 922 varietatem
3083 848 3475 931 idearum,

1928 981 2103 1054 quae
2168 966 2355 1035 sunt
2437 962 2641 1036 idem
2714 966 2920 1057 quod
2991 964 3190 1057 ipsa,
3240 965 3478 1057 plura

1924 1078 2384 1151 differentia
2423 1083 2501 1151 et
2571 1081 2996 1154 contraria
3033 1102 3478 1174 repraesen-

1923 1199 2133 1280 tant,
2177 1200 2255 1269 et
2295 1200 2537 1267 Omnia
2575 1222 2781 1268 tutum
2817 1213 2970 1268 sunt
3003 1203 3076 1267 in
3125 1224 3226 1281 ea,
3266 1200 3473 1273 sicut

1924 1311 2114 1385 dicit
2151 1314 2654 1403 Augustinus
2684 1317 2750 1386 6.
2788 1317 2872 1383 de
2931 1318 3284 1396 Trinitate‚
3321 1340 3472 1405 cap.

1922 1432 2182 1497 ultimo.
2248 1428 2438 1503 Haec
2479 1435 2600 1504 est
2645 1450 2784 1503 ars
2827 1432 2918 1504 de
2972 1452 3128 1523 qua
3177 1431 3476 1504 dicitur

1926 1541 2007 1615 in
2041 1544 2368 1618 Psalmo
2404 1548 2555 1620 103.
2608 1550 2851 1615 Omnia
2889 1550 2964 1617 in
3003 1536 3340 1636 sapientie
3373 1551 3472 1633 se-

1921 1664 2075 1729 cisti
2113 1690 2135 1730 .·
2204 1664 2283 1733 et
2356 1662 2628 1735 omnia
2702 1684 2845 1757 per
2919 1664 3187 1756 ipsum
3258 1663 3474 1736 sacta

1926 1780 2142 1859 sunt,
2193 1800 2338 1871 per
2372 1780 2694 1852 modum
2740 1780 3156 1853 immensae
3210 1784 3473 1875 potes-

1923 1894 2147 1976 tatis,
2197 1918 2370 1988 quae
2413 1917 2555 1969 nec
2597 1898 3063 1970 extrinseco
3100 1897 3465 1990 juvatur.

1927 2011 2109 2083 Ideo
2179 2012 2477 2085 dieitur
2567 2013 3000 2107 Sapientiae
3061 2018 3168 2087 12.
3243 2016 3473 2083 Subest

1921 2131 2101 2196 enim
2142 2130 2285 2211 tibi,
2349 2153 2494 2197 cum
2535 2132 2849 2213 volueris,
2892 2154 3104 2219 posse.
3160 2131 3272 2203 De
3344 2130 3469 2201 his

1920 2243 2187 2316 tribus
2250 2244 2443 2316 item
2490 2246 2723 2335 Hugo
2785 2249 2899 2315 lib.
2948 2251 3010 2319 1.
3086 2248 3168 2316 de
3223 2252 3472 2316 Sacra-

1920 2364 2182 2439 mentis,
2207 2372 2387 2448 part.
2412 2362 2479 2430 2.
2515 2384 2661 2449 cap.
2697 2363 2763 2433 6.
2804 2363 3121 2431 Voluntas
3150 2360 3469 2453 (inquit)

1920 2488 2155 2558 movet,
2196 2478 2478 2544 scientia
2519 2479 2841 2566 disponit,
2897 2491 3185 2567 potestas
3224 2500 3466 2568 opera-

1922 2603 2054 2661 tur.

2344 2898 2813 2982 QUAESTIO
2912 2900 3058 2976 III.

1932 3102 2169 3168 Utrum
2230 3102 2525 3189 primum
2588 3103 3004 3189 principium
3069 3101 3309 3190 absque
3373 3106 3479 3171 sui

2009 3219 2381 3286 mutatione
2439 3220 2650 3306 possit
2686 3241 2930 3286 novum
2978 3221 3280 3307 effectum
3321 3244 3477 3310 pro·

2007 3334 2299 3402 ducere?

1917 3506 2101 3562 Alens.
2159 3507 2206 3562 1.
2258 3511 2411 3576 pare.
2464 3511 2632 3575 quaest
2688 3506 2776 3562 53.
2832 3520 3001 3562 mem.
3060 3505 3113 3562 ⁴.
3175 3511 3343 3565 artic.
3409 3511 3466 3567 2.

1990 3580 2044 3634 S.
2075 3576 2267 3633 'l'hom.
2299 3578 2344 3632 1.
2412 3584 2524 3633 art.
2556 3584 2742 3646 φησι.
2779 3577 2863 3632 13.
2891 3582 3053 3633 artic.
3083 3579 3135 3633 7.
3166 3580 3466 3637 Bonavenl.

1989 3653 2053 3703 in
2088 3648 2135 3704 1.
2164 3651 2294 3704 dist.
2327 3593 2416 3705 35³.
2449 3655 2638 3718 quaest.
2670 3648 2723 3706 2.
2751 3654 2798 3702 et
2829 3651 2879 3706 3.
2913 3648 3175 3705 Hem-icus
3203 3653 3391 3717 quodl.
3419 3652 3468 3707 7.

1986 3727 2175 3790 quaest.
2212 3724 2257 3776 1.
2286 3726 2337 3774 et
2376 3720 2624 3786 quodlib.
2667 3720 2720 3779 9.
2753 3726 2939 3789 quaest.
2976 3724 3028 3779 1.
3063 3720 3347 3777 Durandus
3375 3724 3466 3777 hie

1987 3797 2177 3861 quaest.
2212 3791 2264 3850 3.
2299 3794 2521 3863 Mayron
2553 3796 2614 3848 in
2643 3796 2695 3849 2.
2738 3795 2870 3849 dist.
2905 3794 2951 3849 1.
2998 3799 3186 3860 quaest.
3236 3797 3291 3849 2.
3325 3795 3466 3849 Sua-

1986 3880 2072 3920 rez
2126 3865 2257 3932 1.ρ.
2316 3870 2474 3920 tract.
2510 3863 2559 3921 ¹.
2621 3860 2696 3919 lib
2729 3868 2776 3922 1.
2833 3881 2952 3929 cap.
3005 3865 3060 3922 9.
3109 3864 3381 3920 Conimbr.
3415 3865 3469 3920 8.

1991 3937 2159 4007 Phys.
2191 3951 2311 4003 cap.
2347 3934 2399 3992 6.
2431 3943 2618 4006 quaest.
2660 3941 2817 3994 unic.
2851 3935 2984 3992 Vide
3012 3940 3284 3992 Doctorem
3315 3941 3379 3990 in
3415 3939 3463 3993 1.

1985 4008 2215 4132 disnlfg.
2261 4013 2307 4061 et
2358 4008 2513 4064 30.et
2548 4010 2613 4062 de
2655 4011 2842 4077 primo
2885 4010 3188 4079 principio,
3243 4023 3367 4076 cap.
3403 4009 3460 4064 3.

1983 4094 2115 4133 conc
2143 4119 2158 4135 .
2209 4118 2225 4135 .

2007 4232 2207 4304 Cum
2280 4229 2729 4322 quaeritur:
2784 4232 3062 4302 utrum
3106 4230 3462 4323 primum

1917 4343 2410 4436 principium
2472 4344 2770 4436 absque
2841 4343 2963 4416 sui
3012 4343 3463 4416 mutatione

1920 4460 2050 4541 sit,
2114 4461 2240 4532 vel
2310 4483 2488 4534 esse
2569 4461 2828 4554 possit
2906 4481 3156 4534 causa
3234 4481 3463 4532 novae

1919 4581 2349 4659 creaturae,
2396 4578 2521 4649 vel
2585 4577 2774 4649 novi
2819 4579 3212 4650 effectus?
3265 4577 3464 4651 Dico

1921 4695 2129 4786 quod
2165 4694 2756 4787 praetermissis
2799 4694 3227 4767 erroribus
3292 4695 3467 4786 plu-

1921 4809 2136 4883 rium
2174 4810 2700 4903 antiquorum
2754 4813 2831 4882 et
2859 4811 3461 4893 modernorum,

1921 4926 2054 5020 qui
2097 4949 2258 5001 non
2302 4930 2672 5021 potentes
2706 4927 3001 5010 videre,
3071 4929 3465 5020 quomodo

1919 5064 1967 5116 a
2002 5043 2404 5137 principio
2440 5043 2953 5126 immutabili,
2991 5048 3279 5135 agente
3322 5064 3468 5137 per

1921 5162 2423 5236 intellectum
2484 5164 2561 5234 et
2594 5161 3127 5244 voluntatem,
3166 5182 3463 5235 novum

1921 5279 2245 5372 aliquod
2286 5278 2544 5371 possit
2608 5276 2966 5370 produci,
3030 5276 3184 5348 nisi
3249 5278 3326 5349 in
3369 5300 3464 5350 eo

1924 5415 2133 5467 nova
2174 5393 2594 5485 cogitatio,
2642 5394 2809 5465 sive
2844 5412 3053 5464 nova
3084 5393 3464 5467 voluntas

1928 5512 2321 5585 oriatur:
2393 5509 2567 5582 ideo
2638 5529 2818 5581 cum
2890 5508 2993 5581 sit
3073 5511 3462 5601 quoddam

1927 5628 2341 5703 immobile
2377 5626 2885 5723 simpliciter,
2923 5628 3016 5699 ad
3052 5627 3257 5718 quod
3301 5649 3463 5701 om-

3265 5761 3326 5816 19
