4252 6393
374 791 678 857 Oppositum

720 372 833 435 128

709 536 925 605 esset
988 533 1393 623 regularis
1455 532 1764 624 figurae,
1812 534 1945 604 sed
1998 532 2252 606 altior

714 648 794 721 in
851 650 1270 731 extremis,
1317 653 1398 723 ct
1455 649 1779 721 bassior
1830 649 1908 720 in
1962 649 2247 722 medic.
2309 727 2312 730 A

799 766 914 839 Ad
958 767 1422 859 oppositum
1471 771 1595 840 est
1637 766 2126 839 Aristoteles
2178 770 2252 835 in

710 889 835 954 isto
890 889 1209 968 secunde,
1279 910 1433 974 cap.
1512 889 1760 974 prime,
1844 883 1978 956 ubi
2054 883 2251 957 dicit

712 1002 919 1092 quod
981 1023 1208 1074 mare
1254 1001 1652 1074 Maeotidis
1694 999 1874 1074 fluit
1925 1000 2008 1072 in
2049 1001 2247 1072 Pon-

705 1122 906 1201 tum,
953 1124 1035 1193 et
1081 1122 1387 1192 Pontus
1438 1119 1515 1190 in
1566 1119 1949 1208 AEgaeum,
1997 1120 2078 1190 et
2128 1116 2249 1186 AE-

706 1255 928 1326 gaeus
1001 1236 1082 1307 in
1147 1236 1569 1326 Pelagum;
1638 1235 1869 1306 modo
1924 1232 2247 1306 Maeotis

701 1356 826 1424 est
880 1371 1106 1423 mare
1150 1351 1547 1425 situatum
1599 1372 1887 1424 versus
1923 1354 2248 1444 Septen-

705 1467 1085 1549 trionem,
1142 1471 1225 1541 et
1272 1469 1622 1558 Pelagus
1678 1467 2043 1540 situatur
2103 1465 2249 1537 sub

701 1585 1303 1677 AEquinoctiali,
1372 1586 2032 1660 scilicetversus
2095 1604 2249 1656 me-

706 1702 1020 1796 ridiem.

791 1821 883 1890 In
928 1818 1086 1891 ista
1131 1818 1580 1910 quaistione
1626 1816 1895 1910 primo
1958 1814 2248 1887 videbi-

699 1938 841 2007 tur
862 1937 952 2007 de
979 1935 1505 2027 generatione
1542 1935 1823 2006 maris.
1854 1933 2241 2014 Secundo,

698 2051 768 2122 si
822 2070 1046 2123 mare
1102 2050 1210 2124 sit
1253 2052 1479 2123 locus
1530 2049 1943 2124 naturalis
2001 2068 2243 2140 aqua-

701 2188 907 2239 rum.
956 2171 1055 2242 Et
1119 2168 1388 2250 tertio,
1433 2169 1523 2240 de
1561 2166 1930 2260 quaesito.

1178 2496 1613 2553 ARTICULUS
1692 2493 1735 2549 1.

1052 2679 1147 2743 De
1177 2676 1604 2764 qeneralione
1643 2675 1878 2740 maris.

788 2872 1190 2953 Quantum
1229 2869 1324 2940 ad
1369 2867 1747 2961 primum,
1792 2865 2070 2939 dicunt
2102 2863 2242 2935 ali-

700 2987 835 3078 qui
868 2987 1073 3079 quod
1110 3007 1333 3057 maro
1364 2987 1489 3057 est
1526 2986 2031 3075 perpetuum.
2081 2980 2241 3053 Alii

695 3102 973 3176 dicunt
1017 3102 1222 3192 quod
1256 3102 1704 3191 generatur
1744 3119 1843 3168 ex
1877 3097 2239 3169 sontibus

694 3218 1234 3294 existentibus
1286 3216 1429 3289 sub
1473 3214 1709 3288 mari.
1758 3217 1859 3289 Et
1902 3214 2052 3287 hoc
2113 3217 2240 3287 est

693 3338 1015 3418 falsum,
1063 3336 1252 3427 quia
1313 3356 1536 3406 mare
1580 3353 1741 3405 non
1799 3338 1925 3407 est
1986 3331 2237 3405 altius

695 3457 870 3529 loco
916 3474 1080 3526 suae
1124 3451 1494 3543 originis.
1532 3450 1694 3523 Alii
1723 3449 1997 3522 dicunt
2031 3448 2240 3541 quod

690 3571 913 3644 venit
945 3591 991 3642 a
1023 3570 1367 3662 quodam
1400 3570 1827 3640 coarctato
1873 3565 1955 3637 in
1986 3565 2237 3638 visce-

1809 373 1951 434 LIB.
2001 373 2072 434 ΙΙ.
2121 372 2665 437 METEORORUM

2364 531 2608 614 mina,
2647 553 2794 626 per
2828 531 3142 625 pluvias
3170 538 3252 608 et
3281 534 3534 616 nives,
3578 538 3661 609 et
3700 535 3902 608 alias

2362 651 2958 743 impressiones¹
2984 671 3311 743 aqueas,
3366 674 3541 744 quae
3587 653 3896 727 intrant

2366 767 2629 860 ipsum
2674 788 2924 839 mare.

2452 885 2597 957 Sed
2674 884 3127 966 dubitatur,
3212 905 3463 977 quare
3529 890 3655 961 est
3723 886 4185 974 hoc,1>„1,.·„„.1,

2363 1003 2568 1093 quod
2631 1001 2699 1074 si
2762 1023 2987 1074 mare
3049 1007 3517 1090 generetur,
3590 1008 3670 1077 et
3728 1024 3902 1078 cor-

2366 1122 2827 1210 rumpatur,
2865 1118 3251 1192 continue
3272 1120 3906 1214 appareteodem

2364 1235 2625 1318 mod0,
2690 1239 2770 1308 et
2817 1235 3203 1309 continue
3243 1235 3793 1310 consimiliter
3826 1259 3907 1309 se

2360 1348 2658 1423 habere
2694 1351 2867 1424 sinc
2895 1353 3423 1444 generatione
3455 1359 3537 1428 et
3570 1374 3901 1448 corrup-

2363 1465 2633 1540 tione?
3283 1505 3288 1506 ⁷

2447 1582 2649 1656 Dico
2685 1584 2891 1676 quod
2922 1584 3074 1659 hoc
3116 1590 3242 1659 est
3276 1589 3620 1678 propter
3651 1585 3903 1660 conti·
3970 1598 4161 1652 εοιιιιεο.

2360 1719 2602 1770 nuam
2648 1701 3252 1774 successionem
3297 1700 3661 1795 partium
3720 1723 3902 1779 con-

2363 1816 2758 1890 similium
2841 1820 3210 1912 partibus
3296 1818 3500 1905 illis,
3573 1841 3748 1912 quae
3813 1821 3906 1892 de

2359 1954 2569 2006 novo
2613 1942 3288 2030 corrumpuntur,
3337 1940 3418 2011 et
3458 1936 3609 2010 hoc
3652 1936 3906 2012 conti·

2358 2070 2545 2134 nue,
2638 2054 3313 2145 quemadmodum
3389 2054 3754 2126 videmus
3824 2054 3904 2127 in

2358 2166 2570 2248 aliis,
2610 2168 2824 2243 sicut
2876 2169 3207 2241 flamma
3257 2171 3612 2242 candclae
3663 2192 3905 2264 appa-

2361 2289 2487 2357 ret
2529 2284 2758 2357 nobis
2799 2286 3077 2357 eadem
3110 2305 3157 2357 a
3190 2285 3596 2379 principio
3641 2286 3906 2360 incen-

2359 2401 2613 2476 sionis
2684 2422 2936 2492 usque
2987 2402 3081 2474 ad
3141 2403 3755 2487 extinctionem,
3820 2408 3904 2480 et

2358 2524 2632 2593 tamen
2673 2516 2752 2589 in
2787 2516 2907 2589 rei
2950 2518 3303 2593 veritate
3350 2523 3476 2593 est
3510 2520 3899 2594 continue

2357 2635 2544 2714 alia,
2597 2637 2678 2706 et
2735 2633 2923 2715 alia,
2973 2633 3187 2708 sicut
3249 2639 3475 2728 patet
3533 2647 3611 2705 m
3649 2641 3774 2706 isto
3804 2661 3903 2707 se-

2355 2752 2596 2820 cun-do.
2647 2752 2744 2823 Et
2779 2749 2928 2822 hoc
2971 2753 3097 2823 est
3146 2756 3487 2844 propter
3520 2752 3902 2826 similitu-

2353 2866 2618 2939 dinem
2674 2868 3023 2939 flammae
3086 2869 3593 2943 succedentis
3649 2872 3906 2945 conti-

2354 3005 2533 3066 nue,
2575 3006 2717 3078 per
2779 2985 3252 3059 continuam
3289 2987 3908 3077 generationem

2351 3101 2725 3183 flammae,
2775 3124 2950 3194 quae
2993 3103 3377 3177 continue
3428 3125 3909 3200 corrumpe·

2352 3218 2623 3292 batur.
2708 3219 3113 3294 Similiter
3193 3225 3596 3313 apparent
3673 3224 3907 3297 nobis

2356 3334 2675 3425 quidam
2721 3337 3092 3430 perpetui
3152 3336 3482 3429 lapideS‚
3539 3360 3634 3411 eo
3695 3343 3908 3432 quod

2357 3452 2433 3524 in
2466 3452 3010 3526 vitahominis
3042 3453 3610 3528 diminuuntur
3634 3457 3906 3529 solum

2356 3568 2794 3641 secundum
2839 3573 3117 3662 partes
3171 3569 3710 3643 insensibiles,

2442 3686 2800 3757 Secundo
2859 3686 3303 3769 dubitatur,
3361 3707 3612 3779 quare
3670 3709 3903 3761 mare
3928 3717 4203 3772 namma

2352 3821 2535 3873 cum
2596 3804 3040 3891 generetur
3089 3823 3186 3874 ex
3231 3802 3592 3876 fontibus
3637 3809 3717 3878 et
3757 3805 3902 3877 flu-

2349 3917 2505 3989 viis
2576 3938 2736 3990 non
2803 3923 3146 4011 apparet
3213 3920 3732 4011 augmentari
3797 3922 3899 3995 ab

2353 4034 2600 4126 ipsis?

2436 4150 2637 4224 Dico
2708 4152 2917 4243 quod
2975 4153 3072 4224 ad
3130 4151 3281 4225 hoc
3350 4152 3661 4227 faciunt
3720 4156 3898 4227 tres
3972 4176 4173 4231 somno.

694 3689 919 3761 ribus
960 3691 1234 3761 terrae.
1294 3687 1395 3759 Et
1441 3684 1633 3756 illud
1676 3682 2238 3775 improbatum

694 3810 816 3879 est
859 3803 1264 3897 superius,

401 3970 662 4033 Μανίῳ,
790 3922 983 3996 Istis
1029 3918 1387 4000 omissis,
1433 3921 1561 3990 est
1596 3916 1864 4008 prima
1914 3915 2237 3988 conclu-

337 4040 664 4158 ’ξζῇξζζζζρξξ
697 4039 844 4122 sio,
902 4037 1108 4129 quod
1152 4055 1377 4107 mare
1421 4035 1891 4124 generatur,
1928 4035 2009 4105 et
2055 4050 2235 4103 cor-

696 4154 1137 4249 rumpitur.
1221 4150 1654 4231 Probatur,
1729 4147 1920 4241 quia
1999 4167 2236 4220 omne

341 4166 456 4210 tur.

380 4252 383 4257 ⁶
692 4269 1120 4346 materiale
1143 4265 1772 4357 estgenerabile,
1792 4268 1872 4338 et
1897 4283 2238 4356 corrup-

689 4389 914 4463 tibile
961 4390 1116 4461 etc.
1183 4385 1454 4477 Major
1514 4386 1758 4475 patet,
1826 4380 2014 4473 quia
2074 4401 2237 4452 ma-

687 4505 899 4580 teria
921 4501 1738 4577 estsufficienscausa
1781 4496 2237 4589 generatio-

686 4622 839 4704 niS,
876 4625 958 4695 et
988 4617 1573 4711 corruptioniS,
1597 4620 1685 4690 ut
1706 4618 1930 4709 patet
1959 4618 2021 4686 1.
2055 4617 2234 4702 Phy-

685 4742 998 4821 sicorum,
1033 4750 1093 4805 et
1121 4738 1188 4808 Ξ.
1216 4737 1298 4803 dc
1332 4737 1794 4803 Generalionc.
1846 4732 1943 4805 Et·
1967 4728 2235 4801 minor

690 4857 939 4946 patet,
981 4852 1167 4944 quia
1244 4871 1471 4922 mare
1523 4854 1647 4922 est
1684 4847 1898 4919 infra
1949 4844 2230 4918 orbem

692 4971 960 5050 Lunae,
1019 4973 1100 5043 et
1138 4989 1373 5040 omne
1406 4964 1569 5040 tale
1601 4968 1727 5038 est
1771 4959 2225 5035 materiale.

776 5087 1134 5161 Secunda
1175 5082 1593 5158 conclusio
1636 5085 1785 5162 est,
1826 5079 2033 5172 quod
2070 5097 2230 5148 ma-

686 5223 773 5275 re
809 5206 1252 5295 generatur
1284 5222 1381 5273 ex
1416 5197 1799 5279 sontibus,
1845 5199 1925 5268 et
1959 5191 2228 5265 fluviis

682 5319 1320 5413 ingredientibus
1364 5317 1628 5410 ipsum
1674 5335 1925 5387 mare.
1966 5313 2224 5391 Patet,

682 5439 873 5530 quia
903 5457 1064 5509 non
1090 5438 1433 5528 apparet
1466 5432 1675 5504 alius
1712 5430 1992 5503 modus
2027 5426 2229 5497 unde

686 5557 1255 5647 generaretur,
1302 5550 1463 5623 nisi
1500 5569 1642 5642 per
1674 5547 1943 5620 fontes
1977 5547 2058 5617 et
2089 5541 2227 5613 flu-

2350 4286 2642 4337 causae.
2729 4268 3008 4339 Prima
3086 4273 3247 4351 est,
3341 4267 3532 4361 quia
3615 4274 3901 4361 partes

2353 4382 2605 4455 maris
2660 4382 3044 4457 continue
3098 4388 3698 4459 consumuntur
3749 4407 3903 4479 per

2347 4499 2982 4574 desiccationem
3052 4521 3099 4573 a
3167 4504 3536 4595 partibus
3614 4507 3895 4585 terrae,

2348 4638 2494 4710 per
2527 4638 2724 4709 quas
2774 4617 3080 4691 transit
3123 4638 3384 4701 mare;
3440 4619 3677 4691 modo
3711 4640 3902 4693 cum

2350 4738 2626 4825 partes
2684 4734 3067 4807 continue
3100 4739 3729 4817 consumuntur,
3778 4736 3900 4811 sic

2345 4850 2665 4922 aliunde
2723 4854 3404 4939 augmentantur,
3480 4850 3654 4923 ideo
3723 4872 3894 4924 non

2347 4971 2674 5059 oportet
2735 4966 2942 5059 quod
2986 4987 3212 5040 mare
3265 4973 3665 5060 appareat
3698 4989 3893 5060 aug-

2345 5081 2721 5154 mentari.
2788 5081 3015 5154 Sicut
3067 5086 3291 5174 patet
3346 5083 3426 5154 in
3478 5083 3886 5177 exemp10,

2345 5218 2530 5269 nam
2578 5198 2803 5270 lacus
2849 5198 3208 5270 inclusus
3261 5199 3477 5272 infra
3536 5204 3884 5282 terram,

2342 5333 2387 5383 a
2431 5335 2585 5404 quo
2631 5313 2899 5385 nullus
2955 5318 3175 5407 patet
3217 5316 3513 5396 exitus,
3558 5316 3887 5389 tandem

2341 5429 2714 5503 totaliter
2744 5429 3303 5504 desiccaretur
3334 5452 3381 5504 a
3413 5434 3666 5513 terra,
3723 5429 3886 5502 nisi

2340 5551 2613 5620 essent
2656 5546 2981 5639 quidam
3026 5546 3270 5620 rivuli
3323 5548 3555 5642 parvi
3616 5548 3885 5641 ipsam
