<?xml version="1.0" encoding="UTF-8"?>
<!DOCTYPE html PUBLIC "-//W3C//DTD XHTML 1.0 Transitional//EN"
    "http://www.w3.org/TR/xhtml1/DTD/xhtml1-transitional.dtd">
<html xmlns="http://www.w3.org/1999/xhtml" xml:lang="en" lang="en">
 <head>
  <title>
</title>
<meta http-equiv="Content-Type" content="text/html;charset=utf-8" />
  <meta name='ocr-system' content='tesseract 3.04.00' />
  <meta name='ocr-capabilities' content='ocr_page ocr_carea ocr_par ocr_line ocrx_word'/>
</head>
<body>
  <div class='ocr_page' id='page_1' title='image "./joannisdunsscot03waddgoog_0748.png"; bbox 0 0 4252 6393; ppageno 0'>
   <div class='ocr_carea' id='block_1_1' title="bbox 618 356 737 420">
    <p class='ocr_par' dir='ltr' id='par_1_1' title="bbox 618 356 737 420">
     <span class='ocr_line' id='line_1_1' title="bbox 618 356 737 420; baseline -0.034 0"><span class='ocrx_word' id='word_1_1' title='bbox 618 356 737 420; x_wconf 81' lang='lat'>714</span> 
     </span>
    </p>
   </div>
   <div class='ocr_carea' id='block_1_2' title="bbox 605 512 2150 958">
    <p class='ocr_par' dir='ltr' id='par_1_2' title="bbox 605 512 2146 843">
     <span class='ocr_line' id='line_1_2' title="bbox 605 512 2145 607; baseline -0.003 -19"><span class='ocrx_word' id='word_1_2' title='bbox 605 537 764 588; x_wconf 88' lang='lat' dir='ltr'>non</span> <span class='ocrx_word' id='word_1_3' title='bbox 822 535 1031 588; x_wconf 88' lang='lat' dir='ltr'>nova</span> <span class='ocrx_word' id='word_1_4' title='bbox 1109 515 1354 587; x_wconf 87' lang='lat' dir='ltr'>realis</span> <span class='ocrx_word' id='word_1_5' title='bbox 1438 513 1728 587; x_wconf 86' lang='lat' dir='ltr'>relatio</span> <span class='ocrx_word' id='word_1_6' title='bbox 1812 512 2145 607; x_wconf 87' lang='lat' dir='ltr'>proprie</span> 
     </span>
     <span class='ocr_line' id='line_1_3' title="bbox 609 631 2146 726; baseline -0.001 -22"><span class='ocrx_word' id='word_1_7' title='bbox 609 631 757 706; x_wconf 85' lang='lat' dir='ltr'>fuit</span> <span class='ocrx_word' id='word_1_8' title='bbox 798 632 945 706; x_wconf 86' lang='lat' dir='ltr'>filii</span> <span class='ocrx_word' id='word_1_9' title='bbox 987 633 1081 705; x_wconf 88' lang='lat' dir='ltr'>ad</span> <span class='ocrx_word' id='word_1_10' title='bbox 1139 636 1454 726; x_wconf 86' lang='lat' dir='ltr'>patrem</span> <span class='ocrx_word' id='word_1_11' title='bbox 1491 635 1829 726; x_wconf 87' lang='lat' dir='ltr'>propter</span> <span class='ocrx_word' id='word_1_12' title='bbox 1890 631 2146 703; x_wconf 88' lang='lat' dir='ltr'>unita-</span> 
     </span>
     <span class='ocr_line' id='line_1_4' title="bbox 609 749 1240 843; baseline -0.008 -21"><span class='ocrx_word' id='word_1_13' title='bbox 609 752 771 822; x_wconf 90' lang='lat' dir='ltr'>tem</span> <span class='ocrx_word' id='word_1_14' title='bbox 809 749 1240 843; x_wconf 81' lang='lat' dir='ltr'>suppositi.</span> 
     </span>
    </p>

    <p class='ocr_par' dir='ltr' id='par_1_3' title="bbox 698 865 2150 958">
     <span class='ocr_line' id='line_1_5' title="bbox 698 865 2150 958; baseline -0.001 -21"><span class='ocrx_word' id='word_1_15' title='bbox 698 866 1063 941; x_wconf 76' lang='lat' dir='ltr'><strong>Ulterius</strong></span> <span class='ocrx_word' id='word_1_16' title='bbox 1130 868 1252 939; x_wconf 89' lang='lat' dir='ltr'>est</span> <span class='ocrx_word' id='word_1_17' title='bbox 1293 865 1734 948; x_wconf 80' lang='lat' dir='ltr'>dicendum,</span> <span class='ocrx_word' id='word_1_18' title='bbox 1798 867 2002 958; x_wconf 85' lang='lat' dir='ltr'>quod</span> <span class='ocrx_word' id='word_1_19' title='bbox 2069 865 2150 937; x_wconf 89' lang='lat' dir='ltr'>in</span> 
     </span>
    </p>
   </div>
   <div class='ocr_carea' id='block_1_3' title="bbox 269 980 2146 1092">
    <p class='ocr_par' dir='ltr' id='par_1_4' title="bbox 269 980 2146 1092">
     <span class='ocr_line' id='line_1_6' title="bbox 269 980 2146 1092; baseline -0.007 -25"><span class='ocrx_word' id='word_1_20' title='bbox 269 980 582 1092; x_wconf 47' lang='lat' dir='ltr'>Qgt‘gm&#39;ff</span> <span class='ocrx_word' id='word_1_21' title='bbox 616 982 945 1059; x_wconf 87' lang='lat' dir='ltr'>Christo</span> <span class='ocrx_word' id='word_1_22' title='bbox 1006 987 1130 1056; x_wconf 91' lang='lat' dir='ltr'>est</span> <span class='ocrx_word' id='word_1_23' title='bbox 1189 1004 1436 1055; x_wconf 89' lang='lat' dir='ltr'>unum</span> <span class='ocrx_word' id='word_1_24' title='bbox 1508 1008 1641 1053; x_wconf 76' lang='lat' dir='ltr'>esse</span> <span class='ocrx_word' id='word_1_25' title='bbox 1716 984 2146 1077; x_wconf 77' lang='lat' dir='ltr'>suppositi,</span> 
     </span>
    </p>
   </div>
   <div class='ocr_carea' id='block_1_4' title="bbox 267 1099 2153 1194">
    <p class='ocr_par' dir='ltr' id='par_1_5' title="bbox 267 1099 2153 1194">
     <span class='ocr_line' id='line_1_7' title="bbox 267 1099 2153 1194; baseline 0.004 -30"><span class='ocrx_word' id='word_1_26' title='bbox 267 1119 584 1178; x_wconf 63' lang='lat' dir='ltr'>essespcppo·</span> <span class='ocrx_word' id='word_1_27' title='bbox 615 1101 824 1192; x_wconf 87' lang='lat' dir='ltr'>quod</span> <span class='ocrx_word' id='word_1_28' title='bbox 862 1105 986 1174; x_wconf 90' lang='lat' dir='ltr'>est</span> <span class='ocrx_word' id='word_1_29' title='bbox 1018 1125 1151 1170; x_wconf 79' lang='lat' dir='ltr'>esse</span> <span class='ocrx_word' id='word_1_30' title='bbox 1190 1102 1399 1175; x_wconf 90' lang='lat' dir='ltr'>entis</span> <span class='ocrx_word' id='word_1_31' title='bbox 1438 1099 1777 1194; x_wconf 73' lang='lat' dir='ltr'>perfecti</span> <span class='ocrx_word' id='word_1_32' title='bbox 1810 1100 1950 1173; x_wconf 91' lang='lat' dir='ltr'>alii</span> <span class='ocrx_word' id='word_1_33' title='bbox 1993 1120 2153 1174; x_wconf 90' lang='lat' dir='ltr'>non</span> 
     </span>
    </p>
   </div>
   <div class='ocr_carea' id='block_1_5' title="bbox 375 1173 488 1216">
    <p class='ocr_par' dir='ltr' id='par_1_6' title="bbox 375 1173 488 1216">
     <span class='ocr_line' id='line_1_8' title="bbox 375 1173 488 1216; baseline 0 0"><span class='ocrx_word' id='word_1_34' title='bbox 375 1173 488 1216; x_wconf 75' lang='lat' dir='ltr'>sm.</span> 
     </span>
    </p>
   </div>
   <div class='ocr_carea' id='block_1_6' title="bbox 608 1215 2178 5660">
    <p class='ocr_par' dir='ltr' id='par_1_7' title="bbox 608 1215 2159 2460">
     <span class='ocr_line' id='line_1_9' title="bbox 616 1215 2153 1291; baseline 0.001 -3"><span class='ocrx_word' id='word_1_35' title='bbox 616 1215 1081 1291; x_wconf 90' lang='lat' dir='ltr'>innitentis:</span> <span class='ocrx_word' id='word_1_36' title='bbox 1120 1217 1235 1290; x_wconf 90' lang='lat' dir='ltr'>sie</span> <span class='ocrx_word' id='word_1_37' title='bbox 1266 1217 1478 1290; x_wconf 88' lang='lat' dir='ltr'>enim</span> <span class='ocrx_word' id='word_1_38' title='bbox 1528 1217 1602 1289; x_wconf 91' lang='lat' dir='ltr'>in</span> <span class='ocrx_word' id='word_1_39' title='bbox 1649 1238 1803 1291; x_wconf 91' lang='lat' dir='ltr'>uno</span> <span class='ocrx_word' id='word_1_40' title='bbox 1837 1238 1995 1290; x_wconf 91' lang='lat' dir='ltr'>non</span> <span class='ocrx_word' id='word_1_41' title='bbox 2028 1221 2153 1290; x_wconf 91' lang='lat' dir='ltr'>est</span> 
     </span>
     <span class='ocr_line' id='line_1_10' title="bbox 613 1334 2153 1427; baseline 0.001 -22"><span class='ocrx_word' id='word_1_42' title='bbox 613 1334 770 1407; x_wconf 91' lang='lat' dir='ltr'>nisi</span> <span class='ocrx_word' id='word_1_43' title='bbox 840 1355 1085 1407; x_wconf 90' lang='lat' dir='ltr'>unum</span> <span class='ocrx_word' id='word_1_44' title='bbox 1162 1359 1317 1418; x_wconf 78' lang='lat' dir='ltr'>esse,</span> <span class='ocrx_word' id='word_1_45' title='bbox 1393 1356 1534 1427; x_wconf 87' lang='lat' dir='ltr'>per</span> <span class='ocrx_word' id='word_1_46' title='bbox 1613 1335 1818 1427; x_wconf 84' lang='grc'>(111011</span> <span class='ocrx_word' id='word_1_47' title='bbox 1881 1335 2153 1407; x_wconf 88' lang='lat' dir='ltr'>omnia</span> 
     </span>
     <span class='ocr_line' id='line_1_11' title="bbox 614 1451 2152 1546; baseline 0.001 -22"><span class='ocrx_word' id='word_1_48' title='bbox 614 1473 787 1545; x_wconf 82' lang='lat' dir='ltr'>quae</span> <span class='ocrx_word' id='word_1_49' title='bbox 813 1456 997 1525; x_wconf 90' lang='lat' dir='ltr'>sunt</span> <span class='ocrx_word' id='word_1_50' title='bbox 1033 1453 1111 1525; x_wconf 91' lang='lat' dir='ltr'>in</span> <span class='ocrx_word' id='word_1_51' title='bbox 1139 1452 1303 1534; x_wconf 94' lang='grc'>1110,</span> <span class='ocrx_word' id='word_1_52' title='bbox 1341 1451 1794 1526; x_wconf 87' lang='lat' dir='ltr'>subsistunt</span> <span class='ocrx_word' id='word_1_53' title='bbox 1831 1478 1844 1521; x_wconf 77' lang='grc' dir='ltr'><strong><em>ε</em></strong></span> <span class='ocrx_word' id='word_1_54' title='bbox 1888 1453 2152 1546; x_wconf 87' lang='lat' dir='ltr'>ipsum</span> 
     </span>
     <span class='ocr_line' id='line_1_12' title="bbox 610 1568 2149 1663; baseline 0 -23"><span class='ocrx_word' id='word_1_55' title='bbox 610 1573 883 1643; x_wconf 84' lang='lat' dir='ltr'>autem</span> <span class='ocrx_word' id='word_1_56' title='bbox 929 1568 1437 1663; x_wconf 86' lang='lat' dir='ltr'>suppositum</span> <span class='ocrx_word' id='word_1_57' title='bbox 1505 1588 1647 1660; x_wconf 87' lang='lat' dir='ltr'>per</span> <span class='ocrx_word' id='word_1_58' title='bbox 1716 1591 1799 1640; x_wconf 92' lang='grc'>50</span> <span class='ocrx_word' id='word_1_59' title='bbox 1841 1569 2149 1650; x_wconf 77' lang='lat' dir='ltr'>existit,</span> 
     </span>
     <span class='ocr_line' id='line_1_13' title="bbox 609 1685 2153 1761; baseline 0 -3"><span class='ocrx_word' id='word_1_60' title='bbox 609 1691 686 1760; x_wconf 88' lang='lat' dir='ltr'>et</span> <span class='ocrx_word' id='word_1_61' title='bbox 732 1685 1146 1761; x_wconf 85' lang='lat' dir='ltr'>subsistit:</span> <span class='ocrx_word' id='word_1_62' title='bbox 1198 1685 1395 1757; x_wconf 88' lang='lat' dir='ltr'>unde</span> <span class='ocrx_word' id='word_1_63' title='bbox 1437 1709 1571 1753; x_wconf 78' lang='lat' dir='ltr'>esse</span> <span class='ocrx_word' id='word_1_64' title='bbox 1603 1686 2153 1760; x_wconf 78' lang='lat' dir='ltr'>subsistentiae</span> 
     </span>
     <span class='ocr_line' id='line_1_14' title="bbox 612 1802 2147 1894; baseline -0.001 -20"><span class='ocrx_word' id='word_1_65' title='bbox 612 1823 858 1876; x_wconf 89' lang='lat' dir='ltr'>unum</span> <span class='ocrx_word' id='word_1_66' title='bbox 899 1807 1048 1876; x_wconf 89' lang='lat' dir='ltr'>est.</span> <span class='ocrx_word' id='word_1_67' title='bbox 1098 1807 1253 1871; x_wconf 77' lang='lat' dir='ltr'>Esse</span> <span class='ocrx_word' id='word_1_68' title='bbox 1310 1806 1585 1876; x_wconf 88' lang='lat' dir='ltr'>tamen</span> <span class='ocrx_word' id='word_1_69' title='bbox 1632 1802 2147 1894; x_wconf 70' lang='lat' dir='ltr'>simpliciter,</span> 
     </span>
     <span class='ocr_line' id='line_1_15' title="bbox 608 1920 2153 2012; baseline -0.002 -17"><span class='ocrx_word' id='word_1_70' title='bbox 608 1924 688 1995; x_wconf 92' lang='lat' dir='ltr'>et</span> <span class='ocrx_word' id='word_1_71' title='bbox 722 1920 1093 1993; x_wconf 87' lang='lat' dir='ltr'>absolute</span> <span class='ocrx_word' id='word_1_72' title='bbox 1155 1924 1605 2012; x_wconf 74' lang='lat' dir='ltr'>acceptum,</span> <span class='ocrx_word' id='word_1_73' title='bbox 1691 1923 1968 1993; x_wconf 83' lang='lat' dir='ltr'>aetum</span> <span class='ocrx_word' id='word_1_74' title='bbox 2038 1941 2153 1992; x_wconf 88' lang='lat' dir='ltr'>es-</span> 
     </span>
     <span class='ocr_line' id='line_1_16' title="bbox 616 2036 2152 2129; baseline -0.001 -19"><span class='ocrx_word' id='word_1_75' title='bbox 616 2037 924 2120; x_wconf 80' lang='lat' dir='ltr'>sentiae,</span> <span class='ocrx_word' id='word_1_76' title='bbox 968 2037 1094 2109; x_wconf 88' lang='lat' dir='ltr'>vel</span> <span class='ocrx_word' id='word_1_77' title='bbox 1154 2036 1608 2109; x_wconf 80' lang='lat' dir='ltr'>existentiae</span> <span class='ocrx_word' id='word_1_78' title='bbox 1669 2036 2152 2129; x_wconf 78' lang='lat' dir='ltr'>importanS,</span> 
     </span>
     <span class='ocr_line' id='line_1_17' title="bbox 617 2154 2152 2238; baseline -0.001 -10"><span class='ocrx_word' id='word_1_79' title='bbox 617 2156 714 2228; x_wconf 83' lang='lat' dir='ltr'>ab</span> <span class='ocrx_word' id='word_1_80' title='bbox 744 2155 1098 2226; x_wconf 86' lang='lat' dir='ltr'>essentia</span> <span class='ocrx_word' id='word_1_81' title='bbox 1152 2155 1492 2228; x_wconf 84' lang='lat' dir='ltr'>realiter</span> <span class='ocrx_word' id='word_1_82' title='bbox 1549 2176 1706 2227; x_wconf 92' lang='lat' dir='ltr'>non</span> <span class='ocrx_word' id='word_1_83' title='bbox 1747 2154 2152 2238; x_wconf 65' lang='lat' dir='ltr'>differem,</span> 
     </span>
     <span class='ocr_line' id='line_1_18' title="bbox 620 2271 2159 2365; baseline 0.001 -22"><span class='ocrx_word' id='word_1_84' title='bbox 620 2272 1133 2365; x_wconf 79' lang='lat' dir='ltr'>plurificatur</span> <span class='ocrx_word' id='word_1_85' title='bbox 1202 2273 1634 2344; x_wconf 89' lang='lat' dir='ltr'>seeundum</span> <span class='ocrx_word' id='word_1_86' title='bbox 1710 2271 2159 2347; x_wconf 88' lang='lat' dir='ltr'>multitudi-</span> 
     </span>
     <span class='ocr_line' id='line_1_19' title="bbox 615 2391 1352 2460; baseline -0.005 0"><span class='ocrx_word' id='word_1_87' title='bbox 615 2409 796 2460; x_wconf 90' lang='lat' dir='ltr'>nem</span> <span class='ocrx_word' id='word_1_88' title='bbox 840 2391 1352 2460; x_wconf 89' lang='lat' dir='ltr'>naturarum.</span> 
     </span>
    </p>

    <p class='ocr_par' dir='ltr' id='par_1_8' title="bbox 614 2502 2178 5660">
     <span class='ocr_line' id='line_1_20' title="bbox 710 2502 2157 2596; baseline -0.001 -18"><span class='ocrx_word' id='word_1_89' title='bbox 710 2507 853 2578; x_wconf 80' lang='lat' dir='ltr'>Sed</span> <span class='ocrx_word' id='word_1_90' title='bbox 896 2505 1120 2578; x_wconf 85' lang='lat' dir='ltr'>eirea</span> <span class='ocrx_word' id='word_1_91' title='bbox 1170 2502 1319 2576; x_wconf 88' lang='grc'>1100</span> <span class='ocrx_word' id='word_1_92' title='bbox 1380 2509 1505 2579; x_wconf 85' lang='grc'>051</span> <span class='ocrx_word' id='word_1_93' title='bbox 1544 2504 1868 2576; x_wconf 88' lang='lat' dir='ltr'>dubium</span> <span class='ocrx_word' id='word_1_94' title='bbox 1909 2530 1921 2573; x_wconf 92' lang='lat'>:</span> <span class='ocrx_word' id='word_1_95' title='bbox 1970 2525 2157 2596; x_wconf 85' lang='lat' dir='ltr'>quo-</span> 
     </span>
     <span class='ocr_line' id='line_1_21' title="bbox 621 2622 2158 2696; baseline -0.002 -1"><span class='ocrx_word' id='word_1_96' title='bbox 621 2623 849 2696; x_wconf 87' lang='lat' dir='ltr'>modo</span> <span class='ocrx_word' id='word_1_97' title='bbox 889 2622 964 2694; x_wconf 94' lang='lat' dir='ltr'>in</span> <span class='ocrx_word' id='word_1_98' title='bbox 999 2622 1327 2696; x_wconf 79' lang='lat' dir='ltr'>Christo</span> <span class='ocrx_word' id='word_1_99' title='bbox 1363 2622 1469 2694; x_wconf 91' lang='lat' dir='ltr'>sit</span> <span class='ocrx_word' id='word_1_100' title='bbox 1496 2622 1699 2693; x_wconf 89' lang='lat' dir='ltr'>idem</span> <span class='ocrx_word' id='word_1_101' title='bbox 1723 2645 1856 2689; x_wconf 76' lang='lat' dir='ltr'>esse</span> <span class='ocrx_word' id='word_1_102' title='bbox 1886 2643 2158 2694; x_wconf 88' lang='lat' dir='ltr'>essen-</span> 
     </span>
     <span class='ocr_line' id='line_1_22' title="bbox 623 2737 2154 2821; baseline -0.001 -8"><span class='ocrx_word' id='word_1_103' title='bbox 623 2741 781 2821; x_wconf 80' lang='lat' dir='ltr'>tiae,</span> <span class='ocrx_word' id='word_1_104' title='bbox 819 2742 895 2812; x_wconf 92' lang='lat' dir='ltr'>et</span> <span class='ocrx_word' id='word_1_105' title='bbox 917 2738 1371 2812; x_wconf 77' lang='lat' dir='ltr'>existentiae</span> <span class='ocrx_word' id='word_1_106' title='bbox 1408 2740 1722 2811; x_wconf 83' lang='lat' dir='ltr'>naturae</span> <span class='ocrx_word' id='word_1_107' title='bbox 1757 2737 2154 2820; x_wconf 81' lang='lat' dir='ltr'>humanae,</span> 
     </span>
     <span class='ocr_line' id='line_1_23' title="bbox 619 2856 2155 2951; baseline 0.002 -26"><span class='ocrx_word' id='word_1_108' title='bbox 619 2877 795 2951; x_wconf 81' lang='lat' dir='ltr'>quae</span> <span class='ocrx_word' id='word_1_109' title='bbox 870 2857 1206 2930; x_wconf 87' lang='lat' dir='ltr'>realiter</span> <span class='ocrx_word' id='word_1_110' title='bbox 1280 2856 1550 2930; x_wconf 79' lang='lat' dir='ltr'>differt</span> <span class='ocrx_word' id='word_1_111' title='bbox 1619 2857 1715 2929; x_wconf 86' lang='lat' dir='ltr'>ab</span> <span class='ocrx_word' id='word_1_112' title='bbox 1774 2858 2155 2940; x_wconf 75' lang='lat' dir='ltr'>essentia,</span> 
     </span>
     <span class='ocr_line' id='line_1_24' title="bbox 619 2974 2159 3048; baseline 0 -2"><span class='ocrx_word' id='word_1_113' title='bbox 619 2979 699 3048; x_wconf 90' lang='lat' dir='ltr'>et</span> <span class='ocrx_word' id='word_1_114' title='bbox 722 2998 855 3043; x_wconf 79' lang='lat' dir='ltr'>esse</span> <span class='ocrx_word' id='word_1_115' title='bbox 874 2974 1164 3046; x_wconf 85' lang='lat' dir='ltr'>divinae</span> <span class='ocrx_word' id='word_1_116' title='bbox 1185 2978 1500 3046; x_wconf 61' lang='lat' dir='ltr'>natum</span> <span class='ocrx_word' id='word_1_117' title='bbox 1524 2979 1558 3044; x_wconf 78' lang='lat'>⁴?</span> <span class='ocrx_word' id='word_1_118' title='bbox 1591 2995 1772 3046; x_wconf 84' lang='lat' dir='ltr'>eum</span> <span class='ocrx_word' id='word_1_119' title='bbox 1795 2998 1927 3041; x_wconf 77' lang='lat' dir='ltr'>esse</span> <span class='ocrx_word' id='word_1_120' title='bbox 1955 2974 2159 3046; x_wconf 81' lang='lat' dir='ltr'>exis-</span> 
     </span>
     <span class='ocr_line' id='line_1_25' title="bbox 622 3090 2161 3185; baseline -0.002 -20"><span class='ocrx_word' id='word_1_121' title='bbox 622 3093 895 3167; x_wconf 84' lang='lat' dir='ltr'>tentiae</span> <span class='ocrx_word' id='word_1_122' title='bbox 938 3090 1222 3185; x_wconf 85' lang='lat' dir='ltr'>ipsius,</span> <span class='ocrx_word' id='word_1_123' title='bbox 1276 3111 1436 3162; x_wconf 92' lang='lat' dir='ltr'>non</span> <span class='ocrx_word' id='word_1_124' title='bbox 1507 3091 1614 3163; x_wconf 93' lang='lat' dir='ltr'>sit</span> <span class='ocrx_word' id='word_1_125' title='bbox 1686 3090 1887 3163; x_wconf 91' lang='lat' dir='ltr'>idem</span> <span class='ocrx_word' id='word_1_126' title='bbox 1952 3092 2161 3183; x_wconf 87' lang='lat' dir='ltr'>quod</span> 
     </span>
     <span class='ocr_line' id='line_1_26' title="bbox 614 3208 2159 3302; baseline -0.001 -21"><span class='ocrx_word' id='word_1_127' title='bbox 614 3208 1216 3281; x_wconf 75' lang='lat' dir='ltr'>esseexistentiae</span> <span class='ocrx_word' id='word_1_128' title='bbox 1239 3209 1641 3302; x_wconf 81' lang='lat' dir='ltr'>suppositi</span> <span class='ocrx_word' id='word_1_129' title='bbox 1663 3208 1934 3281; x_wconf 86' lang='lat' dir='ltr'>divini.</span> <span class='ocrx_word' id='word_1_130' title='bbox 1964 3213 2159 3284; x_wconf 90' lang='lat' dir='ltr'>Cum</span> 
     </span>
     <span class='ocr_line' id='line_1_27' title="bbox 614 3326 2158 3419; baseline -0.001 -22"><span class='ocrx_word' id='word_1_131' title='bbox 614 3331 888 3397; x_wconf 86' lang='lat' dir='ltr'>tamen</span> <span class='ocrx_word' id='word_1_132' title='bbox 947 3326 1387 3404; x_wconf 86' lang='lat' dir='ltr'>videamus,</span> <span class='ocrx_word' id='word_1_133' title='bbox 1473 3327 1679 3419; x_wconf 85' lang='lat' dir='ltr'>quod</span> <span class='ocrx_word' id='word_1_134' title='bbox 1739 3326 1806 3398; x_wconf 92' lang='lat' dir='ltr'>si</span> <span class='ocrx_word' id='word_1_135' title='bbox 1859 3330 2158 3399; x_wconf 85' lang='lat' dir='ltr'>natura</span> 
     </span>
     <span class='ocr_line' id='line_1_28' title="bbox 624 3442 2157 3536; baseline 0.001 -24"><span class='ocrx_word' id='word_1_136' title='bbox 624 3443 976 3514; x_wconf 87' lang='lat' dir='ltr'>humana</span> <span class='ocrx_word' id='word_1_137' title='bbox 1059 3442 1390 3515; x_wconf 76' lang='lat' dir='ltr'>liaberet</span> <span class='ocrx_word' id='word_1_138' title='bbox 1461 3468 1595 3512; x_wconf 79' lang='lat' dir='ltr'>esse</span> <span class='ocrx_word' id='word_1_139' title='bbox 1654 3464 1800 3536; x_wconf 92' lang='lat' dir='ltr'>per</span> <span class='ocrx_word' id='word_1_140' title='bbox 1861 3464 1968 3524; x_wconf 88' lang='lat' dir='ltr'>se,</span> <span class='ocrx_word' id='word_1_141' title='bbox 2045 3444 2157 3515; x_wconf 86' lang='lat' dir='ltr'>ita</span> 
     </span>
     <span class='ocr_line' id='line_1_29' title="bbox 625 3560 2163 3654; baseline 0.001 -22"><span class='ocrx_word' id='word_1_142' title='bbox 625 3560 782 3632; x_wconf 90' lang='lat' dir='ltr'>tria</span> <span class='ocrx_word' id='word_1_143' title='bbox 818 3584 953 3629; x_wconf 78' lang='lat' dir='ltr'>esse</span> <span class='ocrx_word' id='word_1_144' title='bbox 992 3563 1263 3633; x_wconf 86' lang='lat' dir='ltr'>essent</span> <span class='ocrx_word' id='word_1_145' title='bbox 1338 3560 1415 3632; x_wconf 92' lang='lat' dir='ltr'>in</span> <span class='ocrx_word' id='word_1_146' title='bbox 1475 3580 1619 3642; x_wconf 85' lang='lat' dir='ltr'>ea;</span> <span class='ocrx_word' id='word_1_147' title='bbox 1667 3561 1791 3631; x_wconf 91' lang='lat' dir='ltr'>vel</span> <span class='ocrx_word' id='word_1_148' title='bbox 1863 3560 2163 3654; x_wconf 84' lang='lat' dir='ltr'>aliquid</span> 
     </span>
     <span class='ocr_line' id='line_1_30' title="bbox 619 3678 2163 3773; baseline 0.003 -25"><span class='ocrx_word' id='word_1_149' title='bbox 619 3679 941 3752; x_wconf 90' lang='lat' dir='ltr'>videtur</span> <span class='ocrx_word' id='word_1_150' title='bbox 981 3679 1051 3751; x_wconf 92' lang='lat' dir='ltr'>ei</span> <span class='ocrx_word' id='word_1_151' title='bbox 1088 3678 1394 3751; x_wconf 80' lang='lat' dir='ltr'>auferri</span> <span class='ocrx_word' id='word_1_152' title='bbox 1443 3701 1587 3773; x_wconf 89' lang='lat' dir='ltr'>per</span> <span class='ocrx_word' id='word_1_153' title='bbox 1633 3680 2037 3763; x_wconf 88' lang='lat' dir='ltr'>unionem,</span> <span class='ocrx_word' id='word_1_154' title='bbox 2083 3685 2163 3753; x_wconf 91' lang='lat' dir='ltr'>et</span> 
     </span>
     <span class='ocr_line' id='line_1_31' title="bbox 626 3797 2164 3890; baseline 0.001 -21"><span class='ocrx_word' id='word_1_155' title='bbox 626 3799 703 3869; x_wconf 93' lang='grc'>111</span> <span class='ocrx_word' id='word_1_156' title='bbox 744 3817 838 3869; x_wconf 86' lang='lat' dir='ltr'>ea</span> <span class='ocrx_word' id='word_1_157' title='bbox 872 3797 1046 3869; x_wconf 86' lang='lat' dir='ltr'>fieri</span> <span class='ocrx_word' id='word_1_158' title='bbox 1097 3819 1237 3890; x_wconf 84' lang='lat' dir='ltr'>per</span> <span class='ocrx_word' id='word_1_159' title='bbox 1269 3818 1453 3890; x_wconf 88' lang='lat' dir='ltr'>sepa</span> <span class='ocrx_word' id='word_1_160' title='bbox 1474 3797 1899 3879; x_wconf 89' lang='lat' dir='ltr'>rationem,</span> <span class='ocrx_word' id='word_1_161' title='bbox 1939 3799 2005 3869; x_wconf 89' lang='lat' dir='ltr'>si</span> <span class='ocrx_word' id='word_1_162' title='bbox 2050 3821 2164 3871; x_wconf 88' lang='lat' dir='ltr'>se-</span> 
     </span>
     <span class='ocr_line' id='line_1_32' title="bbox 624 3914 2160 4006; baseline 0.001 -21"><span class='ocrx_word' id='word_1_163' title='bbox 624 3935 716 4006; x_wconf 87' lang='lat' dir='ltr'>pa</span> <span class='ocrx_word' id='word_1_164' title='bbox 736 3917 1047 3986; x_wconf 86' lang='lat' dir='ltr'>rantur.</span> <span class='ocrx_word' id='word_1_165' title='bbox 1087 3916 1266 3985; x_wconf 93' lang='lat' dir='ltr'>Non</span> <span class='ocrx_word' id='word_1_166' title='bbox 1302 3914 1618 3986; x_wconf 83' lang='lat' dir='ltr'>videtur</span> <span class='ocrx_word' id='word_1_167' title='bbox 1648 3919 1919 3989; x_wconf 86' lang='lat' dir='ltr'>autem</span> <span class='ocrx_word' id='word_1_168' title='bbox 1952 3915 2160 3998; x_wconf 93' lang='lat' dir='ltr'>tolli,</span> 
     </span>
     <span class='ocr_line' id='line_1_33' title="bbox 625 4032 2165 4117; baseline 0.002 -15"><span class='ocrx_word' id='word_1_169' title='bbox 625 4032 748 4103; x_wconf 83' lang='lat' dir='ltr'>vel</span> <span class='ocrx_word' id='word_1_170' title='bbox 794 4032 1119 4104; x_wconf 82' lang='lat' dir='ltr'>causari</span> <span class='ocrx_word' id='word_1_171' title='bbox 1154 4032 1704 4117; x_wconf 85' lang='lat' dir='ltr'>subsistentia,</span> <span class='ocrx_word' id='word_1_172' title='bbox 1743 4034 1896 4107; x_wconf 90' lang='lat' dir='ltr'>nisi</span> <span class='ocrx_word' id='word_1_173' title='bbox 1935 4036 2165 4109; x_wconf 88' lang='lat' dir='ltr'>tolla-</span> 
     </span>
     <span class='ocr_line' id='line_1_34' title="bbox 627 4154 2163 4237; baseline 0 -11"><span class='ocrx_word' id='word_1_174' title='bbox 627 4159 763 4226; x_wconf 91' lang='lat' dir='ltr'>tur</span> <span class='ocrx_word' id='word_1_175' title='bbox 831 4154 1210 4235; x_wconf 75' lang='lat' dir='ltr'>essentia,</span> <span class='ocrx_word' id='word_1_176' title='bbox 1284 4155 1361 4224; x_wconf 89' lang='lat' dir='ltr'>et</span> <span class='ocrx_word' id='word_1_177' title='bbox 1433 4154 1896 4237; x_wconf 77' lang='lat' dir='ltr'>existentia,</span> <span class='ocrx_word' id='word_1_178' title='bbox 1979 4176 2163 4226; x_wconf 88' lang='lat' dir='ltr'>eum</span> 
     </span>
     <span class='ocr_line' id='line_1_35' title="bbox 629 4270 2165 4363; baseline 0 -20"><span class='ocrx_word' id='word_1_179' title='bbox 629 4274 790 4346; x_wconf 87' lang='lat' dir='ltr'>sint</span> <span class='ocrx_word' id='word_1_180' title='bbox 827 4270 1054 4344; x_wconf 88' lang='lat' dir='ltr'>idem.</span> <span class='ocrx_word' id='word_1_181' title='bbox 1096 4275 1193 4345; x_wconf 85' lang='lat' dir='ltr'>Et</span> <span class='ocrx_word' id='word_1_182' title='bbox 1224 4271 1442 4354; x_wconf 85' lang='grc'>(11011,</span> <span class='ocrx_word' id='word_1_183' title='bbox 1481 4271 1685 4363; x_wconf 85' lang='grc'>(111011</span> <span class='ocrx_word' id='word_1_184' title='bbox 1731 4271 2165 4345; x_wconf 78' lang='lat' dir='ltr'>subsisten-</span> 
     </span>
     <span class='ocr_line' id='line_1_36' title="bbox 631 4389 2167 4483; baseline 0.001 -21"><span class='ocrx_word' id='word_1_185' title='bbox 631 4391 740 4462; x_wconf 90' lang='lat' dir='ltr'>tia</span> <span class='ocrx_word' id='word_1_186' title='bbox 773 4391 986 4463; x_wconf 82' lang='lat' dir='ltr'>addit</span> <span class='ocrx_word' id='word_1_187' title='bbox 1030 4389 1330 4483; x_wconf 85' lang='lat' dir='ltr'>aliquid</span> <span class='ocrx_word' id='word_1_188' title='bbox 1353 4390 1905 4464; x_wconf 77' lang='lat' dir='ltr'>extrinsecum</span> <span class='ocrx_word' id='word_1_189' title='bbox 1935 4415 1947 4469; x_wconf 91' lang='lat'><strong>;</strong></span> <span class='ocrx_word' id='word_1_190' title='bbox 1980 4410 2167 4463; x_wconf 91' lang='lat' dir='ltr'>nam</span> 
     </span>
     <span class='ocr_line' id='line_1_37' title="bbox 631 4506 2167 4586; baseline -0.001 -7"><span class='ocrx_word' id='word_1_191' title='bbox 631 4507 1077 4580; x_wconf 72' lang='lat' dir='ltr'>subsistere</span> <span class='ocrx_word' id='word_1_192' title='bbox 1137 4510 1452 4580; x_wconf 87' lang='lat' dir='ltr'>estnon</span> <span class='ocrx_word' id='word_1_193' title='bbox 1497 4506 1732 4580; x_wconf 91' lang='lat' dir='ltr'>inniti</span> <span class='ocrx_word' id='word_1_194' title='bbox 1766 4507 2033 4586; x_wconf 89' lang='lat' dir='ltr'>alteri,</span> <span class='ocrx_word' id='word_1_195' title='bbox 2090 4510 2167 4579; x_wconf 92' lang='lat' dir='ltr'>et</span> 
     </span>
     <span class='ocr_line' id='line_1_38' title="bbox 633 4624 2173 4717; baseline 0.001 -23"><span class='ocrx_word' id='word_1_196' title='bbox 633 4625 748 4697; x_wconf 90' lang='grc'>510</span> <span class='ocrx_word' id='word_1_197' title='bbox 785 4627 1178 4716; x_wconf 74' lang='lat' dir='ltr'>importat</span> <span class='ocrx_word' id='word_1_198' title='bbox 1216 4624 1700 4697; x_wconf 79' lang='lat' dir='ltr'>relationem</span> <span class='ocrx_word' id='word_1_199' title='bbox 1742 4625 1836 4695; x_wconf 90' lang='lat' dir='ltr'>ad</span> <span class='ocrx_word' id='word_1_200' title='bbox 1870 4624 2173 4717; x_wconf 80' lang='lat' dir='ltr'>aliquid</span> 
     </span>
     <span class='ocr_line' id='line_1_39' title="bbox 632 4741 2171 4834; baseline -0.001 -22"><span class='ocrx_word' id='word_1_201' title='bbox 632 4742 1206 4823; x_wconf 80' lang='lat' dir='ltr'>extrinsecum,</span> <span class='ocrx_word' id='word_1_202' title='bbox 1274 4742 1480 4834; x_wconf 89' lang='lat' dir='ltr'>quod</span> <span class='ocrx_word' id='word_1_203' title='bbox 1548 4741 1922 4814; x_wconf 69' lang='lat' dir='ltr'>excludit.</span> <span class='ocrx_word' id='word_1_204' title='bbox 1990 4741 2171 4811; x_wconf 81' lang='lat' dir='ltr'>Ideo</span> 
     </span>
     <span class='ocr_line' id='line_1_40' title="bbox 635 4856 2175 4952; baseline -0.004 -23"><span class='ocrx_word' id='word_1_205' title='bbox 635 4861 901 4952; x_wconf 89' lang='lat' dir='ltr'>potest</span> <span class='ocrx_word' id='word_1_206' title='bbox 946 4860 1120 4933; x_wconf 81' lang='lat' dir='ltr'>fieri</span> <span class='ocrx_word' id='word_1_207' title='bbox 1154 4860 1508 4933; x_wconf 84' lang='lat' dir='ltr'>variatio</span> <span class='ocrx_word' id='word_1_208' title='bbox 1552 4860 1766 4931; x_wconf 87' lang='lat' dir='ltr'>inter</span> <span class='ocrx_word' id='word_1_209' title='bbox 1821 4856 1973 4930; x_wconf 87' lang='grc'>1100</span> <span class='ocrx_word' id='word_1_210' title='bbox 2043 4882 2175 4925; x_wconf 78' lang='lat' dir='ltr'>esse</span> 
     </span>
     <span class='ocr_line' id='line_1_41' title="bbox 636 4974 2177 5072; baseline -0.004 -21"><span class='ocrx_word' id='word_1_211' title='bbox 636 5000 778 5072; x_wconf 82' lang='lat' dir='ltr'>per</span> <span class='ocrx_word' id='word_1_212' title='bbox 813 4979 1219 5059; x_wconf 89' lang='lat' dir='ltr'>unionem,</span> <span class='ocrx_word' id='word_1_213' title='bbox 1265 4978 1389 5050; x_wconf 84' lang='lat' dir='ltr'>vel</span> <span class='ocrx_word' id='word_1_214' title='bbox 1433 4975 2029 5070; x_wconf 80' lang='lat' dir='ltr'>separationem</span> <span class='ocrx_word' id='word_1_215' title='bbox 2079 4974 2177 5045; x_wconf 91' lang='lat' dir='ltr'>ab</span> 
     </span>
     <span class='ocr_line' id='line_1_42' title="bbox 634 5090 2177 5178; baseline -0.003 -11"><span class='ocrx_word' id='word_1_216' title='bbox 634 5096 924 5178; x_wconf 87' lang='lat' dir='ltr'>altere,</span> <span class='ocrx_word' id='word_1_217' title='bbox 971 5116 1126 5167; x_wconf 91' lang='lat' dir='ltr'>non</span> <span class='ocrx_word' id='word_1_218' title='bbox 1192 5094 1405 5167; x_wconf 83' lang='lat' dir='ltr'>saeta</span> <span class='ocrx_word' id='word_1_219' title='bbox 1447 5091 1903 5165; x_wconf 87' lang='lat' dir='ltr'>variatione</span> <span class='ocrx_word' id='word_1_220' title='bbox 1954 5090 2177 5163; x_wconf 86' lang='lat' dir='ltr'>eirea</span> 
     </span>
     <span class='ocr_line' id='line_1_43' title="bbox 635 5208 2177 5294; baseline -0.005 -9"><span class='ocrx_word' id='word_1_221' title='bbox 635 5212 1187 5294; x_wconf 87' lang='lat' dir='ltr'>existentiam,</span> <span class='ocrx_word' id='word_1_222' title='bbox 1270 5210 1393 5281; x_wconf 88' lang='lat' dir='ltr'>vel</span> <span class='ocrx_word' id='word_1_223' title='bbox 1469 5208 1908 5281; x_wconf 86' lang='lat' dir='ltr'>essentiam</span> <span class='ocrx_word' id='word_1_224' title='bbox 1946 5234 1959 5277; x_wconf 93' lang='lat'>:</span> <span class='ocrx_word' id='word_1_225' title='bbox 2045 5208 2177 5278; x_wconf 78' lang='lat' dir='ltr'>sed</span> 
     </span>
     <span class='ocr_line' id='line_1_44' title="bbox 635 5325 2178 5410; baseline 0 -12"><span class='ocrx_word' id='word_1_226' title='bbox 635 5355 768 5398; x_wconf 64' lang='lat' dir='ltr'>esse</span> <span class='ocrx_word' id='word_1_227' title='bbox 800 5330 1200 5410; x_wconf 63' lang='lat' dir='ltr'>essentiae,</span> <span class='ocrx_word' id='word_1_228' title='bbox 1275 5328 1399 5400; x_wconf 83' lang='lat' dir='ltr'>vel</span> <span class='ocrx_word' id='word_1_229' title='bbox 1460 5326 1915 5399; x_wconf 75' lang='lat' dir='ltr'>existentiae</span> <span class='ocrx_word' id='word_1_230' title='bbox 1984 5325 2178 5399; x_wconf 79' lang='lat' dir='ltr'>dicit</span> 
     </span>
     <span class='ocr_line' id='line_1_45' title="bbox 641 5446 2178 5539; baseline -0.002 -20"><span class='ocrx_word' id='word_1_231' title='bbox 641 5446 1153 5539; x_wconf 78' lang='lat' dir='ltr'>simpliciter,</span> <span class='ocrx_word' id='word_1_232' title='bbox 1191 5450 1267 5518; x_wconf 93' lang='lat' dir='ltr'>et</span> <span class='ocrx_word' id='word_1_233' title='bbox 1304 5447 1670 5520; x_wconf 80' lang='lat' dir='ltr'>absolute</span> <span class='ocrx_word' id='word_1_234' title='bbox 1705 5448 1977 5519; x_wconf 79' lang='lat' dir='ltr'>aetum</span> <span class='ocrx_word' id='word_1_235' title='bbox 2054 5466 2178 5516; x_wconf 89' lang='lat' dir='ltr'>es-</span> 
     </span>
     <span class='ocr_line' id='line_1_46' title="bbox 644 5560 2173 5660; baseline -0.007 -18"><span class='ocrx_word' id='word_1_236' title='bbox 644 5565 947 5650; x_wconf 78' lang='lat' dir='ltr'>sentiae,</span> <span class='ocrx_word' id='word_1_237' title='bbox 1051 5566 1220 5641; x_wconf 88' lang='lat' dir='ltr'>ideo</span> <span class='ocrx_word' id='word_1_238' title='bbox 1291 5585 1448 5637; x_wconf 90' lang='lat' dir='ltr'>non</span> <span class='ocrx_word' id='word_1_239' title='bbox 1512 5568 1775 5660; x_wconf 87' lang='lat' dir='ltr'>potest</span> <span class='ocrx_word' id='word_1_240' title='bbox 1833 5560 2173 5645; x_wconf 87' lang='lat' dir='ltr'>variari,</span> 
     </span>
    </p>
   </div>
   <div class='ocr_carea' id='block_1_7' title="bbox 1781 351 2626 418">
    <p class='ocr_par' dir='ltr' id='par_1_9' title="bbox 1781 351 2626 418">
     <span class='ocr_line' id='line_1_47' title="bbox 1781 351 2626 418; baseline 0.005 -4"><span class='ocrx_word' id='word_1_241' title='bbox 1781 353 1882 414; x_wconf 84' lang='lat' dir='ltr'>DE</span> <span class='ocrx_word' id='word_1_242' title='bbox 1925 352 2191 417; x_wconf 82' lang='lat' dir='ltr'>RERUM</span> <span class='ocrx_word' id='word_1_243' title='bbox 2238 351 2626 418; x_wconf 74' lang='lat' dir='ltr'>PRINCIPIO</span> 
     </span>
    </p>
   </div>
   <div class='ocr_carea' id='block_1_8' title="bbox 2256 513 3843 5406">
    <p class='ocr_par' dir='ltr' id='par_1_10' title="bbox 2256 513 3813 2003">
     <span class='ocr_line' id='line_1_48' title="bbox 2258 513 3807 599; baseline 0.004 -14"><span class='ocrx_word' id='word_1_244' title='bbox 2258 513 2415 586; x_wconf 90' lang='lat' dir='ltr'>nisi</span> <span class='ocrx_word' id='word_1_245' title='bbox 2461 515 2839 590; x_wconf 86' lang='lat' dir='ltr'>varietur</span> <span class='ocrx_word' id='word_1_246' title='bbox 2869 540 3027 599; x_wconf 78' lang='lat' dir='ltr'>esse,</span> <span class='ocrx_word' id='word_1_247' title='bbox 3070 520 3148 589; x_wconf 91' lang='lat' dir='ltr'>et</span> <span class='ocrx_word' id='word_1_248' title='bbox 3219 521 3541 590; x_wconf 86' lang='lat' dir='ltr'>natura.</span> <span class='ocrx_word' id='word_1_249' title='bbox 3613 518 3807 591; x_wconf 89' lang='lat' dir='ltr'>Uni·</span> 
     </span>
     <span class='ocr_line' id='line_1_49' title="bbox 2256 633 3810 727; baseline 0.002 -23"><span class='ocrx_word' id='word_1_250' title='bbox 2256 634 2385 704; x_wconf 91' lang='lat' dir='ltr'>tas</span> <span class='ocrx_word' id='word_1_251' title='bbox 2427 633 2640 706; x_wconf 89' lang='lat' dir='ltr'>enim</span> <span class='ocrx_word' id='word_1_252' title='bbox 2679 635 3107 727; x_wconf 87' lang='lat' dir='ltr'>suppositi,</span> <span class='ocrx_word' id='word_1_253' title='bbox 3155 639 3235 709; x_wconf 93' lang='lat' dir='ltr'>et</span> <span class='ocrx_word' id='word_1_254' title='bbox 3267 634 3810 708; x_wconf 78' lang='lat' dir='ltr'>accidentium</span> 
     </span>
     <span class='ocr_line' id='line_1_50' title="bbox 2260 750 3810 845; baseline 0.002 -24"><span class='ocrx_word' id='word_1_255' title='bbox 2260 769 2442 821; x_wconf 90' lang='lat' dir='ltr'>eum</span> <span class='ocrx_word' id='word_1_256' title='bbox 2514 750 2903 845; x_wconf 55' lang='lat' dir='ltr'>subjecto,</span> <span class='ocrx_word' id='word_1_257' title='bbox 2979 755 3100 824; x_wconf 90' lang='lat' dir='ltr'>est</span> <span class='ocrx_word' id='word_1_258' title='bbox 3179 773 3371 824; x_wconf 86' lang='lat' dir='ltr'>vere</span> <span class='ocrx_word' id='word_1_259' title='bbox 3441 753 3810 844; x_wconf 84' lang='lat' dir='ltr'>quaedam</span> 
     </span>
     <span class='ocr_line' id='line_1_51' title="bbox 2262 865 3812 960; baseline 0.002 -24"><span class='ocrx_word' id='word_1_260' title='bbox 2262 865 2533 938; x_wconf 85' lang='lat' dir='ltr'>unitas</span> <span class='ocrx_word' id='word_1_261' title='bbox 2588 872 2718 947; x_wconf 91' lang='lat' dir='ltr'>;et</span> <span class='ocrx_word' id='word_1_262' title='bbox 2805 868 2978 940; x_wconf 88' lang='lat' dir='ltr'>ideo</span> <span class='ocrx_word' id='word_1_263' title='bbox 3057 867 3358 960; x_wconf 87' lang='lat' dir='ltr'>aliquid</span> <span class='ocrx_word' id='word_1_264' title='bbox 3415 873 3812 941; x_wconf 82' lang='lat' dir='ltr'>causatur</span> 
     </span>
     <span class='ocr_line' id='line_1_52' title="bbox 2262 982 3813 1077; baseline 0.001 -24"><span class='ocrx_word' id='word_1_265' title='bbox 2262 1001 2447 1053; x_wconf 90' lang='grc'>011111</span> <span class='ocrx_word' id='word_1_266' title='bbox 2525 982 2610 1054; x_wconf 85' lang='lat' dir='ltr'>fit</span> <span class='ocrx_word' id='word_1_267' title='bbox 2682 982 2871 1056; x_wconf 86' lang='lat' dir='ltr'>talis</span> <span class='ocrx_word' id='word_1_268' title='bbox 2951 982 3247 1066; x_wconf 78' lang='lat' dir='ltr'>unitaS,</span> <span class='ocrx_word' id='word_1_269' title='bbox 3325 983 3511 1074; x_wconf 88' lang='lat' dir='ltr'>quia</span> <span class='ocrx_word' id='word_1_270' title='bbox 3571 983 3813 1077; x_wconf 86' lang='lat' dir='ltr'>plura</span> 
     </span>
     <span class='ocr_line' id='line_1_53' title="bbox 2264 1098 3810 1193; baseline 0.002 -23"><span class='ocrx_word' id='word_1_271' title='bbox 2264 1098 2465 1172; x_wconf 87' lang='lat' dir='ltr'>fiunt</span> <span class='ocrx_word' id='word_1_272' title='bbox 2502 1121 2772 1183; x_wconf 92' lang='lat' dir='ltr'>unum,</span> <span class='ocrx_word' id='word_1_273' title='bbox 2850 1105 2929 1174; x_wconf 90' lang='lat' dir='ltr'>et</span> <span class='ocrx_word' id='word_1_274' title='bbox 2970 1101 3269 1193; x_wconf 83' lang='lat' dir='ltr'>aliquid</span> <span class='ocrx_word' id='word_1_275' title='bbox 3308 1100 3810 1174; x_wconf 78' lang='lat' dir='ltr'>discernitur</span> 
     </span>
     <span class='ocr_line' id='line_1_54' title="bbox 2266 1217 3809 1302; baseline 0.001 -14"><span class='ocrx_word' id='word_1_276' title='bbox 2266 1237 2449 1288; x_wconf 88' lang='lat' dir='ltr'>eum</span> <span class='ocrx_word' id='word_1_277' title='bbox 2481 1217 2983 1302; x_wconf 82' lang='lat' dir='ltr'>dissolvitur,</span> <span class='ocrx_word' id='word_1_278' title='bbox 3019 1223 3098 1292; x_wconf 90' lang='lat' dir='ltr'>et</span> <span class='ocrx_word' id='word_1_279' title='bbox 3132 1219 3508 1293; x_wconf 83' lang='lat' dir='ltr'>convenit</span> <span class='ocrx_word' id='word_1_280' title='bbox 3541 1219 3809 1292; x_wconf 87' lang='lat' dir='ltr'>varia-</span> 
     </span>
     <span class='ocr_line' id='line_1_55' title="bbox 2264 1333 3806 1428; baseline 0.001 -22"><span class='ocrx_word' id='word_1_281' title='bbox 2264 1333 2380 1406; x_wconf 89' lang='lat' dir='ltr'>tio</span> <span class='ocrx_word' id='word_1_282' title='bbox 2420 1360 2433 1404; x_wconf 90' lang='lat'><strong>:</strong></span> <span class='ocrx_word' id='word_1_283' title='bbox 2472 1337 2563 1408; x_wconf 84' lang='lat' dir='ltr'>ad</span> <span class='ocrx_word' id='word_1_284' title='bbox 2607 1356 2846 1428; x_wconf 78' lang='lat' dir='ltr'>qua-m</span> <span class='ocrx_word' id='word_1_285' title='bbox 2890 1337 3202 1412; x_wconf 82' lang='grc'>50111001</span> <span class='ocrx_word' id='word_1_286' title='bbox 3260 1336 3806 1411; x_wconf 81' lang='lat' dir='ltr'>variationem</span> 
     </span>
     <span class='ocr_line' id='line_1_56' title="bbox 2269 1453 3809 1527; baseline 0.002 -4"><span class='ocrx_word' id='word_1_287' title='bbox 2269 1453 2700 1524; x_wconf 88' lang='lat' dir='ltr'>seeundum</span> <span class='ocrx_word' id='word_1_288' title='bbox 2744 1477 2879 1522; x_wconf 77' lang='lat' dir='ltr'>esse</span> <span class='ocrx_word' id='word_1_289' title='bbox 2920 1454 3467 1527; x_wconf 62' lang='lat' dir='ltr'>subsistentia»</span> <span class='ocrx_word' id='word_1_290' title='bbox 3499 1475 3658 1526; x_wconf 88' lang='lat' dir='ltr'>non</span> <span class='ocrx_word' id='word_1_291' title='bbox 3695 1475 3809 1526; x_wconf 89' lang='lat' dir='ltr'>se-</span> 
     </span>
     <span class='ocr_line' id='line_1_57' title="bbox 2268 1571 3809 1661; baseline 0.005 -25"><span class='ocrx_word' id='word_1_292' title='bbox 2268 1571 2549 1661; x_wconf 86' lang='lat' dir='ltr'>quitur</span> <span class='ocrx_word' id='word_1_293' title='bbox 2586 1595 2719 1640; x_wconf 80' lang='lat' dir='ltr'>esse</span> <span class='ocrx_word' id='word_1_294' title='bbox 2750 1572 3149 1656; x_wconf 69' lang='lat' dir='ltr'>essentiae,</span> <span class='ocrx_word' id='word_1_295' title='bbox 3193 1572 3318 1644; x_wconf 90' lang='lat' dir='ltr'>vel</span> <span class='ocrx_word' id='word_1_296' title='bbox 3351 1571 3809 1646; x_wconf 80' lang='lat' dir='ltr'>existentiae</span> 
     </span>
     <span class='ocr_line' id='line_1_58' title="bbox 2269 1687 3812 1781; baseline 0.003 -22"><span class='ocrx_word' id='word_1_297' title='bbox 2269 1687 2691 1781; x_wconf 79' lang='lat' dir='ltr'>simplicis,</span> <span class='ocrx_word' id='word_1_298' title='bbox 2766 1689 2921 1761; x_wconf 90' lang='lat' dir='ltr'>nisi</span> <span class='ocrx_word' id='word_1_299' title='bbox 2986 1689 3176 1765; x_wconf 88' lang='lat' dir='ltr'>talis</span> <span class='ocrx_word' id='word_1_300' title='bbox 3239 1688 3597 1762; x_wconf 82' lang='lat' dir='ltr'>variatio</span> <span class='ocrx_word' id='word_1_301' title='bbox 3666 1689 3812 1764; x_wconf 86' lang='lat' dir='ltr'>fiat</span> 
     </span>
     <span class='ocr_line' id='line_1_59' title="bbox 2267 1805 3812 1897; baseline 0.002 -22"><span class='ocrx_word' id='word_1_302' title='bbox 2267 1805 2490 1876; x_wconf 85' lang='lat' dir='ltr'>eirea</span> <span class='ocrx_word' id='word_1_303' title='bbox 2532 1825 2651 1887; x_wconf 88' lang='lat' dir='ltr'>ea,</span> <span class='ocrx_word' id='word_1_304' title='bbox 2701 1826 2874 1897; x_wconf 82' lang='lat' dir='ltr'>quae</span> <span class='ocrx_word' id='word_1_305' title='bbox 2919 1811 3106 1880; x_wconf 91' lang='lat' dir='ltr'>sunt</span> <span class='ocrx_word' id='word_1_306' title='bbox 3145 1826 3387 1877; x_wconf 89' lang='lat' dir='ltr'>unum</span> <span class='ocrx_word' id='word_1_307' title='bbox 3431 1806 3512 1878; x_wconf 93' lang='lat' dir='ltr'>in</span> <span class='ocrx_word' id='word_1_308' title='bbox 3543 1827 3812 1879; x_wconf 89' lang='lat' dir='ltr'>essen-</span> 
     </span>
     <span class='ocr_line' id='line_1_60' title="bbox 2270 1922 2601 2003; baseline -0.012 -6"><span class='ocrx_word' id='word_1_309' title='bbox 2270 1922 2410 2003; x_wconf 88' lang='lat' dir='ltr'>tia,</span> <span class='ocrx_word' id='word_1_310' title='bbox 2448 1926 2601 1995; x_wconf 89' lang='lat' dir='ltr'>ete.</span> 
     </span>
    </p>

    <p class='ocr_par' dir='ltr' id='par_1_11' title="bbox 2270 2039 3819 2931">
     <span class='ocr_line' id='line_1_61' title="bbox 2358 2039 3815 2133; baseline 0 -22"><span class='ocrx_word' id='word_1_311' title='bbox 2358 2042 2475 2111; x_wconf 72' lang='lat' dir='ltr'>Ex</span> <span class='ocrx_word' id='word_1_312' title='bbox 2508 2039 2917 2133; x_wconf 79' lang='lat' dir='ltr'>praedietis</span> <span class='ocrx_word' id='word_1_313' title='bbox 2964 2043 3231 2132; x_wconf 90' lang='lat' dir='ltr'>potest</span> <span class='ocrx_word' id='word_1_314' title='bbox 3264 2039 3567 2132; x_wconf 81' lang='lat' dir='ltr'>colligi,</span> <span class='ocrx_word' id='word_1_315' title='bbox 3604 2041 3815 2132; x_wconf 88' lang='lat' dir='ltr'>quod</span> 
     </span>
     <span class='ocr_line' id='line_1_62' title="bbox 2270 2154 3817 2249; baseline -0.003 -21"><span class='ocrx_word' id='word_1_316' title='bbox 2270 2155 2349 2228; x_wconf 92' lang='lat' dir='ltr'>in</span> <span class='ocrx_word' id='word_1_317' title='bbox 2420 2154 2749 2230; x_wconf 81' lang='lat' dir='ltr'>Christo</span> <span class='ocrx_word' id='word_1_318' title='bbox 2825 2154 3144 2228; x_wconf 89' lang='lat' dir='ltr'>ratione</span> <span class='ocrx_word' id='word_1_319' title='bbox 3207 2155 3609 2249; x_wconf 86' lang='lat' dir='ltr'>suppositi</span> <span class='ocrx_word' id='word_1_320' title='bbox 3675 2179 3817 2224; x_wconf 75' lang='lat' dir='ltr'>esse</span> 
     </span>
     <span class='ocr_line' id='line_1_63' title="bbox 2271 2272 3810 2365; baseline 0 -22"><span class='ocrx_word' id='word_1_321' title='bbox 2271 2272 2816 2346; x_wconf 83' lang='lat' dir='ltr'>subsistentiae</span> <span class='ocrx_word' id='word_1_322' title='bbox 2856 2276 2978 2344; x_wconf 89' lang='lat' dir='ltr'>est</span> <span class='ocrx_word' id='word_1_323' title='bbox 3022 2292 3267 2343; x_wconf 88' lang='lat' dir='ltr'>unum</span> <span class='ocrx_word' id='word_1_324' title='bbox 3294 2272 3810 2365; x_wconf 81' lang='lat' dir='ltr'>simpliciter,</span> 
     </span>
     <span class='ocr_line' id='line_1_64' title="bbox 2270 2389 3815 2481; baseline 0 -21"><span class='ocrx_word' id='word_1_325' title='bbox 2270 2409 2429 2460; x_wconf 90' lang='lat' dir='ltr'>non</span> <span class='ocrx_word' id='word_1_326' title='bbox 2464 2390 2897 2462; x_wconf 90' lang='lat' dir='ltr'>seeundum</span> <span class='ocrx_word' id='word_1_327' title='bbox 2956 2389 3167 2481; x_wconf 89' lang='lat' dir='ltr'>quid,</span> <span class='ocrx_word' id='word_1_328' title='bbox 3212 2393 3288 2462; x_wconf 91' lang='lat' dir='ltr'>et</span> <span class='ocrx_word' id='word_1_329' title='bbox 3357 2413 3493 2457; x_wconf 75' lang='lat' dir='ltr'>esse</span> <span class='ocrx_word' id='word_1_330' title='bbox 3541 2409 3815 2461; x_wconf 88' lang='lat' dir='ltr'>essen-</span> 
     </span>
     <span class='ocr_line' id='line_1_65' title="bbox 2272 2504 3817 2600; baseline -0.001 -20"><span class='ocrx_word' id='word_1_331' title='bbox 2272 2504 2434 2587; x_wconf 83' lang='lat' dir='ltr'>tiae,</span> <span class='ocrx_word' id='word_1_332' title='bbox 2481 2511 2560 2580; x_wconf 90' lang='lat' dir='ltr'>et</span> <span class='ocrx_word' id='word_1_333' title='bbox 2601 2506 3058 2581; x_wconf 82' lang='lat' dir='ltr'>existentiae</span> <span class='ocrx_word' id='word_1_334' title='bbox 3126 2513 3250 2581; x_wconf 87' lang='lat' dir='ltr'>est</span> <span class='ocrx_word' id='word_1_335' title='bbox 3312 2507 3577 2600; x_wconf 76' lang='lat' dir='ltr'>plura,</span> <span class='ocrx_word' id='word_1_336' title='bbox 3621 2505 3817 2578; x_wconf 86' lang='lat' dir='ltr'>lieet</span> 
     </span>
     <span class='ocr_line' id='line_1_66' title="bbox 2273 2623 3819 2716; baseline 0.001 -22"><span class='ocrx_word' id='word_1_337' title='bbox 2273 2643 2427 2695; x_wconf 90' lang='lat' dir='ltr'>non</span> <span class='ocrx_word' id='word_1_338' title='bbox 2483 2624 2995 2716; x_wconf 78' lang='lat' dir='ltr'>simpliciter,</span> <span class='ocrx_word' id='word_1_339' title='bbox 3041 2626 3119 2696; x_wconf 89' lang='lat' dir='ltr'>et</span> <span class='ocrx_word' id='word_1_340' title='bbox 3164 2624 3335 2696; x_wconf 87' lang='lat' dir='ltr'>sine</span> <span class='ocrx_word' id='word_1_341' title='bbox 3367 2623 3819 2697; x_wconf 90' lang='lat' dir='ltr'>distinetio-</span> 
     </span>
     <span class='ocr_line' id='line_1_67' title="bbox 2272 2740 3816 2835; baseline 0.002 -24"><span class='ocrx_word' id='word_1_342' title='bbox 2272 2760 2394 2823; x_wconf 89' lang='lat' dir='ltr'>ne,</span> <span class='ocrx_word' id='word_1_343' title='bbox 2440 2746 2519 2814; x_wconf 90' lang='lat' dir='ltr'>et</span> <span class='ocrx_word' id='word_1_344' title='bbox 2571 2743 2693 2812; x_wconf 89' lang='lat' dir='ltr'>est</span> <span class='ocrx_word' id='word_1_345' title='bbox 2744 2740 3234 2835; x_wconf 80' lang='lat' dir='ltr'>simpliciter</span> <span class='ocrx_word' id='word_1_346' title='bbox 3277 2742 3515 2835; x_wconf 87' lang='lat' dir='ltr'>plura</span> <span class='ocrx_word' id='word_1_347' title='bbox 3569 2741 3816 2815; x_wconf 87' lang='lat' dir='ltr'>ratio-</span> 
     </span>
     <span class='ocr_line' id='line_1_68' title="bbox 2273 2863 2918 2931; baseline 0.002 -3"><span class='ocrx_word' id='word_1_348' title='bbox 2273 2878 2370 2930; x_wconf 93' lang='lat' dir='ltr'>ne</span> <span class='ocrx_word' id='word_1_349' title='bbox 2403 2863 2918 2931; x_wconf 88' lang='lat' dir='ltr'>naturarum.</span> 
     </span>
    </p>

    <p class='ocr_par' dir='ltr' id='par_1_12' title="bbox 2274 2975 3843 5406">
     <span class='ocr_line' id='line_1_69' title="bbox 2364 2975 3817 3067; baseline 0.002 -22"><span class='ocrx_word' id='word_1_350' title='bbox 2364 2975 2474 3046; x_wconf 83' lang='lat' dir='ltr'>Ad</span> <span class='ocrx_word' id='word_1_351' title='bbox 2517 2980 3092 3066; x_wconf 79' lang='lat' dir='ltr'>argumentum</span> <span class='ocrx_word' id='word_1_352' title='bbox 3180 2975 3388 3067; x_wconf 83' lang='lat' dir='ltr'>quod</span> <span class='ocrx_word' id='word_1_353' title='bbox 3464 2975 3817 3049; x_wconf 87' lang='lat' dir='ltr'>ostendit</span> 
     </span>
     <span class='ocr_line' id='line_1_70' title="bbox 2274 3092 3817 3186; baseline -0.001 -21"><span class='ocrx_word' id='word_1_354' title='bbox 2274 3114 2451 3165; x_wconf 84' lang='lat' dir='ltr'>esse</span> <span class='ocrx_word' id='word_1_355' title='bbox 2514 3093 2749 3186; x_wconf 87' lang='lat' dir='ltr'>plura</span> <span class='ocrx_word' id='word_1_356' title='bbox 2806 3092 3239 3164; x_wconf 85' lang='lat' dir='ltr'>seeundum</span> <span class='ocrx_word' id='word_1_357' title='bbox 3275 3092 3817 3186; x_wconf 85' lang='lat' dir='ltr'>suppositum,</span> 
     </span>
     <span class='ocr_line' id='line_1_71' title="bbox 2276 3209 3821 3303; baseline -0.001 -21"><span class='ocrx_word' id='word_1_358' title='bbox 2276 3211 2463 3302; x_wconf 89' lang='lat' dir='ltr'>quia</span> <span class='ocrx_word' id='word_1_359' title='bbox 2538 3216 2662 3284; x_wconf 85' lang='lat' dir='ltr'>est</span> <span class='ocrx_word' id='word_1_360' title='bbox 2732 3209 3423 3303; x_wconf 56' lang='lat' dir='ltr'>praedestinatum,</span> <span class='ocrx_word' id='word_1_361' title='bbox 3491 3210 3821 3302; x_wconf 79' lang='lat' dir='ltr'>inquan-</span> 
     </span>
     <span class='ocr_line' id='line_1_72' title="bbox 2274 3326 3819 3420; baseline -0.002 -20"><span class='ocrx_word' id='word_1_362' title='bbox 2274 3332 2444 3400; x_wconf 90' lang='lat' dir='ltr'>tum</span> <span class='ocrx_word' id='word_1_363' title='bbox 2490 3327 2659 3399; x_wconf 81' lang='lat' dir='ltr'>haee</span> <span class='ocrx_word' id='word_1_364' title='bbox 2695 3326 3307 3420; x_wconf 79' lang='lat' dir='ltr'>praedestinatio</span> <span class='ocrx_word' id='word_1_365' title='bbox 3339 3331 3465 3401; x_wconf 81' lang='lat' dir='ltr'>est</span> <span class='ocrx_word' id='word_1_366' title='bbox 3501 3347 3819 3419; x_wconf 79' lang='lat' dir='ltr'>respec-</span> 
     </span>
     <span class='ocr_line' id='line_1_73' title="bbox 2277 3442 3817 3536; baseline -0.003 -17"><span class='ocrx_word' id='word_1_367' title='bbox 2277 3448 2357 3519; x_wconf 88' lang='lat' dir='ltr'>tu</span> <span class='ocrx_word' id='word_1_368' title='bbox 2395 3446 2605 3517; x_wconf 87' lang='lat' dir='ltr'>entis</span> <span class='ocrx_word' id='word_1_369' title='bbox 2649 3442 3017 3536; x_wconf 75' lang='lat' dir='ltr'>perfecti,</span> <span class='ocrx_word' id='word_1_370' title='bbox 3055 3465 3239 3516; x_wconf 89' lang='lat' dir='ltr'>oum</span> <span class='ocrx_word' id='word_1_371' title='bbox 3303 3443 3411 3517; x_wconf 91' lang='lat' dir='ltr'>sit</span> <span class='ocrx_word' id='word_1_372' title='bbox 3467 3442 3817 3516; x_wconf 54' lang='lat' dir='ltr'>directio</span> 
     </span>
     <span class='ocr_line' id='line_1_74' title="bbox 2277 3562 3823 3654; baseline -0.001 -18"><span class='ocrx_word' id='word_1_373' title='bbox 2277 3563 2624 3654; x_wconf 79' lang='lat' dir='ltr'>alicujus</span> <span class='ocrx_word' id='word_1_374' title='bbox 2671 3562 2747 3633; x_wconf 90' lang='lat' dir='ltr'>in</span> <span class='ocrx_word' id='word_1_375' title='bbox 2784 3562 3158 3645; x_wconf 88' lang='lat' dir='ltr'>salutem,</span> <span class='ocrx_word' id='word_1_376' title='bbox 3198 3564 3402 3654; x_wconf 88' lang='lat' dir='ltr'>quod</span> <span class='ocrx_word' id='word_1_377' title='bbox 3472 3583 3629 3634; x_wconf 90' lang='lat' dir='ltr'>non</span> <span class='ocrx_word' id='word_1_378' title='bbox 3687 3566 3823 3635; x_wconf 85' lang='lat' dir='ltr'>est</span> 
     </span>
     <span class='ocr_line' id='line_1_75' title="bbox 2278 3678 3828 3772; baseline -0.001 -21"><span class='ocrx_word' id='word_1_379' title='bbox 2278 3678 2432 3751; x_wconf 75' lang='lat' dir='ltr'>nisi</span> <span class='ocrx_word' id='word_1_380' title='bbox 2459 3678 2887 3771; x_wconf 86' lang='lat' dir='ltr'>suppositi,</span> <span class='ocrx_word' id='word_1_381' title='bbox 2914 3678 3145 3772; x_wconf 71' lang='lat' dir='ltr'>eujus</span> <span class='ocrx_word' id='word_1_382' title='bbox 3170 3682 3294 3752; x_wconf 90' lang='lat' dir='ltr'>est</span> <span class='ocrx_word' id='word_1_383' title='bbox 3318 3696 3561 3769; x_wconf 84' lang='lat' dir='ltr'>agere</span> <span class='ocrx_word' id='word_1_384' title='bbox 3586 3697 3828 3770; x_wconf 88' lang='lat' dir='ltr'>prop-</span> 
     </span>
     <span class='ocr_line' id='line_1_76' title="bbox 2280 3795 3826 3887; baseline -0.003 -16"><span class='ocrx_word' id='word_1_385' title='bbox 2280 3801 2408 3871; x_wconf 87' lang='lat' dir='ltr'>ter</span> <span class='ocrx_word' id='word_1_386' title='bbox 2462 3797 2725 3867; x_wconf 81' lang='lat' dir='ltr'>finem.</span> <span class='ocrx_word' id='word_1_387' title='bbox 2783 3795 3178 3876; x_wconf 85' lang='lat' dir='ltr'>Coneedo,</span> <span class='ocrx_word' id='word_1_388' title='bbox 3258 3795 3465 3887; x_wconf 88' lang='lat' dir='ltr'>quod</span> <span class='ocrx_word' id='word_1_389' title='bbox 3524 3814 3826 3887; x_wconf 87' lang='lat' dir='ltr'>suppo-</span> 
     </span>
     <span class='ocr_line' id='line_1_77' title="bbox 2280 3912 3830 4005; baseline 0.002 -23"><span class='ocrx_word' id='word_1_390' title='bbox 2280 3913 2526 3985; x_wconf 86' lang='lat' dir='ltr'>situm</span> <span class='ocrx_word' id='word_1_391' title='bbox 2569 3917 2691 3986; x_wconf 88' lang='lat' dir='ltr'>est</span> <span class='ocrx_word' id='word_1_392' title='bbox 2728 3912 3421 4005; x_wconf 84' lang='lat' dir='ltr'>praedestinatum,</span> <span class='ocrx_word' id='word_1_393' title='bbox 3460 3912 3663 4003; x_wconf 89' lang='lat' dir='ltr'>quod</span> <span class='ocrx_word' id='word_1_394' title='bbox 3693 3916 3830 3985; x_wconf 83' lang='lat' dir='ltr'>est</span> 
     </span>
     <span class='ocr_line' id='line_1_78' title="bbox 2282 4029 3830 4110; baseline -0.001 -7"><span class='ocrx_word' id='word_1_395' title='bbox 2282 4030 2483 4103; x_wconf 89' lang='lat' dir='ltr'>idem</span> <span class='ocrx_word' id='word_1_396' title='bbox 2533 4030 2608 4102; x_wconf 89' lang='lat' dir='ltr'>in</span> <span class='ocrx_word' id='word_1_397' title='bbox 2639 4030 2910 4103; x_wconf 87' lang='lat' dir='ltr'>divina</span> <span class='ocrx_word' id='word_1_398' title='bbox 2944 4035 3265 4110; x_wconf 89' lang='lat' dir='ltr'>natura,</span> <span class='ocrx_word' id='word_1_399' title='bbox 3332 4030 3465 4102; x_wconf 87' lang='lat' dir='ltr'>sed</span> <span class='ocrx_word' id='word_1_400' title='bbox 3501 4029 3830 4102; x_wconf 85' lang='lat' dir='ltr'>ratione</span> 
     </span>
     <span class='ocr_line' id='line_1_79' title="bbox 2280 4146 3830 4227; baseline 0 -10"><span class='ocrx_word' id='word_1_401' title='bbox 2280 4148 2678 4227; x_wconf 67' lang='lat' dir='ltr'>humanm,</span> <span class='ocrx_word' id='word_1_402' title='bbox 2725 4166 2881 4217; x_wconf 90' lang='lat' dir='ltr'>non</span> <span class='ocrx_word' id='word_1_403' title='bbox 2916 4146 3205 4218; x_wconf 69' lang='lat' dir='ltr'>divinae</span> <span class='ocrx_word' id='word_1_404' title='bbox 3247 4151 3590 4227; x_wconf 59' lang='lat' dir='ltr'>naturae,</span> <span class='ocrx_word' id='word_1_405' title='bbox 3638 4166 3830 4217; x_wconf 83' lang='lat' dir='ltr'>eon-</span> 
     </span>
     <span class='ocr_line' id='line_1_80' title="bbox 2279 4262 3834 4355; baseline 0 -21"><span class='ocrx_word' id='word_1_406' title='bbox 2279 4265 2502 4336; x_wconf 89' lang='lat' dir='ltr'>venit</span> <span class='ocrx_word' id='word_1_407' title='bbox 2535 4263 2608 4335; x_wconf 93' lang='grc'>01</span> <span class='ocrx_word' id='word_1_408' title='bbox 2645 4262 3281 4355; x_wconf 83' lang='lat' dir='ltr'>praedestinatio.</span> <span class='ocrx_word' id='word_1_409' title='bbox 3320 4264 3539 4335; x_wconf 81' lang='lat' dir='ltr'>Unde</span> <span class='ocrx_word' id='word_1_410' title='bbox 3572 4265 3834 4355; x_wconf 79' lang='lat' dir='ltr'>Apos-</span> 
     </span>
     <span class='ocr_line' id='line_1_81' title="bbox 2283 4380 3829 4455; baseline -0.005 0"><span class='ocrx_word' id='word_1_411' title='bbox 2283 4381 2500 4455; x_wconf 92' lang='lat' dir='ltr'>tolus</span> <span class='ocrx_word' id='word_1_412' title='bbox 2544 4400 2729 4452; x_wconf 87' lang='lat' dir='ltr'>eum</span> <span class='ocrx_word' id='word_1_413' title='bbox 2769 4380 3108 4455; x_wconf 79' lang='lat' dir='ltr'>dixisset</span> <span class='ocrx_word' id='word_1_414' title='bbox 3150 4381 3244 4452; x_wconf 90' lang='lat' dir='ltr'>ad</span> <span class='ocrx_word' id='word_1_415' title='bbox 3296 4381 3710 4453; x_wconf 89' lang='lat' dir='ltr'>Romanos</span> <span class='ocrx_word' id='word_1_416' title='bbox 3758 4384 3829 4452; x_wconf 90' lang='lat'>1.</span> 
     </span>
     <span class='ocr_line' id='line_1_82' title="bbox 2289 4500 3837 4585; baseline 0.002 -21"><span class='ocrx_word' id='word_1_417' title='bbox 2289 4503 2420 4578; x_wconf 75' lang='lat' dir='ltr'>Qui</span> <span class='ocrx_word' id='word_1_418' title='bbox 2449 4503 2670 4585; x_wconf 73' lang='lat' dir='ltr'>sactus</span> <span class='ocrx_word' id='word_1_419' title='bbox 2692 4512 2783 4565; x_wconf 77' lang='lat' dir='ltr'>est</span> <span class='ocrx_word' id='word_1_420' title='bbox 2824 4501 2887 4564; x_wconf 82' lang='lat' dir='ltr'>ei</span> <span class='ocrx_word' id='word_1_421' title='bbox 2916 4522 3000 4565; x_wconf 69' lang='lat' dir='ltr'>ea:</span> <span class='ocrx_word' id='word_1_422' title='bbox 3028 4502 3278 4566; x_wconf 81' lang='lat' dir='ltr'>semin-e</span> <span class='ocrx_word' id='word_1_423' title='bbox 3318 4500 3539 4566; x_wconf 81' lang='lat' dir='ltr'>David</span> <span class='ocrx_word' id='word_1_424' title='bbox 3601 4520 3837 4568; x_wconf 77' lang='lat' dir='ltr'>secun·</span> 
     </span>
     <span class='ocr_line' id='line_1_83' title="bbox 2284 4616 3839 4704; baseline -0.001 -21"><span class='ocrx_word' id='word_1_425' title='bbox 2284 4616 2439 4683; x_wconf 84' lang='lat' dir='ltr'>dnm</span> <span class='ocrx_word' id='word_1_426' title='bbox 2473 4638 2764 4697; x_wconf 79' lang='lat' dir='ltr'>carnem,</span> <span class='ocrx_word' id='word_1_427' title='bbox 2803 4618 2926 4703; x_wconf 78' lang='lat' dir='ltr'>qui</span> <span class='ocrx_word' id='word_1_428' title='bbox 2959 4616 3488 4704; x_wconf 71' lang='lat' dir='ltr'>praecleslinatus</span> <span class='ocrx_word' id='word_1_429' title='bbox 3517 4626 3608 4682; x_wconf 77' lang='lat' dir='ltr'>cs!</span> <span class='ocrx_word' id='word_1_430' title='bbox 3637 4616 3839 4699; x_wconf 75' lang='lat' dir='ltr'>filius</span> 
     </span>
     <span class='ocr_line' id='line_1_84' title="bbox 2286 4728 3841 4822; baseline 0.002 -23"><span class='ocrx_word' id='word_1_431' title='bbox 2286 4735 2409 4799; x_wconf 70' lang='lat' dir='ltr'>Dm·</span> <span class='ocrx_word' id='word_1_432' title='bbox 2436 4735 2503 4799; x_wconf 74' lang='lat' dir='ltr'>in</span> <span class='ocrx_word' id='word_1_433' title='bbox 2532 4736 2816 4799; x_wconf 75' lang='lat' dir='ltr'>virtute:</span> <span class='ocrx_word' id='word_1_434' title='bbox 2846 4730 3220 4813; x_wconf 73' lang='lat' dir='ltr'>Ostendit,</span> <span class='ocrx_word' id='word_1_435' title='bbox 3253 4731 3457 4822; x_wconf 82' lang='lat' dir='ltr'>quod</span> <span class='ocrx_word' id='word_1_436' title='bbox 3483 4728 3634 4801; x_wconf 87' lang='lat' dir='ltr'>hoc</span> <span class='ocrx_word' id='word_1_437' title='bbox 3676 4730 3841 4802; x_wconf 85' lang='lat' dir='ltr'>Sibi</span> 
     </span>
     <span class='ocr_line' id='line_1_85' title="bbox 2288 4848 3842 4941; baseline -0.001 -21"><span class='ocrx_word' id='word_1_438' title='bbox 2288 4850 2741 4930; x_wconf 80' lang='lat' dir='ltr'>conveniat,</span> <span class='ocrx_word' id='word_1_439' title='bbox 2782 4849 3261 4941; x_wconf 86' lang='lat' dir='ltr'>inquantum</span> <span class='ocrx_word' id='word_1_440' title='bbox 3295 4851 3418 4920; x_wconf 89' lang='lat' dir='ltr'>est</span> <span class='ocrx_word' id='word_1_441' title='bbox 3461 4869 3558 4919; x_wconf 84' lang='lat' dir='ltr'>ex</span> <span class='ocrx_word' id='word_1_442' title='bbox 3592 4848 3842 4919; x_wconf 87' lang='lat' dir='ltr'>semi—</span> 
     </span>
     <span class='ocr_line' id='line_1_86' title="bbox 2289 4964 3843 5047; baseline 0.001 -12"><span class='ocrx_word' id='word_1_443' title='bbox 2289 4985 2384 5035; x_wconf 83' lang='lat' dir='ltr'>ne.</span> <span class='ocrx_word' id='word_1_444' title='bbox 2417 4964 2693 5037; x_wconf 83' lang='lat' dir='ltr'>David.</span> <span class='ocrx_word' id='word_1_445' title='bbox 2733 4965 3117 5047; x_wconf 87' lang='lat' dir='ltr'>Quamvis</span> <span class='ocrx_word' id='word_1_446' title='bbox 3151 4967 3364 5036; x_wconf 88' lang='lat' dir='ltr'>enim</span> <span class='ocrx_word' id='word_1_447' title='bbox 3402 4964 3519 5037; x_wconf 94' lang='lat' dir='ltr'>illi</span> <span class='ocrx_word' id='word_1_448' title='bbox 3563 4964 3670 5036; x_wconf 92' lang='lat' dir='ltr'>sit</span> <span class='ocrx_word' id='word_1_449' title='bbox 3700 4984 3843 5036; x_wconf 86' lang='lat' dir='ltr'>na-</span> 
     </span>
     <span class='ocr_line' id='line_1_87' title="bbox 2292 5079 3843 5155; baseline -0.001 0"><span class='ocrx_word' id='word_1_450' title='bbox 2292 5081 2559 5155; x_wconf 88' lang='lat' dir='ltr'>turale</span> <span class='ocrx_word' id='word_1_451' title='bbox 2622 5081 3055 5153; x_wconf 78' lang='lat' dir='ltr'>seeundum</span> <span class='ocrx_word' id='word_1_452' title='bbox 3127 5084 3507 5153; x_wconf 89' lang='lat' dir='ltr'>naturam</span> <span class='ocrx_word' id='word_1_453' title='bbox 3551 5079 3843 5153; x_wconf 86' lang='lat' dir='ltr'>huma-</span> 
     </span>
     <span class='ocr_line' id='line_1_88' title="bbox 2289 5197 3841 5290; baseline 0 -20"><span class='ocrx_word' id='word_1_454' title='bbox 2289 5219 2507 5277; x_wconf 82' lang='lat' dir='ltr'>nam,</span> <span class='ocrx_word' id='word_1_455' title='bbox 2572 5199 2706 5270; x_wconf 84' lang='lat' dir='ltr'>sed</span> <span class='ocrx_word' id='word_1_456' title='bbox 2794 5198 2944 5269; x_wconf 85' lang='lat' dir='ltr'>sibi</span> <span class='ocrx_word' id='word_1_457' title='bbox 3016 5198 3164 5269; x_wconf 88' lang='grc'>1100</span> <span class='ocrx_word' id='word_1_458' title='bbox 3225 5197 3615 5290; x_wconf 83' lang='lat' dir='ltr'>competit</span> <span class='ocrx_word' id='word_1_459' title='bbox 3690 5219 3841 5290; x_wconf 85' lang='lat' dir='ltr'>per</span> 
     </span>
     <span class='ocr_line' id='line_1_89' title="bbox 2293 5314 3837 5406; baseline -0.001 -21"><span class='ocrx_word' id='word_1_460' title='bbox 2293 5314 2614 5387; x_wconf 81' lang='lat' dir='ltr'>unionis</span> <span class='ocrx_word' id='word_1_461' title='bbox 2650 5315 3035 5406; x_wconf 74' lang='lat' dir='ltr'>gratiam,</span> <span class='ocrx_word' id='word_1_462' title='bbox 3082 5317 3234 5387; x_wconf 88' lang='grc'>010.</span> <span class='ocrx_word' id='word_1_463' title='bbox 3289 5318 3533 5404; x_wconf 69' lang='lat' dir='ltr'>Aliqua</span> <span class='ocrx_word' id='word_1_464' title='bbox 3572 5317 3837 5384; x_wconf 75' lang='lat' dir='ltr'>desunt.</span> 
     </span>
    </p>
   </div>
  </div>
 </body>
</html>
