4252 6393
767 438 883 504 453
2002 435 2105 499 ns
2151 432 2420 498 RERUM
2459 438 2847 502 Pumcwio

756 600 1056 691 gradus
1098 595 1553 670 nobilitatis
1615 593 1985 667 sensitivi
2042 595 2141 667 ad
2181 595 2298 667 in-
2413 598 2906 678 substantia,
2990 595 3118 667 vel
3195 594 3488 667 forma.
3570 593 3941 677 Quamvis
3992 622 4181 695 meto,

751 715 1288 797 tellectivum,
1364 733 1548 785 cum
1627 711 1732 785 sit
1800 712 2291 794 essentialis,
2410 717 2682 787 autem
2724 713 2946 787 circa
2985 712 3135 784 hoe
3180 711 3345 785 sint
3395 711 3693 785 infiniti
3746 713 3945 785 modi
3967 701 4205 816 ’ἒιῖζοῖρῗῖ

750 830 1282 924 consequitur
1324 829 1707 911 animam,
1747 829 1915 901 sive
1949 830 2288 913 unitam,

2408 830 2741 916 dicendi,
2780 836 2866 905 ut
2916 834 3137 923 patet
3187 828 3269 901 in
3319 827 3663 901 diversis
3706 809 4190 924 scrip-³2⁰f'{1¹{¹¹¹}5¹‚¹¹

748 949 916 1021 sive
977 951 1488 1040 separatam;
1552 965 1749 1035 ergo
1802 946 2075 1018 anima
2118 968 2294 1019 sen-

745 1064 990 1136 sitiva
1023 1065 1403 1155 separata
1435 1083 1533 1133 ex
1573 1065 1804 1153 parte
1839 1082 1985 1133 sua
2016 1062 2289 1156 aliquo

2411 947 2540 1029 tis,
2578 949 2774 1020 duas
2810 950 3127 1021 tantum
3157 946 3494 1038 accipio,
3531 967 3629 1018 ex
3664 946 3939 1039 quibus

2407 1081 2653 1133 unum
2715 1065 3033 1135 tantum
3096 1081 3379 1132 verum
3444 1082 3623 1132 esse
3680 1062 3936 1143 credo,

744 1180 1069 1273 indiget,
1118 1203 1274 1273 quo
1330 1201 1490 1253 non
1560 1180 1859 1270 indiget
1931 1181 2291 1256 intellec·
2404 1176 2757 1249 alterum
2802 1177 3126 1249 salsum.

744 1298 936 1381 tiva,
997 1300 1203 1391 quod
1252 1319 1412 1370 non
1464 1303 1587 1370 est
1638 1297 1795 1369 nisi
1858 1317 2283 1389 organum,
2493 1297 2637 1366 Est
2700 1294 2961 1385 igitur
3016 1312 3219 1365 unus
3272 1295 3552 1366 modus
3611 1296 3933 1378 dicendi,
3964 1315 4151 1364 mmo
4182 1318 4203 1355 ·.

742 1415 930 1506 quia
973 1419 1320 1507 utraque
1358 1413 1628 1506 specie
1663 1413 1992 1504 indiget,
2041 1420 2131 1489 ut
2180 1416 2284 1487 di·
2402 1412 2608 1501 quod
2672 1411 3056 1503 potentiae
3123 1410 3414 1483 animae
3495 1416 3683 1486 sunt
3747 1434 3936 1486 vera
3984 1381 4199 1488 3221&st

737 1529 957 1604 citur
988 1530 1557 1603 communiter.

2279 1621 2292 1634 ἴ
2399 1527 2888 1612 accidentia,
2971 1548 3018 1599 a
3106 1528 3566 1601 substantia
3652 1530 3936 1603 animae
3983 1501 4182 1627 {hgfngssj

823 1646 1124 1728 Tertio,
1170 1646 1381 1737 quia,
1430 1649 1518 1718 ut
1566 1645 1861 1726 dicunt,
1920 1646 2283 1737 potentia
2397 1641 2763 1726 fluentia,
2846 1643 3138 1716 animae
3217 1644 3791 1718 connaturalia
3863 1650 3936 1719 et
3960 1624 4192 1749 {⁸73³ng

734 1760 1231 1834 intellectiva
1272 1764 1394 1832 est
1439 1760 1720 1842 libera,
1778 1761 1967 1851 quia
2011 1761 2089 1832 in
2134 1782 2280 1832 sua,
2397 1760 2762 1853 propria,
2799 1764 2888 1833 ut
2919 1759 3295 1834 caliditas
3341 1759 3533 1851 igni,
3588 1782 3676 1833 re
3709 1763 3932 1834 abso·
3972 1749 4179 1859 ὲεξξέξζρ

731 1877 1207 1970 operatione
1242 1881 1366 1949 est
1402 1875 1810 1956 immunis,
1848 1879 2129 1948 utnon
2172 1877 2279 1951 sit
2393 1873 2565 1948 luta
2606 1895 2653 1946 a
2696 1875 3154 1950 substantia
3216 1875 3507 1950 animae
3565 1875 3932 1951 differen-
3985 1872 4121 1981 ‘1¹³⁰dgj
4150 1875 4177 1920 ¹‘

724 1992 997 2065 forma
1032 1993 1397 2065 materiae
1448 1992 1936 2085 corporaliS‚
1987 2013 2079 2065 ac
2134 2015 2277 2086 per
2388 1989 2530 2061 tia.
2613 1992 2833 2072 Quod
2906 1993 3337 2066 ostendunt
3409 1993 3925 2075 auctoritate,
4022 1952 4101 1999 q„

724 2107 876 2181 hoc
919 2106 1302 2180 voluntas
1349 2106 1845 2179 dominative
1923 2109 2119 2199 agit,
2193 2112 2272 2181 et,
2389 2105 2580 2195 quia
2633 2106 3066 2179 secundum
3127 2107 3620 2180 Avicennam
3659 2111 3727 2180 6.
3780 2113 3923 2178 Met.

727 2229 1164 2316 propterea
1249 2242 1390 2295 ens
1480 2224 1915 2295 secundum
2001 2227 2269 2296 totum
2384 2244 2531 2309 cap.
2601 2223 2668 2291 2.
2737 2222 3000 2293 solum
3066 2243 3316 2313 agens
3389 2223 3751 2317 primum
3809 2227 3925 2296 est

719 2340 1113 2414 ambitum
1159 2359 1393 2410 suum
1426 2343 1550 2412 est
1596 2339 1999 2430 objectum
2045 2340 2270 2413 intel·
2384 2356 2634 2427 agens
2669 2358 2815 2430 per
2863 2340 3329 2413 essentiam.
3382 2342 3741 2414 Secundo
3794 2361 3929 2434 per

719 2454 1016 2537 lectus;
1100 2475 1302 2545 ergo
1401 2455 1470 2526 si
1540 2454 1814 2526 anima
1883 2461 2268 2546 separata
2380 2454 2866 2546 exemplum,
2916 2455 3104 2546 quia
3147 2457 3220 2528 id
3269 2478 3425 2547 quo
3471 2457 3686 2546 ignis
3730 2459 3919 2548 agit,

719 2572 992 2655 sentit,
1068 2573 1381 2664 quando
1460 2577 1585 2646 est
1653 2573 1882 2646 unita
1953 2593 2264 2664 organo
2381 2569 2518 2660 qui
2572 2576 2698 2645 est
2755 2572 3108 2643 maxime
3165 2571 3505 2654 activus,
3569 2578 3694 2646 est
3753 2575 3922 2668 ejus

715 2690 1159 2783 corporali,
1211 2689 1387 2780 ejus
1432 2689 1838 2761 sensibilis
1892 2689 2262 2781 operatio
2378 2684 2772 2757 accidens.
2855 2685 3130 2758 Tertio
3203 2687 3558 2769 ratione,
3637 2687 3916 2780 prim0,

711 2806 873 2880 erit
917 2807 1198 2887 libera,
1237 2810 1317 2877 et
1350 2803 1669 2876 habebit
1713 2809 2134 2897 aspectum
2169 2807 2264 2879 ad
2378 2801 2563 2891 quia
2597 2802 3057 2875 substantia
3088 2803 3380 2875 animae
3414 2807 3537 2875 cst
3574 2804 3652 2875 in
3695 2824 3918 2896 genc-

712 2942 947 2994 omne
1015 2943 1157 2994 ens
1242 2921 1707 2993 universale
1754 2925 1847 2993 ·et
1910 2921 2262 3014 partiou-
2377 2937 2464 2989 re
2529 2918 3030 3000 substantiae,
3089 2921 3456 3011 potentia
3516 2921 3915 2993 naturalis

710 3038 910 3120 lare,
959 3035 1473 3127 intelligibile
1526 3041 1607 3110 et
1664 3037 2121 3128 corporale,
2180 3041 2260 3110 et
2375 3033 2454 3105 in
2489 3037 2834 3107 secunda
2868 3037 3134 3128 specie
3168 3036 3618 3127 qualitatis

716 3154 832 3227 sic
896 3156 1108 3228 Deus
1175 3157 1256 3227 et
1315 3153 1602 3244 Angeli
1664 3173 1903 3224 sensu
1966 3173 2257 3245 appre-
2461 3153 2844 3235 Secundo,
2894 3152 3083 3245 quia
3137 3153 3506 3245 potentia
3555 3156 3633 3226 et
3683 3157 3909 3227 actus

705 3271 1187 3352 henduntur,
1250 3274 1331 3343 et
1390 3273 1580 3342 tunc
1632 3268 2076 3361 superfluet
2137 3269 2256 3340 in·
2365 3267 2725 3342 dividunt
2781 3270 3191 3362 quodlibet
3233 3290 3487 3362 genus
3528 3272 3762 3352 entis,
3820 3293 3908 3343 ac

701 3390 1106 3463 tellectus.
2366 3401 2509 3473 per
2560 3382 2712 3456 hoc
2765 3389 2952 3458 sunt
3008 3385 3152 3456 sub
3202 3386 3484 3458 eodem
3536 3406 3830 3477 genere
3887 3413 3902 3455 :

797 3508 1131 3586 Quarto,
1194 3502 1381 3593 quia
1443 3501 1823 3573 sensibile
1882 3521 2040 3572 non
2112 3519 2252 3591 ap·
2360 3498 2590 3570 actus
2624 3502 2899 3571 autem
2936 3501 3319 3592 potentiae
3369 3522 3528 3574 non
3568 3507 3689 3576 est
3741 3504 3910 3575 sub-

441 4962 521 5015 ¹⁴.

708 3614 1257 3708 prehenditur,
1304 3613 1463 3684 nisi
1509 3634 1650 3706 per
1694 3614 2044 3705 speciem
2080 3633 2251 3683 sen-

705 3733 1046 3817 sibilem,
1092 3738 1180 3807 ut
1230 3731 1637 3804 sensibilis
1679 3735 1827 3811 est,
1879 3735 1958 3804 et
2001 3730 2250 3801 sensi-

697 3850 834 3924 bili
924 3852 1551 3945 proportionata
1623 3875 1637 3918 :
1712 3850 1903 3923 talis
1972 3852 2243 3920 autem

696 3989 857 4040 non
903 3967 1302 4060 recipitur
1334 3965 1488 4038 nisi
1528 3966 1605 4037 in
1649 3966 1988 4057 quant03
2036 3984 2238 4052 ergo

695 4085 967 4158 anima
1013 4088 1397 4176 separata
1430 4082 1587 4155 erit
1623 4086 1949 4173 quanta.

1154 4419 1586 4474 ARTICULUS
1666 4417 1762 4471 111.

681 4603 786 4668 An
843 4601 1075 4668 anima
1132 4597 1592 4683 ‹listinfflcacur
1660 4594 1934 4659 realiter
1990 4614 2030 4655 a
2088 4593 2229 4656 suis

1268 4709 1627 4798 potentiis?

2360 3615 2862 3704 stantia(lioc
2885 3617 3101 3689 enim
3124 3622 3249 3691 est
3283 3619 3539 3691 solius
3572 3621 3740 3710 Dei)
3775 3620 3905 3692 sed

2357 3733 2480 3801 est
2545 3731 2953 3815 accidens;
3009 3754 3209 3826 ergo
3270 3736 3659 3827 potentia,
3729 3755 3898 3827 quae

2357 3851 2481 3919 cst
2528 3848 3016 3942 principium
3053 3854 3309 3932 actus,
3347 3854 3470 3924 est
3507 3850 3893 3923 accidens.

2463 3965 2701 4046 Item,
2802 3965 3075 4038 anima
3154 3968 3587 4038 secundum
3668 3987 3894 4039 suam

2354 4080 2899 4156 substantiam
2968 4086 3090 4155 est
3160 4087 3392 4157 actus
3466 4109 3480 4152 z
3555 4083 3621 4154 si
3689 4102 3887 4173 ergo

2354 4199 2811 4273 substantia
2905 4198 3197 4272 animae
3294 4203 3414 4272 est
3515 4197 3889 4293 operandi

2355 4315 2873 4408 principium,
2957 4316 3165 4390 sicut
3243 4315 3595 4400 essendi,
3679 4316 3881 4387 sicut

2348 4428 2646 4504 habens
2686 4432 3045 4504 animam
3082 4453 3402 4525 semper
3433 4437 3557 4506 est
3592 4432 3879 4510 vivum,

2348 4546 2462 4618 ita
2521 4568 2844 4639 semper
2902 4547 3063 4620 erit
3125 4546 3202 4618 in
3253 4547 3642 4621 continuo
3701 4548 3874 4619 actu

2345 4664 2705 4735 omnium
2765 4664 3342 4756 potentiarum.
3419 4669 3622 4738 Sunt
3691 4660 3874 4734 mul-

2342 4782 2442 4851 tae
2493 4780 2676 4852 aliae
2738 4781 3125 4865 rationeS,
3191 4783 3324 4855 sed
3384 4783 3574 4874 quia
3633 4782 3711 4854 in
3762 4777 3870 4849 di-

768 4913 913 4984 Est
954 4909 1211 5001 igitur
1252 4908 1344 4979 ad
1386 4905 1726 4980 tertium
1777 4903 2222 4975 articulum
2335 4900 2600 4970 versis
2672 4900 3005 4992 scriptis
3076 4900 3621 4983 inveniuntur,
3693 4898 3863 4970 illas

672 5030 1226 5107 accedendum,
1292 5023 1687 5116 quomodo
1732 5020 2044 5094 seilicet
2090 5040 2219 5111 po-

671 5148 927 5222 tentia
965 5167 1047 5218 se
1091 5143 1384 5216 habeat
1441 5141 1535 5213 ad
1594 5138 1976 5218 animam,
2032 5134 2219 5227 quia

668 5265 837 5337 sive
916 5262 1078 5335 sint
1154 5264 1327 5332 tres
1404 5257 1721 5335 animze,
1798 5253 1966 5325 sive
2044 5256 2214 5324 tres

664 5383 976 5457 formae,
1035 5377 1201 5448 sive
1273 5378 1441 5447 tres
1516 5369 2017 5449 substantiae,
2094 5368 2215 5438 ad-

662 5498 813 5568 huc
908 5497 1054 5580 est,
1123 5489 1468 5583 quaestio
1568 5491 1846 5560 utrum
1938 5487 2212 5576 poten-

2336 5014 2716 5088 omittam
2766 5042 2778 5084 :
2827 5017 2958 5088 sed
2999 5015 3146 5089 has
3189 5017 3489 5110 accepi,
3541 5018 3740 5110 quia,
3778 5017 3859 5085 ut

2337 5134 2584 5221 patet,
2623 5130 2745 5202 his
2784 5131 3353 5225 principaliter
3385 5134 3848 5208 innituntur.

2419 5250 2563 5319 Est
2599 5247 2807 5319 alius
2852 5249 3131 5321 modus
3170 5250 3626 5343 positionis,
3663 5247 3850 5342 quod

660 5615 769 5688 tia
851 5632 1024 5705 quae
1096 5609 1291 5699 agit,
1362 5606 1464 5679 sit
1551 5605 1751 5677 idem
1836 5623 1923 5672 re
2006 5600 2210 5691 quod
2327 5619 2455 5669 ma
2504 5599 2805 5673 dicitur
2851 5606 3074 5688 forma
3132 5624 3277 5694 per
3318 5600 3839 5696 comparatio-

4001 5264 4065 5313 ιε.

2329 5363 2788 5435 substantia
2850 5365 3140 5438 animae
3195 5369 3317 5439 est
3371 5367 3599 5450 idem,
3663 5362 3847 5458 quod
3875 5328 4104 5450 ‚fflsse‘a’a

2327 5501 2472 5551 sua
2517 5482 2882 5574 potentia
2918 5484 3281 5567 realiter,
3321 5485 3436 5559 ita
3470 5486 3667 5577 quod
3705 5480 3846 5555 ani·

3989 5466 4066 5497 1¹30.
