4252 6393
212 1579 281 1630 ⁸1.

1811 452 2174 531 QUAEsTlo
2216 452 2271 515 X

913 832 1342 890 ARTICULUS
1420 833 1487 888 V.

418 1013 801 1080 Secundum
859 1015 1090 1081 varias
1153 1017 1661 1102 ycneralionum
1723 1017 1971 1105 species

510 1132 772 1218 requiri
836 1133 1037 1197 eliam
1094 1131 1365 1198 diversa
1410 1136 1703 1220 aqentia,
1768 1145 1829 1199 ct
1898 1136 1972 1201 in

510 1251 809 1316 humana
877 1249 1136 1336 requiri
1194 1253 1570 1336 prcesereim
1606 1273 1809 1338 aqens
1868 1251 1969 1317 di·

518 1385 772 1432 mnam.

514 1560 811 1634 Restat
849 1561 942 1632 de
984 1559 1266 1652 quinto
1319 1581 1712 1652 quaerere,
1768 1563 1976 1655 quod

426 1675 751 1751 scilicet
794 1676 873 1749 in
914 1679 1445 1769 generatione
1504 1679 1974 1771 aliquorum

422 1792 732 1865 sufficit
794 1811 1044 1884 agens
1105 1795 1613 1879 universale,
1652 1800 1738 1869 ut
1809 1799 1971 1881 Sol,

418 1912 501 1982 et
547 1909 808 1982 stellae
853 1936 868 1979 :
926 1912 1008 1983 in
1049 1911 1577 2002 generatione
1619 1913 1975 1986 aliorum

422 2027 888 2118 requiritur
923 2047 1172 2118 agens
1219 2029 1485 2101 simile
1530 2029 1609 2100 in
1652 2031 1918 2122 specie
1954 2057 1967 2100 ε

420 2147 499 2218 in
536 2145 1072 2236 generatione
1105 2151 1379 2220 autem
1416 2147 1793 2228 hominis,
1830 2168 1973 2220 nec

416 2263 611 2343 ista,
658 2282 803 2335 nec
852 2262 993 2334 illa
1034 2261 1471 2347 sufficiunt,
1529 2265 1662 2335 sed
1713 2264 1973 2355 requi-

420 2379 648 2453 ritur
700 2380 915 2454 actio
966 2380 1113 2453 Dei
1156 2379 1510 2452 formam
1566 2380 1972 2453 infunden-

411 2496 555 2567 tis,

992 2711 1398 2769 SCHOLIUM.

485 2895 787 2952 Omnium
819 2893 1234 2951 animantium
1266 2895 1707 2965 generationes
1737 2895 1814 2952 ad
1845 2901 1970 2952 tres

409 2993 678 3061 species
729 2989 830 3046 hic
899 2989 1147 3048 reducit
1212 2991 1443 3059 Scotus,
1512 2996 1572 3048 et
1639 2992 1972 3062 distinguit

401 3088 594 3156 juxta
624 3089 949 3157 agentium
981 3090 1377 3145 varietatem.
1412 3091 1532 3146 Res
1564 3089 1861 3161 quasdam
1884 3091 1971 3147 ait

410 3186 596 3257 gigni
630 3201 669 3244 a
698 3185 903 3242 causis
936 3186 1424 3255 universalibuS,
1488 3193 1553 3246 ut
1582 3203 1720 3260 quae
1780 3202 1971 3258 gene-

408 3289 646 3344 rantur
693 3300 807 3356 per
837 3286 1383 3357 putrefactionem.
1436 3288 1608 3343 Alias
1639 3287 1714 3345 ab
1745 3294 1969 3357 agente

407 3383 793 3457 particulari
857 3385 1051 3439 simili
1103 3386 1166 3440 in
1212 3386 1445 3454 specie,
1501 3390 1566 3441 ut
1612 3402 1845 3457 equum
1893 3387 1968 3444 ab

405 3498 595 3556 equ0,
624 3482 728 3538 cui
762 3484 948 3540 etiam
981 3482 1293 3552 gignendo
1323 3490 1736 3554 cooperantur
1765 3500 1967 3540 causae

406 3582 835 3647 universaleS,
870 3586 935 3638 ut
964 3580 1082 3638 Sol.
1120 3582 1288 3638 Alias
1321 3582 1398 3638 ab
1425 3582 1753 3651 agentibus
1784 3585 1971 3654 parti·

405 3678 744 3735 cularibus
784 3684 846 3735 et
868 3678 1335 3735 universalibus
1362 3680 1614 3746 creatis,
1637 3680 1967 3737 accedente

406 3777 605 3835 etiam
641 3776 940 3843 increat0,
974 3777 1289 3834 hominem
1330 3777 1647 3846 videlicet,
1706 3782 1805 3835 cui
1869 3783 1964 3849 gi-

408 3876 668 3946 gnendo
696 3881 1077 3932 concurrunt
1107 3881 1292 3942 astra,
1328 3876 1529 3945 bom0,
1563 3882 1624 3934 et
1657 3880 1840 3945 Deus,
1873 3884 1966 3936 at-

406 3991 532 4049 que
607 3974 711 4032 hic
779 3991 900 4033 non
957 3975 1156 4035 solum
1204 3992 1512 4036 concursu
1592 3980 1962 4045 universali,

406 4075 623 4147 qualis
655 4075 1004 4146 requiritur
1035 4076 1099 4131 in
1150 4076 1543 4146 reliquarum
1592 4090 1806 4133 rerum
1856 4091 1964 4144 ge-

405 4171 871 4239 nerationibus,
906 4186 1130 4229 verum
1165 4175 1352 4230 etiam
1386 4175 1645 4245 speciali
1668 4190 1965 4247 coopera-

407 4276 582 4332 tione
614 4286 733 4344 per
755 4272 982 4327 animae
1002 4274 1381 4329 creationem
1415 4278 1475 4330 et
1498 4276 1813 4331 unionem.
1842 4278 1962 4331 Has

407 4372 605 4429 etiam
641 4375 768 4429 tres
817 4371 1241 4441 generationis
1299 4373 1539 4441 species
1594 4373 1703 4429 alii
1735 4387 1962 4443 agnos-

404 4474 561 4527 cunt
596 4468 980 4540 Philosophi,
1043 4473 1386 4542 vocantque
1428 4471 1697 4540 primam
1761 4477 1958 4539 latam,

407 4569 758 4626 secundam
790 4569 1052 4633 mediam,
1084 4568 1335 4622 tertiam
1364 4583 1630 4635 pressam.
1694 4574 1763 4625 Et
1822 4573 1961 4625 Latae

408 4666 574 4725 lianc
604 4669 930 4737 assignant
957 4665 1384 4723 definitionem
1428 4684 1442 4722 ε
1507 4669 1815 4736 Productio,
1866 4686 1959 4724 seu

402 4769 681 4837 processio
712 4768 794 4819 rei
822 4767 1053 4820 viventis
1083 4767 1152 4820 ab
1181 4766 1391 4833 aliquo.
1462 4767 1641 4819 Hestiai
1699 4767 1879 4823 istam
1941 4784 1956 4823 z

405 4865 688 4920 Processio
717 4865 948 4918 viventis
979 4880 1012 4917 α
1042 4866 1325 4933 principio
1354 4867 1478 4918 vil-z
1522 4869 1812 4933 conjuncto
1869 4880 1959 4919 se-

400 4966 657 5019 cundum
692 4966 966 5017 rationem
998 4964 1393 5016 similitudinis
1422 4967 1616 5018 saltem
1644 4967 1813 5033 specie
1862 4968 1959 5019 in-

399 5067 561 5130 fimo.
598 5064 800 5117 Pressa?
829 5060 1006 5118 illam
1042 5062 1351 5116 :Processio
1372 5063 1608 5116 viventis
1626 5078 1658 5114 o
1677 5065 1959 5130 principio

402 5166 528 5218 vite
557 5166 869 5230 conjuncta·
894 5177 993 5229 per
1047 5163 1432 5228 coynitionem,
1488 5166 1650 5229 atque
1710 5177 1957 5216 amorem

401 5265 690 5331 operante,
720 5260 1024 5314 secundum
1054 5262 1332 5314 rationem
1385 5262 1783 5315 similitudinis
1840 5263 1961 5314 sal-

402 5367 510 5415 tem
542 5363 607 5415 in
635 5360 808 5428 specie.
866 5361 1084 5427 infima.
1121 5361 1212 5413 An
1276 5373 1428 5415 vcro
1486 5361 1610 5414 sint
1668 5358 1961 5415 distincta

402 5460 614 5530 specie
646 5473 787 5530 quae
818 5461 1201 5526 generantur
1229 5458 1432 5527 primo
1488 5455 1684 5523 mod0,
1740 5456 1814 5512 ab
1871 5460 1961 5514 eis

404 5573 547 5629 quac
580 5560 967 5629 generantur
1024 5554 1324 5627 secund03
1360 5557 1518 5623 sive,
1581 5561 1646 5613 ut
1703 5557 1811 5612 alii
1875 5556 1965 5611 lo-

410 5661 717 5727 quuntur,
769 5658 1062 5724 generata
1119 5653 1195 5711 ab
1252 5658 1471 5724 agente
1531 5655 1849 5726 aequivoco
1906 5646 1967 5708 et
2075 5641 2224 5719 est,

3500 444 3619 508 457

2080 615 2369 680 univoco,
2434 612 2532 668 vel
2583 615 2882 683 generata
2938 623 3053 682 per
3108 606 3635 681 putrefactionem

2076 716 2139 770 et
2168 712 2702 784 propagationem,
2735 707 2883 764 vide
2915 707 3161 765 Scotum
3196 707 3262 763 in
3297 707 3348 763 1.
3398 703 3543 762 dist.
3576 706 3637 759 2·

2078 814 2296 883 quaest.
2326 812 2382 866 7.
2415 815 2470 877 5.
2506 810 2659 878 Quod
2687 809 2962 863 conclusio
2990 807 3067 863 sit
3103 808 3276 876 salsa.
3336 809 3397 863 et
3451 805 3518 861 in
3575 803 3632 860 4.

2081 911 2226 969 dist.
2259 910 2350 966 43.
2386 913 2604 980 quaest.
2642 911 2693 968 1.
2725 914 2782 976 ἓ.
2811 910 3164 980 Anqustinus
3194 910 3387 964 etiam.

2152 1090 2288 1163 'Ad
2356 1090 2587 1182 cujus
2647 1089 3137 1163 evidentiam
3205 1091 3332 1162 est
3380 1088 3631 1160 scien-

2082 1209 2296 1288 dum,
2335 1207 2540 1298 quod
2571 1211 2695 1280 est
2746 1206 3283 1298 quorumdam
3326 1204 3626 1298 opinio,

2088 1325 2294 1416 quod
2327 1325 2502 1397 sola
2538 1323 2890 1414 qualitas
2931 1320 3418 1414 corporaliS,
3453 1341 3629 1414 quae

2091 1439 2325 1512 calor
2382 1439 2707 1520 dicitur,
2790 1441 2913 1511 est
2975 1436 3478 1530 principium
3547 1442 3629 1513 et

2088 1577 2337 1633 causa
2363 1558 2727 1631 omnium
2759 1557 3293 1638 naturalium,
3332 1556 3634 1650 absque

2092 1675 2257 1749 alia
2295 1674 2606 1748 virtute
2647 1672 2916 1745 decisa
2994 1671 3074 1743 in
3146 1672 3479 1754 semine,
3555 1673 3637 1744 in

2089 1792 2217 1865 his
2263 1810 2519 1883 quaea
2579 1789 2731 1862 sibi
2792 1787 3043 1861 simili
3104 1791 3633 1878 generantur,

2088 1909 2217 1979 vel
2248 1907 2549 1999 absque
2590 1906 2902 1979 virtute
2956 1903 3223 1976 infusa
3265 1924 3313 1976 a
3352 1925 3638 1998 corpo-

2090 2026 2315 2098 ribus
2348 2023 2812 2096 coelestibus
2848 2022 2928 2094 in
2962 2022 3336 2104 materia,
3399 2022 3480 2094 in
3510 2021 3637 2095 his

2089 2163 2266 2234 quae
2312 2162 2456 2234 per
2498 2139 3182 2233 putrefactionem
3243 2158 3638 2230 generan-

2088 2261 2251 2337 tur,
2327 2259 2412 2328 ut
2454 2277 2734 2348 equus,
2780 2254 3058 2328 calore
3099 2253 3502 2327 existente
3554 2254 3635 2327 in

2088 2373 2395 2445 semine
2444 2371 2740 2453 deciso,
2778 2372 3078 2463 absque
3121 2369 3283 2442 alia
3322 2370 3634 2446 virtute

2088 2491 2503 2572 ibidecisa,
2551 2493 2889 2580 generat
2920 2509 3239 2580 equum,
3284 2492 3364 2562 et
3394 2489 3509 2561 sic
3541 2489 3632 2561 de

2082 2609 2269 2682 aliis
2290 2633 2304 2676 :
2323 2610 2400 2679 et
2421 2606 2550 2678 Sol
2568 2609 2905 2697 generat
2920 2610 3167 2679 terrae
3183 2604 3630 2687 nascentia,

2088 2724 2488 2797 mediante
2555 2722 2730 2793 solo
2763 2721 3066 2803 calore,
3123 2721 3296 2794 sine
3358 2721 3632 2813 aliqua

2080 2844 2418 2917 virtute.
2456 2842 2751 2915 Dicunt
2803 2845 3077 2915 autem
3141 2841 3350 2932 quod
3394 2840 3629 2912 varia

2083 2961 2611 3052 generantur,
2661 2957 3096 3028 secundum
3142 2955 3347 3047 quod
3398 2955 3630 3028 calor

2084 3095 2486 3166 generans
2555 3078 2680 3147 est
2747 3073 3096 3146 alterius
3139 3075 3216 3143 et
3278 3071 3626 3145 alterius

2084 3192 2382 3283 gradus
2421 3216 2436 3272 ;
2475 3194 2563 3264 ut
2603 3211 2701 3263 ex
2752 3188 3058 3261 semine
3099 3187 3283 3281 equi
3347 3210 3628 3262 secun-

2080 3310 2266 3379 ‹lum
2303 3327 2549 3378 unum
2604 3306 2945 3397 gradum
3013 3305 3344 3386 caloris,
3393 3325 3626 3395 gene-

2084 3430 2321 3498 ratur
2378 3445 2675 3516 equus;
2741 3425 2826 3494 ut
2879 3443 2978 3493 ex
3036 3422 3342 3494 semine
3385 3422 3620 3505 asini,

2082 3541 2516 3612 secundum
2576 3537 2829 3609 alium
2905 3537 3246 3627 gradum
3289 3538 3619 3621 caloris,

2080 3657 2360 3727 asinus
2399 3679 2413 3722 :
2448 3658 2528 3726 et
2570 3652 2680 3724 sic
2723 3652 2973 3725 etiam
3015 3652 3105 3723 de
3167 3654 3630 3743 generatio-

2078 3795 2202 3853 ne,
2249 3791 2423 3862 quao
2473 3770 2559 3841 fit
2622 3789 2668 3839 a
2712 3769 2896 3841 Sole
2955 3768 3253 3860 absque
3315 3769 3625 3846 virtute

2076 3889 2346 3961 decisa
2389 3908 2434 3958 a
2478 3888 2664 3960 Sole
2706 3907 2892 3959 cum
2937 3905 3084 3957 suo
3136 3887 3439 3959 calore.

2168 4005 2615 4077 Secundum
2715 4004 3067 4077 istorum
3157 4003 3621 4095 opinionem

2075 4143 2237 4193 non
2309 4125 2784 4194 occurreret
2852 4141 3123 4201 causa,
3189 4140 3440 4211 quare
3509 4122 3624 4195 sic

2076 4240 2350 4331 aliqua
2417 4243 2924 4330 generantur
2974 4258 3020 4308 a
3075 4236 3350 4320 simili,
3417 4240 3624 4330 quod

2072 4356 2296 4427 nullo
2342 4354 2575 4426 modo
2611 4376 2708 4425 ex
2747 4353 3375 4446 putrefactione,
3419 4355 3547 4427 vel
3581 4377 3623 4428 e

2075 4471 2527 4551 contrario,
2575 4472 2776 4543 unde
2844 4469 3014 4543 haec
3051 4470 3350 4563 positio
3398 4477 3624 4547 stare

2073 4608 2234 4659 non
2279 4590 2573 4679 potest.
2611 4589 2947 4661 Certum
2980 4591 3106 4659 cst
3135 4589 3377 4670 enim,
3417 4590 3624 4680 quod

2075 4724 2350 4794 agcnS,
2423 4708 2504 4777 et
2583 4704 2982 4795 operatio,
3083 4708 3164 4777 et
3253 4710 3618 4796 operata,

2074 4842 2158 4893 se
2202 4820 2437 4893 habet
2475 4841 2617 4912 per
2661 4819 3048 4892 ordinem.
3087 4822 3316 4894 Nunc
3350 4826 3622 4896 autem

2071 4937 2300 5009 calor
2386 4956 2820 5027 generanS,
2893 4936 3455 5011 consideratus
3537 4942 3623 5012 ut

2069 5059 2196 5128 est
2279 5056 2602 5129 tantum
2671 5055 2929 5136 calor,
3011 5055 3448 5128 secundum
3512 5056 3620 5128 di-

2069 5191 2360 5244 versos
2414 5172 2712 5263 gradus
2767 5175 3141 5265 receptus
3186 5172 3265 5244 in
3317 5173 3621 5263 subjec-

2073 5292 2184 5370 to,
2269 5310 2431 5361 non
2511 5289 2877 5363 differret
2953 5289 3109 5360 nisi
3183 5291 3617 5362 secundum

2076 5407 2339 5497 magis
2393 5411 2472 5480 et
2517 5407 2832 5488 minus;
2888 5426 3087 5497 ergo
3131 5428 3274 5478 nec
3340 5427 3620 5499 opera-

2076 5523 2192 5596 tio
2239 5543 2407 5605 sua,
2454 5545 2598 5597 nec
2654 5529 2994 5618 operata
3049 5550 3063 5595 ε
3122 5524 3254 5595 scd
3297 5529 3617 5598 certum

2331 5641 2533 5730 quod
2605 5643 2942 5732 operata
3011 5659 3144 5711 seu
3227 5644 3617 5732 generata

3676 1107 3768 1158 An
3798 1104 3951 1156 calor
4041 1138 4046 1144 -

3656 1170 3725 1219 sit
3748 1167 3966 1231 prinoi-

3678 1232 3832 1295 pium
3858 1245 3951 1280 re-

3655 1309 3782 1346 rum
3805 1301 3976 1344 natu-

3670 1357 3897 1408 ralium.

3759 4034 3842 4088 32.
