4252 6393
617 407 737 471 652

1778 404 1879 466 DE
1924 403 2189 467 RERUM
2233 404 2618 470 PRINCIPIO

606 586 715 624 esse
775 570 1130 626 mensurari
1189 573 1472 639 tempore
1506 585 1518 622 ε
1553 571 1613 623 et
1672 582 1811 623 mox
1869 567 2161 637 proponit
2271 566 2418 638 ξυνῇ
2465 569 2893 643 Secundum
2951 573 3333 665 ppaedicta
3390 597 3560 648 aevo
3605 599 3828 650 men,
3897 594 4146 671 ostiaque·

612 668 862 726 modum
898 672 1226 739 utramque
1257 668 1619 737 opinionem
1659 664 2055 721 defendendi.

705 824 826 893 Ita
897 820 1101 911 quod
1168 840 1325 890 non
1403 819 1741 891 dicimus
1820 815 2154 909 proprie

606 943 979 1030 tempore
1024 937 1511 1017 mensurari,
1562 935 1717 1008 nisi
1771 934 1937 1015 illa,
1976 956 2152 1025 quae

608 1056 1039 1128 succedunt
1101 1056 1527 1128 secundum
1593 1057 1868 1146 partes
1914 1052 2152 1144 juxta

607 1173 1201 1246 successionem
1279 1171 1705 1263 temporiS,
1789 1168 2146 1261 partium

603 1295 684 1363 et
726 1294 1022 1369 motus,
1070 1310 1243 1380 qum
1280 1287 1785 1359 solummodo
1835 1307 1975 1379 per
2034 1307 2143 1367 se,

602 1405 974 1497 quamvis
1008 1426 1165 1476 non
1207 1405 1495 1497 primo,
1532 1404 1913 1476 dicuntur
1954 1407 2146 1475 tem-

604 1543 802 1616 pore
848 1520 1336 1591 mensurari.
1382 1519 1598 1590 Unde
1653 1537 1810 1588 non
1882 1516 2145 1588 50111111

605 1637 1077 1710 substantife
1124 1636 1624 1728 spirituales,
1661 1640 1741 1708 et
1792 1652 2148 1725 corpora

604 1755 986 1835 coelestia,
1074 1754 1204 1825 sed
1272 1754 1522 1825 etiam
1593 1778 1725 1821 esse
1810 1769 2147 1842 genera-

599 1871 910 1951 bilium,
1010 1875 1086 1941 et
1182 1866 1880 1960 corruptibilium,
1978 1866 2147 1936 sive

600 1989 705 2060 sit
778 1987 1260 2066 substantia,
1345 1984 1512 2057 sive
1595 1983 1699 2055 sit
1780 1984 2146 2055 accidens

599 2104 1042 2198 (quamviS,
1094 2107 1178 2174 ut
1219 2102 1406 2185 dixi,
1453 2101 1755 2173 nonita
1816 2100 2146 2193 proprie

599 2222 990 2301 accidens,
1077 2219 1286 2292 sicut
1375 2217 1877 2306 substantia)
1948 2216 2138 2289 talia

600 2338 1076 2429 inquantum
1111 2359 1243 2402 esse
1276 2355 1507 2405 suum
1546 2333 1837 2405 liabent
1873 2334 2140 2416 simul,

599 2479 737 2522 aevo
775 2453 1159 2525 (licuntur
1196 2449 1685 2523 mensurari.

688 2569 905 2640 Unde
975 2572 1055 2642 et
1102 2572 1439 2661 propter
1480 2569 1626 2639 hoc
1683 2567 1955 2640 dieunt
2004 2568 2143 2638 ali-

603 2687 763 2777 qui,
840 2686 1046 2776 quod
1105 2704 1365 2755 fevum
1408 2689 1532 2756 est
1573 2683 2007 2762 diversum,
2057 2686 2144 2754 ut

601 2807 1024 2875 mensurat
1068 2800 1566 2874 substantias
1639 2799 2137 2893 spirituales,

596 2923 673 2990 et
707 2939 1062 3012 corpora
1116 2919 1498 3000 ecclesiia,
1543 2923 1623 2992 et
1689 2943 1821 2986 esse
1866 2938 2142 2989 rerum

600 3032 1216 3123 generabilium,
1283 3035 1485 3125 quod
1557 3037 1828 3105 tamen
1875 3037 2138 3106 totum

593 3155 717 3222 est
753 3150 1020 3233 simul,
1084 3170 1176 3221 eo
1224 3150 1430 3241 quod
1479 3175 1611 3218 esse
1653 3149 2140 3223 substantia-

597 3288 776 3339 rum
814 3265 1370 3358 spiritualium
1406 3267 1589 3357 quia
1628 3287 1783 3337 non
1820 3265 2135 3346 liabent,

598 3391 683 3458 ut
722 3383 1020 3464 dicunt,
1061 3382 1409 3455 formam
1460 3383 1534 3454 in
1583 3383 1957 3464 materia,
2004 3385 2136 3455 ,vel

594 3503 885 3575 saltem
941 3500 1225 3571 nonin
1286 3501 1633 3571 materia
1693 3500 2134 3592 corporali,

597 3621 767 3692 ideo
850 3618 1117 3690 minus
1194 3618 1526 3689 tendunt
1616 3617 1707 3688 ad
1780 3643 1911 3685 non
1977 3644 2134 3699 esse,

595 3755 837 3827 quam
913 3754 1265 3826 corpora
1339 3734 1722 3807 eoelestia.
1799 3738 1896 3807 Et
1966 3735 2137 3807 ideo

593 3852 779 3943 quia
840 3871 999 3922 non
1061 3850 1350 3922 liabent
1420 3850 1771 3922 formam
1844 3852 1923 3923 in
2011 3874 2138 3945 po-

594 3967 849 4039 tentia
903 3967 1269 4039 materiae
1330 3968 1814 4058 corporaliS,
1874 3968 2137 4040 minus

590 4085 926 4157 tendunt
978 4083 1073 4155 ad
1115 4108 1249 4152 non
1299 4109 1452 4164 esse,
1503 4106 1741 4175 quam
1807 4105 2138 4176 genera-

587 4200 808 4273 bilia.
860 4204 957 4274 Et
1024 4201 1163 4272 illa
1226 4205 1311 4273 ut
1355 4201 1645 4273 liabent
1700 4206 1961 4276 totum
2006 4226 2139 4270 esse

592 4317 859 4399 simul,
930 4317 1195 4388 minus
1268 4318 1596 4390 tendunt
1639 4319 1729 4387 all
1782 4343 1913 4387 non
1973 4343 2130 4398 esse,

588 4455 826 4526 quam
864 4435 1140 4526 partes
1175 4433 1737 4516 accidentium,
1785 4456 1957 4526 quae
1996 4458 2139 4528 per

592 4555 903 4622 motum
974 4548 1537 4640 acquiruntur,
1610 4554 1684 4621 et
1771 4573 2138 4623 eorrum-

592 4672 918 4758 puntur.
972 4668 1067 4738 Et
1106 4669 1377 4757 partes
1422 4666 1710 4739 talium
1774 4670 2137 4742 acciden-

589 4783 817 4864 tium,
856 4804 1030 4874 quae
1075 4785 1531 4855 successive
1564 4785 2130 4877 acquiruntur,

585 4901 663 4970 et
727 4902 1400 4989 corrumpuntur,
1470 4901 1731 4989 magis
1804 4903 2135 4976 tendunt

584 5015 676 5086 ad
720 5038 851 5082 non.
912 5039 1066 5095 esse,
1129 5019 1212 5087 ut
1269 5020 1455 5088 sunt
1502 5024 1776 5109 partes
1836 5024 2129 5099 motus,

584 5153 757 5225 quse
802 5131 1043 5203 simul
1120 5154 1279 5204 non
1345 5138 1679 5225 possunt
1742 5156 1943 5216 esse,
2003 5138 2134 5209 sed

582 5249 963 5322 continue
1024 5250 1431 5330 oriuntur,
1502 5256 1579 5324 et
1635 5251 2125 5324 moriuntur.

584 5368 684 5440 Et
720 5365 890 5436 11100
937 5365 1124 5457 quia
1173 5371 1447 5457 partes
1490 5372 1757 5440 motus
1812 5391 2134 5462 semper

586 5482 916 5555 tondunt
1004 5483 1095 5552 ad
1185 5508 1315 5550 non
1402 5508 1557 5566 csse,
1644 5485 1814 5557 ideo
1908 5488 2130 5560 nullo

586 5599 818 5670 modo
897 5620 1065 5670 aevo
1150 5607 1758 5674 mensurantur.
1837 5607 1936 5677 Et
2019 5606 2134 5679 sic

557 5716 858 5801 dieunt,
940 5716 1143 5807 quod
1224 5721 1411 5793 sunt
1505 5721 1849 5812 quinque
1930 5725 2142 5803 modi

2245 1977 2659 2066 temporo,
2724 1981 2810 2049 ut
2870 1978 3169 2051 (lictum
3238 1985 3411 2053 est*
3460 1984 3586 2053 ‹lc'
3625 1997 3854 2057 esse’

2274 687 2581 765 sumta,
2614 686 2950 769 scilieet,
2991 690 3470 774 substantia,
3497 694 3812 785 Angeli,
3855 660 4017 708 ''²⁰¹¹''
4048 676 4162 710 ‘²¹²²'

2270 802 2473 881 coeli,
2529 828 2663 870 esse
2721 808 3185 899 corporalis
3235 809 3377 889 Pei,
3422 835 3554 878 esse
3609 812 3817 884 acci·

2267 918 2553 997 dentis,
2598 925 2681 993 ut
2713 928 2837 994 cst
2881 924 3150 996 simul.

2359 1038 2475 1107 Ex
2545 1039 2954 1129 praedictis
3029 1046 3272 1134 patet,
3357 1046 3559 1137 quod
3625 1068 3812 1120 cum

2268 1173 2652 1225 mensura
2719 1158 3092 1230 varietur
3161 1161 3591 1234 secundum
3681 1185 3815 1235 va·
3973 1180 4060 1229 28.

2271 1270 2706 1344 riationem
2785 1278 3262 1362 mensurati,
3329 1288 3802 1358 mensurata

2263 1394 2536 1461 autem
2573 1390 3049 1481 inquantum
3082 1395 3485 1469 durabilia
3526 1400 3592 1471 si
3624 1420 3810 1473 eon-

2265 1506 2730 1580 siderentur
2782 1513 3215 1584 secundum
3250 1539 3405 1596 esse,
3444 1519 3581 1587 aut
3630 1518 3808 1590 5010

2263 1643 2435 1693 aevo
2513 1632 3119 1709 mensurantur,
3179 1636 3263 1703 ut
3329 1634 3809 1708 substantiae

2267 1740 3233 1838 spi1·ituales‚ctcorpora
3265 1748 3807 1829 eoelestia,aut

2266 1857 2852 1946 quodammodo
2949 1882 3147 1943 aevo,
3216 1865 3801 1956 quodammodo

2268 2112 2544 2162 rerum
2580 2094 3194 2182 generabilium,
3233 2103 3312 2170 et
3339 2099 3808 2191 aliquorum

2264 2208 2828 2291 accidentium,
2905 2213 3110 2301 quod
3181 2217 3441 2287 totum
3521 2221 3644 2289 cst
3706 2217 3809 2290 si-

2265 2326 2454 2396 mul.
2496 2326 2576 2398 Si
2617 2348 2814 2398 vero
2865 2330 3485 2405 considerentur
3531 2354 3808 2405 secun-

2259 2442 2444 2513 dum
2482 2449 2818 2525 motum,
2854 2446 2981 2516 vel
3017 2447 3407 2529 actiones,
3446 2455 3585 2523 aut
3627 2452 3808 2524 solo

2263 2563 2630 2652 tempore
2676 2567 3281 2647 mensurantur,
3330 2571 3418 2639 ut
3450 2589 3808 2660 corpora

2259 2678 2645 2759 eoelestia,
2727 2684 2807 2752 et
2888 2681 3026 2752 illa
3111 2703 3287 2774 quae
3370 2690 3810 2759 moventur

2261 2800 2479 2867 motu
2557 2796 2820 2877 locali,
2895 2800 3020 2870 vel
3082 2802 3803 2891 augmentationis,

2258 2916 2397 2983 aut
2467 2912 2985 2986 alterationis
3040 2918 3474 2990 secundum
3545 2921 3809 3012 quali—

2259 3032 2469 3102 tates
2557 3033 3085 3119 generabiles,
3200 3040 3337 3107 aut
3431 3040 3808 3130 tempore

2257 3146 2635 3228 discreto,
2702 3149 2908 3221 sicut
2967 3149 3267 3224 (licitur
3307 3152 3398 3225 ‹le
3452 3154 3806 3229 motibus

2259 3263 2802 3345 affectionum,
2880 3271 2956 3338 et
3027 3270 3587 3359 cognitionum
3651 3275 3806 3344 An·

2258 3380 2651 3470 gelorum.
2749 3384 2928 3456 Ideo
3007 3387 3473 3478 accipiendo
3551 3403 3806 3478 tempus

2257 3500 2484 3587 large
2518 3499 2613 3570 ad
2653 3501 3155 3582 continuum,
3210 3507 3290 3577 et
3327 3503 3798 3586 discretum,

2257 3619 2479 3708 patet
2531 3617 2736 3707 quod
2797 3623 3373 3690 creaturarum
3435 3622 3799 3694 omnium

2254 3753 2413 3804 non
2486 3736 2671 3805 sunt
2715 3735 2867 3806 nisi
2920 3736 3072 3807 (1110
3127 3756 3427 3828 genera
3485 3758 3800 3809 mensu-

2260 3869 2564 3920 rarum.

2344 3968 2563 4049 Quod
2625 3968 2786 4042 sint
2838 3970 3101 4042 solum
3161 3971 3331 4042 duee
3396 3992 3798 4044 mensura?
3827 3999 3960 4047 nuo
3990 4001 4174 4050 aum-
4235 3993 4237 4052 ἶ

2257 4086 2715 4158 ostenditur
2794 4087 2908 4159 sic
2982 4114 2994 4156 :
3075 4089 3294 4161 Sicut
3395 4113 3477 4161 se
3560 4069 4237 4172 11111101ξιῖῗέἶῗῖιὲἷέἶι-Ι

2255 4217 2573 4304 tempus
2643 4215 2735 4284 ad
2783 4215 3292 4306 temporalia,
3361 4215 3474 4288 sic
3536 4200 4181 4320 3011111115ἴζὲζῖξζῖ.
4235 4259 4237 4290 :

2253 4338 2346 4410 ad
2381 4339 2808 4418 mitorum
2850 4340 3171 4411 sednon
3205 4344 3328 4413 est
3357 4342 3512 4414 nisi
3549 4363 3795 4414 unum
3933 4324 4040 4357 ω’
4235 4333 4237 4336 ’

2256 4472 2572 4559 tempus
2611 4467 3226 4558 temporalium:
3261 4488 3460 4559 ergo
3495 4490 3635 4540 nec
3672 4476 3798 4544 est

2253 4592 2408 4663 nisi
2491 4612 2731 4663 unum
2830 4614 3092 4664 {evum
3182 4593 3794 4668 {eviternorunr

2254 4723 2451 4788 Cum
2489 4717 2744 4806 igitur
2784 4741 3070 4801 aevum,
3126 4726 3207 4793 et
3265 4724 3583 4814 tempus
3636 4722 3802 4795 sint

2250 4842 2421 4914 duze
2499 4865 2897 4915 mensurae
2962 4846 3346 4926 omnium,
3405 4852 3485 4918 et
3563 4868 3802 4919 omne

2253 4973 2621 5040 creatum
2677 4971 2784 5044 sit
2846 4973 3031 5050 tale,
3087 4974 3211 5042 vel
3283 4974 3470 5053 tale,
3557 4980 3800 5047 erunt

2250 5098 2566 5167 tantum
2610 5095 2779 5166 ‹luae
2834 5116 3260 5167 mensurfe⁸

2341 5223 2569 5302 Item,
2611 5220 2819 5293 sicut
2862 5241 3037 5311 quae
3084 5228 3269 5296 sunt
3313 5223 3552 5295 simul
3589 5225 3798 5304 1000,

2251 5365 2409 5414 11011
2471 5344 2762 5416 halent
2824 5345 2983 5416 nisi
3033 5367 3274 5418 unum
3336 5349 3604 5424 10011111
3665 5374 3803 5425 nu·

2251 5492 2502 5549 mero,
2560 5469 2674 5541 sie
2763 5490 2937 5561 quae
3010 5479 3195 5547 sunt
3267 5477 3509 5550 simul
3603 5482 3805 5552 tem-

2251 5596 2606 5689 poreve-l
2651 5595 3273 5680 duratione,non
3308 5601 3600 5675 habent
3637 5606 3801 5682 nisi
3879 5633 3893 5641 ·

2263 5747 2508 5800 unum
2607 5730 2949 5818 tempus,
3023 5729 3192 5802 sive
3277 5732 3800 5809 durationem
