4252 6393
1743 422 2102 498 QUAEsTlo
2150 424 2336 485 xxm

398 582 518 652 est
549 578 630 650 in
671 601 800 662 eo;
845 600 1044 672 ergo
1078 586 1204 655 est
1245 586 1333 655 ut
1362 581 1721 655 divinum
1753 607 1887 651 esse
1920 612 1938 651 .-

397 698 525 769 sed
564 722 742 767 nunc
780 699 1274 774 aeternitatis
1318 707 1440 776 est
1491 701 1569 775 in
1621 702 1940 776 aeterni·

395 818 595 897 tate;
643 836 843 908 ergo
894 841 1071 887 nunc
1119 821 1614 895 aeternitatis
1674 828 1798 897 est
1871 821 1942 894 id

396 933 684 1025 ipsum,
734 935 940 1026 quod
980 960 1114 1004 esse
1155 937 1548 1022 divinum;
1615 939 1683 1012 si
1739 959 1937 1032 ergo

392 1074 567 1118 ιιιιηε
631 1050 1126 1127 aeternitatis
1186 1058 1310 1129 est
1372 1056 1577 1128 idem
1632 1079 1775 1150 per
1824 1081 1939 1131 es-

394 1166 768 1250 sentiam,
817 1171 1026 1261 quod
1067 1196 1241 1241 nunc
1297 1174 1448 1246 aevi
1502 1178 1583 1247 et
1637 1177 1938 1268 tempo-

397 1285 546 1368 ris;
583 1305 781 1379 ergo
816 1288 943 1360 eui
976 1292 1099 1362 est
1132 1291 1567 1364 essentiale
1590 1317 1766 1362 nunc
1788 1295 1935 1367 aevi

393 1406 472 1476 et
538 1404 960 1496 temporis,
1025 1404 1280 1478 eidem
1338 1411 1462 1481 est
1504 1410 1939 1483 essentiale

394 1544 569 1588 nunc
604 1521 1096 1594 aeternitatis
1141 1550 1156 1593 ε
1208 1524 1341 1596 sed
1380 1549 1555 1594 manc
1615 1527 1763 1599 aevi
1815 1533 1937 1601 est

392 1637 829 1710 essentiale
874 1638 1028 1731 ipsi
1068 1661 1267 1723 aev0,
1322 1665 1499 1710 nmw
1544 1645 1938 1737 temporis

397 1753 551 1845 ipsi
595 1758 951 1849 tempori
1006 1783 1019 1825 :
1073 1777 1272 1851 ergo
1312 1783 1489 1828 nunc
1529 1762 1940 1836 aeternita-

396 1872 500 1945 tis
559 1874 686 1947 est
750 1874 1185 1948 essentiale
1237 1881 1404 1951 tam
1446 1897 1647 1961 aevo,
1696 1900 1937 1971 quam

394 1989 783 2083 tempori;
832 1991 965 2063 sed
1004 2016 1180 2061 nunc
1234 1994 1728 2069 aeternitatis
1780 2017 1937 2069 non

394 2110 520 2180 est
585 2106 827 2190 aliud,
904 2127 1144 2199 quam
1212 2109 1567 2182 divinum
1640 2136 1795 2193 csse,
1860 2117 1938 2187 et

396 2225 568 2317 ipse
608 2227 824 2299 Deus
869 2253 882 2295 ε
930 2244 1130 2316 ergo
1173 2229 1387 2299 Deus
1428 2233 1553 2302 est
1584 2232 1937 2305 essentia

394 2343 571 2424 aevi,
618 2347 697 2417 et
741 2343 1164 2436 temporiS,
1212 2345 1416 2436 quod
1483 2352 1607 2420 est
1656 2354 1940 2440 aperte

397 2461 692 2533 salsum
757 2488 771 2531 ε
833 2482 993 2533 non
1053 2480 1252 2554 ergo
1309 2464 1469 2538 ista
1527 2490 1703 2536 nunc
1753 2474 1939 2543 sunt

397 2578 603 2652 idem
664 2579 742 2651 in
799 2580 1159 2653 essentia
1203 2607 1217 2650 :
1267 2586 1457 2656 tune
1509 2585 1722 2657 enim
1767 2611 1942 2655 nunc

394 2696 792 2791 temporis
834 2703 1049 2770 esset
1091 2698 1295 2770 idem
1332 2702 1693 2786 realiter,
1733 2706 1939 2796 quod

393 2817 634 2898 Deus,
709 2814 917 2889 sieut
985 2841 1163 2886 nunc
1253 2820 1746 2896 aeternitatis
1815 2829 1939 2897 est

394 2931 628 3013 idem,
667 2931 871 3023 quod
901 2934 1143 3006 Deus.

482 3048 759 3122 Tertia
806 3049 1024 3123 ratio
1067 3051 1426 3125 sumitur
1466 3075 1562 3125 ex
1597 3054 1805 3128 finiti
1846 3058 1938 3129 ad

397 3164 802 3239 infinitum
848 3167 1406 3260 proportione.
1472 3174 1629 3241 Esse
1686 3173 1940 3247 infini-

398 3288 573 3358 tum
608 3283 1087 3376 inquantum
1141 3286 1570 3370 infinitum,
1624 3295 1749 3365 est
1804 3293 1937 3364 im-

396 3401 1103 3493 proportionabile
1170 3403 1400 3478 finito
1462 3406 1940 3498 inquantum

395 3517 716 3591 linitum
786 3545 798 3587 :
877 3538 1401 3611 quaeeumque
1470 3527 1743 3597 autem
1812 3525 1941 3596 ha-

393 3634 583 3707 bent
646 3633 946 3725 aliquid
992 3635 1194 3707 idem
1246 3639 1681 3711 essentiale
1732 3662 1940 3713 eom-

395 3773 658 3834 mune,
716 3756 899 3825 sunt
952 3755 1418 3826 necessario
1480 3759 1943 3849 proportio-

394 3869 733 3952 nabilia.;
785 3890 981 3963 ergo
1026 3870 1529 3964 impossibile
1570 3879 1694 3948 est
1738 3878 1940 3967 quod

397 3985 832 4069 infinitum,
897 3991 976 4060 et
1045 3987 1363 4061 finitum
1436 3988 1722 4063 habeat
1803 3993 1941 4064 ali-

399 4102 580 4196 quid
616 4101 828 4173 aliud
861 4123 1287 4176 commune
1319 4105 1779 4190 essentiale,
1810 4109 1939 4180 sed

397 4219 820 4294 aeternitas
852 4219 942 4291 de
981 4219 1296 4292 ratione
1341 4241 1486 4292 sua
1528 4225 1652 4296 est
1689 4222 1939 4296 infini-

398 4344 506 4420 ta,
554 4337 742 4431 quia
782 4336 1008 4412 debet
1049 4359 1226 4408 esse
1278 4338 1672 4428 unigenea
1725 4361 1940 4412 men-

396 4458 716 4534 sura.to;
792 4474 1079 4533 aevum,
1141 4457 1219 4526 et
1281 4457 1596 4546 tempus
1665 4456 1937 4528 eadem

400 4571 718 4645 ratione
790 4574 978 4643 sunt
1048 4570 1277 4644 finita
1351 4571 1932 4655 essentialiter,

395 4688 604 4760 sieut
637 4684 899 4758 omnis
933 4690 1321 4759 ereatura
1359 4710 1372 4753 ε
1408 4705 1606 4778 ergo
1643 4687 1941 4780 impos-

394 4804 624 4876 sibile
656 4808 804 4884 est,
839 4804 1044 4894 quod
1078 4803 1368 4877 habeat
1404 4805 1706 4896 aliquid
1728 4826 1940 4879 eom·

398 4942 633 4994 mune
665 4920 1101 4994 essentiale
1137 4947 1148 4989 :
1191 4945 1365 4989 nunc
1395 4924 1666 4995 autem
1709 4929 1941 4997 aeter-

395 5038 678 5112 nitatis
730 5042 856 5112 est
896 5037 1336 5110 essentiale
1386 5044 1720 5122 aeterne,
1766 5066 1943 5111 nunc

395 5155 541 5227 :evi
574 5159 654 5229 et
699 5153 1119 5247 temporis,
1167 5175 1339 5226 aevo
1418 5161 1498 5228 et
1542 5159 1935 5250 te1npori;

395 5293 590 5364 ergo
627 5272 1128 5366 impossibile
1169 5277 1294 5346 est
1341 5274 1547 5364 quod
1593 5274 1939 5348 istarum

400 5389 501 5462 sit
548 5390 750 5462 idem
792 5414 969 5458 nunc
1011 5409 1156 5481 per
1187 5390 1653 5463 essentiam.
1706 5393 1941 5466 Simi-

397 5505 587 5579 liter
639 5506 886 5580 etIam
940 5530 1115 5576 nunc
1163 5507 1337 5590 aevi,
1402 5511 1480 5582 et
1544 5512 1941 5602 temporis

400 5628 1007 5719 eonsequuntur
1048 5645 1308 5697 aevum
1352 5630 1430 5698 et
1473 5630 1816 5720 tempus.
1863 5633 1939 5703 et

3492 420 3613 486 699

2056 604 2240 657 eum
2310 583 2389 655 in
2462 583 2660 676 ipsis
2739 582 3196 668 fundentur,
3267 604 3594 658 neeesse

2054 705 2213 785 est,
2291 703 2498 793 quod
2573 727 2750 771 nunc
2822 701 2974 776 aevi
3039 706 3119 778 et
3199 703 3595 795 temporis

2056 817 2150 889 ad
2204 817 2548 891 invicem
2592 817 2995 901 differant,
3060 818 3268 891 sieut
3326 817 3595 895 differt

2053 953 2316 1004 aevum
2349 955 2395 1007 a
2431 939 2797 1027 tempore
2833 959 2846 1003 :
2887 955 3062 1026 quae
3105 933 3419 1027 quidem
3459 933 3598 1007 dis-

2054 1050 2405 1128 serentia
2475 1054 2951 1146 aliqualiter
3019 1057 3241 1128 taeta
3315 1055 3439 1127 est
3516 1052 3597 1125 in

2055 1168 2321 1262 primo
2366 1171 2746 1244 articulo.

2392 1475 2856 1559 QUAESTIO
2955 1478 3264 1549 XXIII.

2060 1675 2294 1742 Utrum
2350 1677 2439 1742 sic
2499 1676 2673 1742 idem
2725 1680 2984 1745 instans
3023 1679 3096 1743 in
3135 1687 3267 1742 loeo
3308 1686 3596 1762 tempore

2141 1794 2498 1859 secundum
2528 1814 2690 1873 rem,
2737 1795 3072 1861 diversum
3105 1806 3325 1860 lamen
3360 1814 3593 1858 secun-

2142 1910 2297 1976 dum
2331 1932 2465 1976 esse
2487 1910 2519 1976 ἴ)

2051 2100 2184 2160 Vide
2212 2106 2461 2160 Doctoroe
2488 2104 2672 2161 citatos
2699 2111 2887 2173 quast.
2921 2109 3285 2176 antecedenti,
3317 2110 3372 2165 et
3403 2107 3597 2164 Henri-

2122 2190 2250 2231 cum
2285 2177 2481 2243 Quodl.
2516 2178 2567 2233 5.
2600 2196 2652 2246 q.
2690 2176 2777 2233 13.
2811 2184 2858 2232 ct
2890 2180 3084 2245 Quodl.
3117 2179 3170 2235 9.
3202 2196 3254 2247 q.
3289 2179 3340 2234 2.
3373 2179 3595 2250 Gregor.

2124 2251 2185 2301 in
2217 2248 2270 2304 2.
2302 2251 2430 2306 dist.
2470 2250 2517 2305 l.
2550 2256 2736 2319 qua’st.
2764 2253 2868 2305 ult.
2894 2249 3132 2306 Durand.
3158 2253 3286 2306 dist.
3319 2254 3373 2307 2.
3406 2258 3594 2320 quaest.

2128 2319 2178 2375 3.
2211 2322 2370 2376 Suar.
2397 2324 2458 2375 in
2481 2323 2714 2390 Melapli.
2748 2324 2890 2390 disp.
2925 2321 3012 2377 50.
3043 2328 3170 2378 secl.
3205 2322 3257 2377 5.
3292 2320 3424 2379 Vide
3445 2326 3591 2379 Doct.

2126 2393 2191 2446 in
2239 2391 2292 2448 2.
2335 2394 2465 2449 dist.
2498 2392 2548 2449 2.
2582 2400 2766 2462 quaest.
2800 2393 2848 2448 1.
2878 2400 2925 2447 οι
2957 2392 3009 2449 2.
3042 2399 3090 2447 et
3120 2396 3183 2448 de
3205 2397 3393 2462 primo
3419 2398 3597 2463 prin-

2124 2466 2230 2530 cip.
2262 2480 2308 2519 c.
2342 2464 2394 2520 3.
2431 2471 2477 2518 et
2509 2467 2572 2518 in
2608 2467 2882 2521 Theorem.
2924 2469 2980 2532 ἐ.
3032 2465 3306 2522 concessis
3353 2471 3598 2534 quatuor

2124 2536 2586 2593 conclusionibus.

2147 2714 2618 2805 Respondeo
2661 2713 2900 2804 (sieut
2942 2714 3135 2788 dicit
3183 2719 3596 2789 Commen-

2055 2833 2304 2913 tatmr,
2340 2855 2486 2921 cap.
2522 2834 2603 2901 de
2657 2834 2871 2901 Vacuo
2916 2846 3074 2901 texe.
3117 2856 3281 2902 eom.
3331 2836 3476 2923 57.)
3515 2833 3597 2906 in

2054 2946 2172 3017 eis
2207 2967 2552 3037 quorum
2589 2946 3024 3020 obscurum
3056 2953 3180 3021 est
3212 2973 3380 3031 esse,·
3414 2969 3601 3041 qua-

2055 3061 2126 3133 le
2190 3069 2312 3136 est
2372 3086 2504 3130 esse
2563 3064 2989 3155 temporis,
3056 3065 3465 3149 instanti&
3521 3071 3601 3141 et

2055 3178 2471 3263 similium,
2512 3201 2686 3271 quae
2721 3180 3114 3253 modicam
3151 3180 3443 3257 habent
3475 3205 3603 3256 en·

2058 3299 2410 3380 titatem,
2476 3299 2703 3391 prius
2748 3303 3078 3391 oportet
3148 3297 3345 3372 seiri
3417 3300 3601 3390 quid

2058 3417 2244 3497 sint,
2311 3435 2554 3507 quam
2623 3435 2722 3486 an
2792 3415 2979 3496 sint,
3052 3420 3132 3489 et
3201 3417 3599 3507 quomodo

2059 3537 2289 3607 sint?
2387 3535 2475 3604 In
2564 3533 3009 3624 quaestione
3097 3532 3354 3624 igitur
3440 3534 3600 3608 ista

2059 3651 2287 3744 prius
2335 3652 2830 3732 ostendetur,
2878 3650 3060 3742 quid
3112 3655 3425 3720 instantis
3466 3671 3598 3725 no-

2060 3766 2272 3838 mine
2319 3766 2837 3858 importetur.
2879 3766 3234 3839 Secundo
3270 3788 3601 3859 quomo-

2054 3882 2152 3955 do
2200 3883 2513 3955 instans
2555 3882 2649 3953 ad
2695 3885 3009 3974 tempus
3043 3888 3594 3977 comparetur.

2551 4190 2980 4248 ARTICULUS
3052 4195 3092 4249 1.

2179 4372 2580 4458 Assiynatur
2604 4373 2892 4459 propria
2923 4373 3098 4438 ratio
3137 4374 3475 4442 instantis.

2143 4566 2382 4640 Circa*
2407 4567 2762 4658 primum
2784 4570 2908 4641 est
2933 4567 3365 4653 sciendum,
3394 4573 3600 4662 quod

2056 4687 2312 4751 instans
2392 4682 2827 4756 Secundum
2916 4685 3267 4758 nominis
3350 4686 3598 4761 Patio-

2054 4820 2263 4881 nem,
2303 4803 2570 4892 potest
2604 4800 2757 4873 diei
2800 4802 3031 4893 quasi
3062 4827 3195 4872 non
3223 4818 3423 4888 stans,
3475 4806 3598 4878 vel

2018 4917 2287 5008 ‘quasi
2353 4921 2631 5000 instans,
2685 4917 2757 4988 id
2809 4921 2957 5000 est,
3021 4925 3593 5011 appropinquans.

2060 5036 2225 5106 Has
2279 5039 2549 5108 autem
2601 5034 2796 5106 duas
2853 5034 3236 5119 ratione&
3286 5038 3598 5112 seilicet

2055 5153 2396 5234 instanS,
2445 5151 2518 5223 id
2558 5154 2706 5232 est,
2751 5175 2884 5219 non
2913 5157 3174 5235 stantia,
3214 5155 3346 5226 Sed
3379 5159 3597 5228 tran-

2058 5268 2400 5349 seuntis;
2439 5273 2518 5342 et
2561 5268 2902 5350 iustam,
2943 5267 3014 5340 id
3054 5273 3202 5350 est,
3238 5277 3596 5360 appropin-

2055 5390 2343 5476 quantis,
2392 5385 2844 5458 invenimus
2896 5385 2974 5458 in
3026 5386 3324 5480 aliquo,
3390 5390 3596 5480 quod

2055 5509 2179 5578 est
2241 5504 2319 5576 in
2377 5510 2624 5578 motu.
2690 5508 2889 5579 Cum
2949 5505 3186 5588 enim,
3253 5510 3339 5581 ut
3392 5507 3645 5595 alias,

3673 5579 3837 5638 quaa-t
3872 5576 3942 5626 ¹8.

2055 5621 2357 5702 dietum
2408 5626 2530 5702 est
2579 5627 2623 5706 ‘,
2676 5626 2943 5703 motus
2986 5643 3146 5706 non
3193 5625 3299 5710 sit
3352 5627 3590 5713 aliud,
3652 5651 3792 5698 aum·
3827 5636 3903 5714 ts,
