4252 6393
523 2010 584 2062 10

621 4229 627 4236 ’
717 4234 874 4285 una
970 4234 1187 4306 pars,

745 432 874 514 ³180
1982 434 2137 509 Lm.
2193 449 2291 509 m.
2338 428 2878 509 Mai-[cononum

743 610 1248 704 Perspectivi
1321 629 1466 702 per
1540 610 2114 690 instrumenta,
2208 614 2289 684 et

736 730 963 819 patet
996 727 1092 797 ad
1132 725 1725 818 experientiam
1779 725 1856 796 in
1889 724 2286 817 exemplis

738 841 966 933 prius
1010 842 1432 931 allegatis;
1492 845 1572 914 et
1632 861 1673 910 e
1732 860 2132 912 converso
2174 839 2285 910 vi-

735 979 872 1029 sus
932 961 988 1024 E
1043 958 1259 1030 videt
1318 957 1636 1028 visibile
1710 960 1763 1024 C
1830 956 1908 1028 in
1956 959 2279 1048 punct0‚

735 1073 866 1144 ubi
918 1073 1340 1145 concurrit
1411 1072 1684 1144 radius
1764 1072 2118 1143 incidens
2178 1071 2283 1142 di-

735 1195 956 1263 recte
989 1209 1035 1261 a
1085 1190 1262 1261 visu
1298 1192 1357 1256 E
1398 1207 1583 1261 curn
1626 1186 2283 1281 perpendiculari

731 1309 789 1371 Β
838 1307 907 1372 Μ
967 1307 1244 1376 erecta
1304 1323 1350 1374 a
1403 1322 1490 1374 rc
1557 1303 1736 1374 visa
1797 1307 1872 1372 C.
1937 1306 2054 1374 Ex
2125 1322 2280 1394 quo

733 1420 1104 1513 sequitur
1150 1420 1356 1512 quod
1391 1424 1444 1487 C
1474 1424 1819 1512 apparet
1855 1419 2277 1500 remotius,

734 1557 974 1628 quam
1036 1537 1143 1610 sit
1196 1537 1277 1608 in
1346 1537 1464 1608 rei
1552 1537 1940 1618 veritate;
2024 1536 2156 1607 sed
2225 1539 2284 1603 E

737 1658 1084 1746 apparet
1159 1653 1372 1725 visui
1416 1653 1980 1746 propinquius,
2038 1672 2280 1743 quam

738 1770 807 1842 si
847 1770 1262 1844 videretur
1315 1790 1458 1862 per
1503 1790 1748 1841 unum
1803 1770 2067 1841 solum
2126 1790 2280 1842 me-

736 1886 980 1958 dium.

831 2004 1212 2084 Secundo,
1270 2002 1640 2094 sequitur
1693 2003 1898 2095 quod
1940 2004 2017 2074 in
2069 2003 2275 2084 loco,

736 2119 862 2190 vel
907 2119 988 2190 in
1030 2119 1192 2193 situ
1239 2120 1356 2191 rei
1389 2119 1610 2201 visa),
1664 2120 1788 2191 vel
1835 2120 1916 2191 in
1958 2141 2279 2213 percep-

737 2236 956 2309 tione
1025 2236 1230 2310 situs
1291 2237 1583 2310 accidit
1625 2238 1990 2330 deceptio
2045 2258 2279 2330 prop-

737 2357 865 2426 ter
931 2351 1444 2425 fractionem.
1510 2356 1769 2434 Patet,
1844 2353 2031 2443 quia
2093 2353 2279 2424 visi-

734 2468 892 2540 bile
949 2473 1008 2536 E
1062 2470 1385 2542 videtur
1437 2469 1514 2540 in
1578 2473 1902 2561 puncto,
1970 2470 2049 2541 in
2119 2489 2276 2560 quo

731 2605 891 2657 non
976 2585 1433 2667 videretur,
1528 2585 1595 2656 si
1694 2587 1957 2657 solum
2063 2589 2279 2657 esset

730 2720 980 2771 unum
1035 2690 1385 2772 medium
1436 2700 1870 2772 uniforme.

813 2816 1116 2898 Tertio,
1174 2817 1546 2909 sequitur
1599 2819 1805 2910 quod
1839 2838 1996 2899 reS,
2042 2817 2276 2910 cujus

726 2953 885 3005 una
929 2953 1122 3025 pars
1190 2937 1317 3006 est
1381 2933 1460 3004 in
1529 2953 1764 3025 aqua,
1824 2937 1903 3007 et
1971 2933 2135 3004 alia
2197 2934 2276 3005 in

721 3069 938 3130 aere,
977 3048 1402 3140 apparebit
1453 3047 1745 3130 fracta,
1794 3049 2011 3124 sicut
2048 3055 2274 3142 patet

723 3166 819 3238 ad
880 3186 1207 3239 sensum
1265 3167 1357 3239 de
1417 3166 1729 3238 baculo.
1794 3168 2058 3241 Causa
2119 3172 2268 3248 est,

726 3283 913 3374 quia
972 3303 1166 3375 pars
1219 3283 1580 3356 existens
1646 3284 1724 3355 in
1786 3304 1995 3375 aqua
2064 3285 2274 3356 vide-

725 3403 863 3472 tur
906 3398 1452 3493 propinquior
1490 3397 1704 3470 visui
1753 3399 2142 3473 existenti
2195 3399 2274 3472 in

723 3536 939 3598 aere,
1014 3537 1255 3607 quam
1318 3515 1423 3588 sit
1469 3515 1547 3587 in
1592 3517 1711 3588 rei
1755 3518 2130 3599 veritate,
2193 3522 2274 3591 et

721 3632 886 3705 alia
932 3653 1124 3726 pars
1184 3632 1545 3704 existens
1597 3633 1677 3704 in
1723 3654 1910 3705 aere
1951 3633 2275 3707 videtur

722 3750 803 3820 in
867 3749 1043 3822 loco
1108 3770 1289 3830 suo;
1368 3747 1622 3838 igitur
1691 3752 1955 3822 totum
2018 3748 2270 3822 conti-

716 3886 967 3936 nuum
1002 3886 1161 3936 non
1207 3869 1475 3956 potest
1518 3884 1923 3955 apparere
1963 3865 2270 3938 directe

715 3981 1224 4061 continuum,
1324 3981 1456 4052 sed
1544 3980 1946 4062 fractum;
2039 3981 2270 4052 verbi

715 4097 1012 4188 gratia,
1094 4097 1200 4169 sit
1285 4096 1617 4167 baculus
1715 4102 1768 4165 C
1869 4102 1951 4181 D,
2036 4097 2269 4190 cujus

1291 4215 1604 4288 scilicet
1685 4219 1738 4282 C
1816 4217 1888 4296 F,
1991 4215 2096 4288 sit
2191 4215 2270 4286 in

715 4350 928 4410 aere,
1010 4333 1090 4401 ct
1133 4329 1294 4400 alia
1364 4332 1423 4398 F
1461 4334 1520 4397 D
1570 4330 1676 4404 sit
1740 4330 1817 4401 in
1890 4350 2123 4422 aqua,
2182 4333 2263 4402 et

716 4448 821 4521 sit
902 4449 1372 4539 superficies
1433 4448 1790 4519 dividens
1848 4469 2126 4520 aerem
2170 4447 2269 4519 ab

714 4580 923 4651 aqua
956 4565 1006 4627 Α
1044 4563 1204 4640 FB,
1258 4561 1434 4632 dico
1482 4561 1688 4651 quod
1732 4561 2066 4632 baculus
2102 4581 2264 4632 non

710 4675 937 4747 debet
987 4695 1389 4767 apparere
1461 4675 1898 4747 secundum
1962 4676 2262 4748 lincam

716 4796 769 4859 C
818 4794 877 4857 D
917 4790 1128 4862 visui
1191 4793 1245 4859 G
1303 4790 1687 4864 existenti
1735 4791 1814 4862 in
1857 4813 2070 4872 aere,
2129 4792 2260 4862 sed

712 4909 1146 4980 secundum
1189 4906 1487 4978 lineam
1545 4907 1895 4981 fracta-m
1963 4911 2119 4974 CF
2175 4911 2254 4989 E,

709 5046 801 5096 eo
879 5025 1084 5116 quod
1167 5045 1311 5116 per
1383 5023 1732 5116 primam
1812 5024 2260 5097 conclusio-

706 5163 911 5222 nem,
1005 5139 1233 5220 radii,
1331 5140 1476 5210 sub
1563 5139 1847 5231 quibus
1934 5140 2258 5213 videtur

704 5277 900 5350 pars
966 5255 1328 5330 existens
1381 5255 1459 5325 in
1516 5276 1752 5347 aqua,
1785 5255 2253 5345 frangeren-

704 5380 840 5448 tur
905 5392 1194 5444 versus
1273 5371 1540 5443 visum
1621 5372 2091 5444 declinando
2156 5374 2254 5444 ab

702 5491 1020 5563 incessu
1089 5492 1341 5570 rect0,
1410 5488 1544 5559 sed
1603 5488 1669 5559 si
1735 5490 1958 5561 visus
2027 5495 2092 5557 ll
2145 5490 2252 5564 sit

703 5608 784 5681 in
844 5626 1077 5699 aqua,
1145 5608 1334 5678 tunc
1395 5625 1557 5676 non
1626 5604 2054 5697 apparebit
2121 5608 2248 5680 ba-

2400 605 2630 679 culus
2688 603 3121 676 secundum
3191 601 3488 672 lincam
3558 603 3617 667 D
3687 602 3761 680 C,
3810 592 3938 670 sed

2402 722 2837 794 secundum
2904 719 3203 791 lineam
3289 717 3827 791 declinantem
3893 736 3937 787 a

2398 836 3076 932 perpendiculari,
3124 856 3300 927 quae-
3343 838 3468 907 est
3501 838 3561 901 D
3592 836 3651 901 F
3681 836 3758 902 K.

2485 958 2820 1037 Quarto,
2888 952 3258 1044 sequitur
3336 951 3540 1042 quod
3596 949 3765 1022 sive
3832 948 3937 1020 vi·
4068 946 4107 995 ¹¹

2397 1094 2534 1143 sus
2582 1072 2688 1144 sit
2741 1070 2820 1142 in
2864 1090 3098 1161 aqua,
3138 1068 3307 1140 sive
3362 1068 3442 1139 in
3494 1086 3708 1147 aere,
3749 1085 3937 1158 pars

2392 1187 2658 1261 baculi
2744 1187 3104 1259 existens
3185 1185 3264 1256 in
3331 1205 3545 1264 aere,
3629 1181 3940 1255 scilicet

2394 1307 2456 1371 F
2516 1308 2568 1371 C
2634 1306 2980 1395 apparet
3069 1300 3394 1391 longior
3450 1319 3688 1391 quam
3745 1317 3939 1390 pars

2393 1421 2753 1494 existens
2789 1420 2867 1491 in
2902 1440 3135 1511 aqua,
3195 1418 3510 1491 scilicet
3545 1419 3706 1497 FD,
3751 1415 3938 1488 dato

2396 1537 2651 1611 adhuc
2696 1537 2903 1630 quod
2955 1542 3303 1628 utraque
3364 1555 3558 1628 pars
3620 1533 3725 1606 sit
3786 1553 3939 1604 mc-

2391 1656 2649 1727 dietas
2709 1653 3001 1725 baculi.
3070 1652 3503 1732 Probatur,
3578 1650 3763 1742 quia
3831 1649 3940 1720 vi-

2395 1773 2521 1843 sui
2587 1774 2641 1840 G
2708 1770 3091 1845 existenti
3183 1769 3263 1841 in
3340 1790 3530 1841 aere
3598 1771 3943 1860 apparet

2385 3634 2851 3703 extremum
2896 3635 2955 3698 D
2998 3631 3077 3703 in
3121 3631 3300 3707 loco
3362 3650 3820 3704 concursus
3856 3631 3949 3705 li-

2385 3767 2554 3818 neae
2635 3747 3425 3839 perpendiculariter
3504 3753 3803 3821 erectae
3901 3769 3950 3820 a

2389 3865 2687 3954 puncto
2732 3866 2811 3943 Ε,
2866 3883 3050 3934 cum
3102 3863 3313 3934 linea
3355 3863 3644 3936 directi
3685 3864 3949 3935 inces-

2386 3999 2547 4059 sus,
2611 3983 2690 4051 et
2751 3977 3295 4052 consimiliter
3334 3984 3801 4053 extremum
3862 3984 3944 4061 C,

2383 4095 2595 4169 sicut
2658 4099 2926 4187 potest
2990 4094 3281 4167 inferri
3347 4116 3487 4189 per
3549 4096 3946 4170 ultimam

2382 4211 3017 4292 conclusionem,
3047 4216 3127 4285 et
3155 4212 3420 4304 primo
3454 4213 3944 4286 corollario.

2472 4325 2800 4408 Quinto,
2859 4327 3229 4417 sequitur
3280 4329 3486 4419 quod
3544 4329 3947 4401 denarius

2377 4442 2603 4514 visus
2642 4444 2719 4515 in
2755 4443 2994 4515 fundo
3037 4465 3264 4535 aquae
3308 4446 3736 4536 apparebit
3773 4467 3949 4519 ma·

2370 4557 2534 4648 jor,
2603 4581 2843 4651 quam
2906 4561 3013 4633 sit
3083 4560 3161 4632 in
3234 4561 3351 4632 rei
3410 4562 3787 4644 veritate,
3864 4569 3955 4638 et

2378 4677 2626 4751 etiam
2692 4678 3234 4770 propinquior
3272 4678 3510 4758 visui,
3575 4679 3764 4752 dato
3814 4682 3955 4753 ad·

2377 4793 2533 4864 huc
2588 4793 2794 4883 quod
2852 4792 3650 4884 perpendiculariter
3694 4794 3953 4888 inspi-

2374 4912 2616 4983 citur.
2685 4910 3117 4992 Probatur,
3186 4910 3373 5001 quia
3434 4930 3592 4981 non
3656 4933 3957 4986 omnes

2376 5026 2580 5097 radii
2653 5030 2992 5118 possunt
3070 5048 3249 5098 esse
3329 5027 3961 5119 perpendicula·

2373 5162 2530 5222 res
2582 5140 2715 5212 sed
2773 5141 2864 5212 de
2906 5142 3395 5214 necessitate
3440 5141 3698 5234 aliqui
3741 5151 3957 5220 sunt

2372 5256 2702 5348 obliqui,
2743 5256 2876 5347 qui
2916 5277 3055 5347 per
3092 5257 3441 5349 primam
3477 5258 3956 5334 conclusio-

2368 5393 2549 5444 nem
2643 5372 3164 5462 frangentur,
3274 5371 3745 5446 declinando
3846 5378 3957 5449 ad

2373 5488 3171 5582 perpendiculare1n;
3240 5488 3495 5579 igitur
3556 5495 3744 5563 tunc
3812 5493 3954 5565 de-

2366 5607 2651 5681 narius
2684 5606 3092 5679 videbitur
3135 5604 3281 5677 sub
3334 5605 3639 5697 majori
3682 5627 3950 5702 angu-
