4252 6393
733 379 851 442 256

725 542 1142 615 valescens
1193 544 1276 616 in
1317 542 1669 617 humido.
1736 544 2068 634 Frigido
2130 566 2265 617 au-

721 660 888 731 tem
986 660 1599 733 convalescente
1704 661 1914 735 sicut
2029 661 2264 755 quasi

723 776 1118 851 extinctio
1214 778 1517 853 caloris
1605 779 1843 853 calidi
1931 781 2267 854 fortiter

720 894 940 967 vadit
981 895 1076 967 ad
1138 897 1726 970 extinctionem
1788 898 1913 970 sui
1979 900 2058 971 in
2126 896 2267 968 hu-

727 1009 963 1092 mido,
1018 1010 1133 1083 ita
1184 1013 1387 1102 quod
1434 1013 1836 1105 completa
1880 1014 2040 1087 ista
2075 1015 2266 1088 indi-

725 1128 1117 1217 gestione,
1165 1149 1491 1203 necesse
1558 1133 1680 1203 est
1748 1130 2098 1204 calidum
2151 1133 2269 1204 de·

725 1244 997 1328 ficere;
1069 1252 1147 1321 et
1229 1247 1380 1321 hoc
1413 1248 1814 1340 contingit
1888 1250 1969 1322 in
2026 1254 2268 1323 aetate

728 1362 1216 1445 senectutis,
1316 1366 1393 1435 et
1484 1364 1599 1434 sic
1686 1366 2057 1435 senectus
2145 1365 2268 1435 est

727 1480 958 1571 quasi
1005 1480 1338 1552 lucerna
1372 1484 1665 1571 parata
1709 1482 1803 1554 ad
1844 1481 2272 1554 extinctio-

724 1615 909 1667 nem
943 1616 990 1667 a
1021 1596 1295 1668 calore
1328 1598 1715 1680 naturali,
1756 1599 2077 1672 ratione
2113 1619 2270 1690 qua

724 1711 1132 1783 naturalis
1215 1714 1337 1784 est
1408 1714 1663 1797 calor,
1730 1715 1920 1806 quia
1998 1715 2268 1807 primo

723 1827 990 1900 fuerat
1045 1829 1493 1913 continens,
1539 1833 1616 1903 et
1662 1834 2041 1903 constare
2084 1830 2272 1905 faci-

725 1941 850 2022 lis,
886 1942 976 2015 fit
1007 1944 1490 2035 disgregans
1536 1946 1829 2019 ducens
1871 1967 1918 2018 a
1973 1946 2266 2029 forma,

722 2062 801 2131 et
855 2059 1119 2151 speeie
1170 2061 1824 2152 putrefactionis
1871 2067 1949 2136 et
1986 2063 2270 2156 incipit

724 2180 915 2249 tunc
967 2177 1426 2269 indigestio,
1483 2201 1657 2272 quae
1689 2182 1989 2254 dicitur
2029 2194 2272 2249 omotes

726 2298 1102 2389 opposita
1118 2302 1423 2391 pepansi,
1447 2303 1717 2372 tamen
1752 2299 1896 2370 sub
1922 2299 2266 2380 ratione,

728 2433 885 2503 qua
916 2415 1717 2497 innatu1·ale,ducens
1752 2436 1797 2487 a
1832 2418 2122 2509 speeie.
2172 2420 2272 2490 Et

730 2534 1164 2604 secundum
1226 2533 1433 2605 hunc
1479 2532 1844 2605 ordinem
1904 2534 1981 2606 in
2043 2554 2269 2625 gene-

729 2646 1052 2721 ratione
1111 2649 1469 2723 hominis
1539 2654 1726 2725 sunt
1806 2652 2036 2742 quasi
2100 2658 2270 2725 tres

726 2765 1249 2855 digestiones,
1306 2787 1652 2859 quarum
1708 2767 1977 2860 prima
2011 2793 2271 2859 pepan-

723 2885 839 2965 εἰς,
885 2887 965 2957 et
1000 2884 1378 2976 praecedit
1430 2909 1563 2954 esse
1627 2884 1744 2956 rei
1810 2884 1890 2956 in
1933 2904 2271 2974 genera-

725 2994 949 3077 tione
1011 3004 1160 3076 sui.
1228 3004 1586 3078 Secunda
1646 3008 1772 3078 est
1834 3004 1915 3076 in
2000 3004 2272 3097 prima

730 3126 972 3196 aetate
1026 3122 1171 3206 rei,
1247 3144 1419 3216 quae
1489 3122 1791 3195 dicitur
1848 3126 2159 3213 leepsesz'S,
2223 3144 2270 3195 a

726 3240 1001 3313 calore
1060 3239 1384 3330 vigente
1445 3239 1525 3312 in
1594 3238 1948 3312 humido.
1995 3239 2272 3313 Tertia

728 3358 809 3430 in
843 3358 1185 3429 secunda
1216 3361 1482 3439 aetate,
1539 3337 1712 3449 quoe
1764 3357 2067 3430 dicitur
2095 3370 2272 3445 opte-

720 3478 836 3557 εἰς,
902 3493 949 3545 a
1014 3475 1290 3546 calore
1339 3475 1665 3566 vigente
1737 3475 1816 3547 in
1878 3474 2117 3555 sicco,
2193 3476 2271 3545 et

721 3591 915 3661 tunc
959 3593 1410 3682 sequuntur
1440 3594 1614 3664 tres
1657 3589 2267 3680 indigestioneS‚

727 3705 1006 3779 ordine
1066 3709 1341 3779 tamen
1374 3705 1799 3780 contrario
1856 3705 2043 3796 quia
2088 3709 2273 3798 post

723 3825 1005 3911 optesin,
1045 3820 1418 3913 sequitur
1462 3819 1897 3911 indigestio
1945 3820 2097 3892 sibi
2146 3841 2272 3912 op-

723 3940 1020 4030 posita,
1069 3960 1241 4030 quae
1310 3940 1435 4009 est
1504 3941 1834 4018 scalensis,
1896 3957 1942 4008 a
1996 3937 2272 4009 calore

721 4055 1137 4129 deficiente
1197 4056 1279 4128 in
1322 4055 1537 4128 sicco
1606 4055 1908 4146 frigido
1977 4074 2271 4126 conva-

724 4171 1099 4253 lescente,
1145 4174 1222 4243 et
1257 4172 1408 4244 hoc
1461 4171 1542 4244 in
1582 4176 1824 4246 aetate
1867 4172 2156 4252 tertia3
2192 4175 2271 4243 et

726 4287 906 4359 inde
1004 4288 1377 4378 sequitur
1459 4292 1787 4376 molynsis
1894 4286 2273 4380 opposita

722 4410 953 4494 optesi,
993 4426 1039 4476 a
1071 4406 1349 4479 calore
1379 4405 1792 4478 deficiente
1830 4405 1910 4477 in
1944 4401 2270 4476 humido

729 4523 813 4595 in
857 4525 1154 4614 quarta
1194 4525 1464 4603 aetato,
1544 4522 1622 4594 in
1667 4543 1822 4613 qua
1865 4542 2010 4613 por
2070 4520 2273 4592 indi-

725 4631 1181 4720 gestionem
1225 4630 1795 4722 corrumpitur
1836 4630 2088 4709 calor,
2130 4627 2275 4699 sub

726 4768 882 4840 qua
941 4748 1355 4820 naturalis
1417 4747 1571 4819 sibi
1615 4745 2101 4818 conveniens
2158 4744 2272 4815 di-

723 4864 967 4947 citur,
1042 4867 1121 4937 et
1183 4864 1299 4935 sic
1370 4861 1815 4942 mutabilis,
1874 4861 1999 4932 vel
2075 4863 2268 4932 tunc

723 4981 1256 5074 corruptione
1292 4980 1409 5051 rei
1451 4981 1629 5071 post
1677 4978 2051 5049 ultimam
2093 4977 2272 5069 ejus

722 5103 1085 5180 aetatem;
1135 5097 1524 5170 similiter
1568 5094 1996 5183 indigestio
2036 5114 2273 5185 oppo-

725 5215 895 5288 sita
947 5220 1253 5306 pepansi,
1321 5235 1495 5304 quae
1557 5213 1858 5283 dicitur
1907 5225 2171 5292 omolcS,
2228 5230 2274 5281 a

724 5331 999 5404 calore
1043 5330 1435 5410 naturali,
1488 5329 1968 5419 inquantum
2023 5329 2274 5397 muta-

720 5450 863 5522 bili
931 5449 1284 5521 ‹lucendo
1335 5467 1507 5518 rem
1559 5445 1652 5516 ad
1705 5444 2028 5515 finalem
2092 5464 2273 5515 cor-

724 5573 1218 5666 ruptionem.

1892 374 2036 446 Llss.
2089 384 2193 446 lV.
2243 374 2786 451 METEORORUM

2467 551 2565 621 Et
2603 549 2681 623 in
2728 552 2906 642 pari
2975 572 3360 645 processu
3421 553 3903 646 distinguun-

2377 665 2515 735 tur
2558 670 2912 758 quatuor
2942 672 3253 751 {etates
3301 670 3677 745 videlicet
3727 693 3897 765 pue-

2381 779 2601 863 ritia,
2667 782 3081 874 juventus,
3179 790 3580 869 senectus,
3656 793 3733 861 et
3808 813 3908 864 se·

2380 896 2629 978 nium,
2680 921 3025 990 quarum
3063 903 3327 994 prima
3371 906 3493 975 est
3537 904 3791 978 calida
3835 913 3908 982 et

2380 1011 2732 1098 humida,
2800 1017 2880 1089 in
2954 1038 3109 1110 qua
3182 1020 3409 1108 viget
3474 1018 3816 1109 digestio
3869 1043 3911 1095 a

2382 1130 2656 1203 calore
2745 1132 2823 1204 in
2918 1133 3271 1217 humido,
3373 1153 3546 1228 quae
3625 1136 3914 1210 dicitur

2383 1250 2692 1336 hepsesis.

2476 1368 2832 1440 Secunda
2890 1369 3191 1442 dicitur
3232 1372 3490 1451 caLida
3532 1375 3610 1445 et
3683 1372 3910 1459 sicca,

2387 1481 2468 1554 in
2512 1503 2667 1572 qua
2732 1484 2953 1575 viget
3021 1487 3369 1578 digestio
3440 1508 3487 1560 a
3530 1489 3802 1563 calore
3846 1492 3917 1564 in

2387 1599 2628 1682 sic00,
2675 1623 2850 1692 quae
2881 1601 3181 1676 dicitur
3209 1610 3475 1695 optesis.

2473 1721 2750 1794 Tertia
2834 1722 3137 1797 dicitur
3211 1748 3389 1797 csse
3464 1725 3765 1816 frigida
3844 1728 3916 1799 et

2387 1836 2626 1919 sicca,
2702 1837 2782 1910 in
2858 1861 3014 1931 qua
3081 1841 3304 1931 viget
3383 1841 3818 1932 indigestio
3875 1862 3918 1913 a

2385 1956 2658 2027 calore
2699 1956 3113 2030 deficiente
3166 1958 3247 2030 in
3316 1958 3555 2039 sicco,
3629 1957 3918 2049 frigido

2385 2071 3023 2154 convalescente,
3064 2094 3236 2163 quae
3267 2073 3566 2146 dicitur
3594 2078 3919 2145 natea-51³8.

2474 2190 2786 2269 Quarta
2854 2185 3155 2276 frigida
3275 2192 3351 2261 et
3423 2187 3777 2270 humida,
3848 2188 3922 2260 in

2389 2324 2544 2395 qua
2589 2304 2810 2392 viget
2867 2302 3303 2394 indigestio
3345 2325 3392 2376 a
3442 2304 3705 2378 calido
3745 2306 3920 2379 defi-

2387 2420 2647 2493 ciente
2701 2418 2780 2492 in
2821 2418 3177 2503 humido,
3235 2442 3408 2512 quae
3448 2421 3754 2495 dicitur
3792 2446 3925 2491 mo-

2387 2540 2624 2625 lynse's,
2674 2537 2790 2609 sic
2841 2537 3313 2630 quodjuxta
3351 2539 3549 2611 duas
3594 2538 3922 2611 ultimas

2384 2654 2880 2745 digestiones
2950 2659 3386 2729 sumuntur
3446 2657 3764 2737 aetates,
3848 2658 3921 2727 ct

2387 2771 2501 2843 sic
2595 2792 2831 2864 penes
2931 2771 3282 2865 primam
3384 2772 3920 2862 digestionem

2386 2889 2608 2960 nulla
2700 2888 3265 2979 distinguitur,
3363 2910 3508 2961 neo
3567 2889 3923 2961 sumitur

2380 3009 2608 3076 aetas.
2665 3007 2763 3076 Et
2797 3005 3346 3078 consimiliter
3384 3005 3579 3078 dicit
3633 3003 3918 3094 imagi-

2387 3122 2733 3194 nandum
2774 3144 2952 3194 esse
2988 3123 3069 3195 in
3103 3122 3474 3195 omnibus
3509 3119 3923 3214 generatis

2390 3260 2532 3331 per
2570 3243 2979 3321 naturam,
3027 3240 3541 3322 animalibus,
3589 3237 3918 3333 plantis,

2389 3357 2946 3441 mineralibuS,
2984 3361 3063 3430 et
3099 3359 3468 3452 partibus
3514 3377 3832 3431 eorum.

2477 3477 2576 3546 Et
2611 3473 2781 3546 haec
2837 3477 3021 3547 sunt
3062 3475 3275 3547 dicta
3324 3477 3403 3547 in
3439 3473 3807 3565 generali
3834 3471 3921 3542 dc

2390 3590 2573 3662 istis
2634 3591 2896 3663 tribus
2968 3591 3383 3683 speciebus
3442 3589 3922 3680 digestionis

2389 3706 2657 3778 simul.
2714 3707 2861 3779 Sed
2939 3707 3020 3779 in
3088 3706 3421 3798 speciali
3497 3705 3588 3777 de
3659 3706 3924 3799 prima

2388 3824 2677 3915 specie,
2721 3822 3092 3894 videlicet
3130 3826 3439 3913 ρεραηεὶ,
3478 3844 3655 3915 quae
3699 3823 3929 3894 habet

2385 3939 2565 4011 fieri
2612 3939 2968 4032 proprie,
3004 3939 3130 4010 vel
3194 3940 3560 4022 mediate,
3626 3942 3707 4011 et
3743 3958 3927 4031 pro-

2391 4056 2566 4149 prie
2635 4056 3239 4148 multiplicatur
3290 4055 3369 4127 in
3410 4055 3790 4136 diversiS,
3852 4055 3928 4126 ct

2389 4173 2779 4248 similiter
2823 4173 3211 4253 mediatc;
3275 4172 3476 4243 unde
3512 4171 3580 4244 si
3616 4174 3932 4262 pepansis

2387 4291 2725 4384 proprie
2764 4291 2932 4373 fiat,
2998 4292 3136 4361 aut
3191 4289 3608 4380 igiturest
3639 4289 3931 4362 ducens

2388 4409 2482 4479 ad
2551 4407 2902 4479 sormam
2976 4405 3350 4488 animati,
3419 4407 3556 4477 aut
3625 4404 3723 4476 ad
3782 4404 3933 4476 for-

2391 4544 2606 4595 mam
2667 4522 3141 4605 inanimati;
3208 4521 3277 4595 si
3338 4522 3607 4615 primo
3675 4520 3929 4601 mod0,

2391 4639 2506 4711 sic
2566 4643 2691 4712 est
2756 4638 3104 4728 digestio
3168 4638 3505 4710 seminis
3568 4638 3652 4710 in
3705 4656 3933 4728 genc-

2394 4756 2713 4827 ratione
2785 4754 3107 4846 plantae,
3182 4757 3321 4826 aut
3376 4751 3931 4845 spermatisin

2388 4870 2924 4962 generatione
2982 4869 3342 4942 hominis
3379 4897 3394 4940 ε
3432 4875 3513 4944 et
3545 4868 3702 4942 lioc
3761 4872 3933 4942 tan-

2393 4987 2616 5076 gitur
2670 4985 2746 5057 in
2790 4986 3100 5067 littera,
3166 5005 3349 5056 cum
3381 4984 3690 5057 dicitur
3734 4981 3933 5076 quod

2383 5106 2700 5190 pelmnsis
2735 5106 3122 5191 completur,
3167 5125 3314 5170 cum
3353 5106 3423 5170 in
3476 5107 3711 5189 fructu
3748 5104 3932 5170 senti·

2388 5221 2537 5286 nali
2611 5222 2965 5287 valuerunt
3043 5222 3388 5308 perficere,
3465 5217 3780 5290 scilicet
3838 5234 3929 5287 ex

2392 5334 2683 5426 seipsis
2772 5355 2917 5427 per
2993 5333 3352 5406 calorem
3429 5333 3927 5423 digerentem

2386 5451 2673 5518 alterum
2714 5454 2868 5533 tale,
2934 5453 3126 5540 quale
3179 5453 3394 5538 ipsum
3442 5460 3558 5531 est,
3627 5446 3929 5520 scilicet

2390 5567 2595 5657 quod
2638 5586 2913 5639 semen
2947 5565 3317 5660 protulit,
3366 5569 3453 5638 ut
3490 5564 3582 5636 dc
3626 5561 3926 5635 semine

4019 593 4084 647 16.

3955 653 4148 710 Quacum·

3981 726 4138 771 oetates.

4037 3481 4104 3532 17.
