4252 6393
1770 422 2130 500 QUAES'rlo
2173 424 2309 487 Xlll

413 587 630 677 parte
694 585 1010 675 organi,
1083 605 1270 657 nam
1341 584 1802 659 intellectus
1856 583 1938 655 in

408 701 952 790 cognoscendo
994 702 1456 783 veritatem,
1518 700 1647 773 vel
1689 699 1936 773 ratio-

408 838 577 889 nem
669 818 1181 900 universalis,
1268 841 1428 892 non
1516 818 1938 912 cognoscit

407 952 574 1005 eam
610 933 690 1005 in
722 936 937 1027 pede,
977 955 1120 1008 nec
1158 935 1237 1007 in
1269 957 1493 1016 aure,
1543 937 1674 1008 sed
1709 936 1788 1008 in
1822 956 1931 1018 se,

404 1053 474 1122 ct
530 1071 677 1142 per
754 1073 836 1124 se
894 1053 1192 1145 absque
1258 1053 1938 1126 determinatione

407 1168 493 1241 ad
539 1167 864 1261 aliquod
909 1190 1307 1263 organum
1353 1198 1367 1240 :
1418 1171 1549 1243 sed
1589 1172 1775 1243 dum
1826 1170 1936 1240 in-

404 1284 694 1377 telligit
769 1310 904 1355 esse
985 1287 1305 1362 actuale
1381 1287 1936 1361 extrinsecum

405 1400 635 1493 hujus
699 1402 817 1475 rei
894 1403 1326 1484 sensibilis,
1400 1403 1938 1494 singulariter

404 1517 918 1593 contrahitur
950 1520 1043 1592 ad
1078 1540 1502 1612 organum,
1538 1540 1699 1592 non
1734 1520 1940 1614 quod

408 1637 684 1709 utatur
727 1655 1036 1729 organo
1082 1638 1294 1711 sicut
1326 1639 1594 1712 virtus
1644 1638 1932 1720 visiva,

406 1752 528 1824 sed
571 1773 732 1826 non
791 1755 1215 1845 cognoscit
1278 1754 1569 1848 ipsum,
1634 1755 1792 1827 nisi
1852 1760 1940 1829 ut

403 1873 520 1943 est
564 1869 710 1942 sub
769 1891 1036 1954 sensu,
1085 1893 1222 1943 seu
1299 1872 1376 1945 in
1448 1871 1623 1965 ipsa
1674 1891 1940 1944 sensa-

404 1985 643 2060 tione.
692 1987 913 2059 Unde
947 1988 1410 2061 intellectus
1453 2008 1937 2080 cognoscen-

403 2102 495 2174 do
574 2102 780 2176 hanc
868 2103 1457 2197 particularem
1542 2105 1941 2179 visionem

406 2217 640 2313 hujus
723 2219 1290 2312 singularizati
1358 2221 1544 2306 albi,
1608 2226 1698 2297 ut
1754 2226 1940 2298 actu

403 2339 546 2417 est,
602 2337 1024 2428 cognoscit
1082 2336 1233 2411 1100
1282 2339 1553 2411 album
1596 2339 1944 2431 singula-

406 2452 774 2536 rizatum,
807 2457 893 2527 ut
924 2459 1111 2529 actu
1131 2454 1361 2530 estin
1387 2477 1474 2529 re
1497 2460 1774 2530 extra:
1799 2477 1943 2528 nec

401 2568 664 2653 aliter,
700 2591 843 2642 nec
869 2569 1086 2652 alibi,
1115 2590 1355 2664 quam
1383 2572 1463 2644 in
1488 2572 1665 2666 ipsa
1702 2572 1944 2645 visio-

401 2703 517 2769 ne,
552 2685 675 2757 vel
731 2707 875 2778 per
915 2686 1175 2780 ipsam
1223 2686 1623 2761 visionem
1674 2693 1944 2781 potest

403 2800 859 2875 intellectus
893 2805 1375 2897 speculando
1419 2825 1939 2897 cognoscere,

403 2923 538 2993 aut
600 2920 811 2994 scire
878 2921 1084 2995 hanc
1157 2942 1330 2995 rem
1400 2921 1945 3015 significatam

404 3037 864 3110 sensibilem
896 3040 1082 3112 actu
1116 3059 1294 3113 esse
1320 3038 1400 3111 in
1435 3059 1522 3112 re
1544 3045 1810 3123 extra,
1859 3044 1947 3114 ut

409 3156 625 3246 patet
683 3153 765 3227 in
845 3154 1164 3247 ratione
1243 3156 1725 3249 praecedenti
1788 3182 1803 3227 :
1866 3159 1944 3230 et

407 3269 592 3362 quia
639 3272 849 3344 visio
898 3274 1022 3345 est
1064 3273 1146 3345 in
1208 3293 1520 3365 organo
1572 3275 1945 3348 determi-

408 3390 623 3469 nato,
696 3388 1155 3464 intellectus
1244 3391 1360 3462 sic
1444 3411 1945 3483 cognoscens

406 3523 563 3576 non
591 3505 750 3578 erit
780 3507 940 3579 nisi
974 3508 1057 3579 in
1087 3508 1238 3583 1100
1278 3507 1541 3581 001110.
1596 3511 1694 3582 Ε1
1740 3509 1944 3581 1(10111

407 3618 578 3694 (1100
674 3626 1049 3715 respectu
1139 3623 1503 3697 omnium
1589 3624 1943 3698 aliorum

411 3757 787 3811 sensuum
823 3741 1479 3834 particularium.

496 3856 638 3930 Est
704 3857 954 3931 etiam
996 3856 1164 3932 haec
1203 3858 1802 3941 determinatio,
1865 3862 1946 3933 et

412 3973 865 4047 contractio
949 3978 1321 4068 respectu
1410 3974 1942 4069 operationiS,

412 4087 590 4178 quia
655 4089 865 4163 sicut
928 4090 1145 4165 actio
1205 4090 1420 4166 Solis
1462 4090 1543 4163 in
1609 4111 1946 4184 genera-

411 4202 620 4276 tione
683 4203 1003 4282 fructus
1046 4227 1192 4301 per
1258 4207 1665 4283 actionem
1704 4208 1946 4301 huius

410 4321 723 4395 arboris
809 4323 1359 4408 contrahitur,
1446 4329 1527 4399 et
1594 4323 1948 4399 efficitur

414 4457 562 4511 una
600 4459 968 4523 numero,
1043 4441 1157 4513 sic
1216 4440 1433 4514 actio
1484 4439 1946 4517 intellectus

416 4557 773 4645 quamvis
808 4557 917 4631 sit
960 4555 1480 4640 universalis,
1529 4559 1615 4630 ut
1672 4559 1947 4633 tamen

416 4672 933 4765 conjungitur
965 4670 1270 4746 actioni
1303 4692 1614 4756 sensus,
1663 4679 1750 4748 ut
1793 4676 1949 4749 dic-

418 4791 578 4861 tum
640 4792 789 4871 est,
870 4789 952 4862 in
1022 4787 1410 4882 praedicta
1483 4791 1947 4882 cognitione

420 4903 949 4987 contrahitur,
985 4906 1064 4978 et
1098 4902 1454 4978 efficitur
1488 4925 1645 4978 una
1678 4928 1945 4982 nume-

426 5037 509 5091 ro
546 5041 724 5093 cum
773 5042 893 5103 ea,
930 5043 977 5094 a
1016 5041 1302 5093 sensus
1336 5021 1656 5097 actione
1713 5025 1943 5099 deno-

426 5135 739 5218 minata,
767 5141 856 5210 ut
912 5137 1173 5229 magis
1215 5137 1543 5213 dicatur
1583 5142 1944 5215 sensatio

425 5270 640 5341 quam
676 5252 1147 5336 intellectio,
1185 5256 1555 5348 quamvis
1584 5258 1940 5332 sensatio

429 5384 568 5438 non
616 5369 718 5442 sit
762 5375 993 5443 actus
1036 5372 1423 5464 proprius
1467 5372 1658 5447 talis
1695 5375 1942 5448 actio-

427 5485 1041 5579 niscompositae,
1065 5488 1198 5560 sed
1218 5492 1484 5582 potest
1504 5489 1661 5563 dici
1681 5493 1944 5583 cogni-

422 5603 524 5676 tio
582 5602 1107 5699 particularis
1145 5629 1157 5673 :
1204 5610 1283 5678 ct
1329 5610 1599 5680 tamen
1630 5614 1753 5683 est
1789 5631 1943 5683 una

3483 419 3602 486 50⁷

2049 583 2266 657 actio
2300 603 2584 655 sensus
2634 586 2712 656 et
2766 581 3222 656 intellectus
3277 583 3355 656 in
3398 604 3596 676 prae-

2048 699 2263 775 dicta
2350 699 2996 792 apprehensione
3089 700 3595 776 actualitatis

2048 818 2505 891 existentia}
2552 816 2696 900 rei,
2744 817 2933 909 quia
2989 817 3203 891 actio
3238 818 3597 893 intellec-

2046 939 2181 1008 tus
2214 933 2907 1027 circahujusmodi
2931 933 3452 1008 existentiam
3480 936 3600 1009 rei

2049 1051 2477 1134 actualem,
2516 1072 2675 1124 non
2703 1053 2972 1144 potest
3004 1071 3050 1122 a
3085 1071 3324 1122 sensu
3354 1050 3599 1143 parti-

2046 1167 2311 1240 culari
2334 1168 2732 1261 separari,
2778 1168 2988 1241 sicut
3007 1188 3152 1240 nec
3178 1165 3312 1271 Sol
3329 1169 3600 1260 potest

2049 1305 2448 1375 generare
2507 1306 2862 1380 pomum,
2945 1284 3104 1357 nisi
3156 1289 3243 1358 ut
3314 1282 3597 1359 unitur

2048 1402 2344 1477 virtuti
2376 1403 2614 1497 hujus
2665 1403 3015 1475 arboris.
3053 1405 3153 1475 Et
3188 1402 3400 1478 810111
3432 1423 3596 1476 008-

2052 1522 2284 1592 sante
2341 1521 2658 1594 actione
2718 1520 3042 1592 arboris
3094 1517 3320 1592 circa
3377 1518 3596 1592 fruc-

2051 1642 2250 1719 tum,
2308 1640 2590 1731 utpote
2660 1638 2847 1729 quia
2914 1638 3036 1709 est
3098 1635 3181 1708 in
3239 1636 3595 1710 termino

2055 1754 2661 1837 maturationis,
2697 1756 2788 1828 (10
2832 1753 2970 1828 1110
3011 1752 3282 1829 fructu
3327 1756 3596 1847 potest

2055 1871 2313 1946 multa
2345 1869 2616 1945 facere
2665 1871 2932 1946 virtus
2977 1870 3218 1953 Solis,
3274 1871 3370 1944 ad
3422 1890 3598 1962 quae

2053 2003 2216 2055 non
2254 2006 2337 2057 se
2396 1987 2873 2060 extendebat
2921 1986 3190 2060 virtus
3244 1985 3594 2067 arboris,

2054 2099 2246 2174 licet
2323 2103 2417 2175 ad
2498 2103 3176 2194 gubernationem
3278 2101 3597 2178 fructus

2054 2215 2305 2292 fuerit
2344 2219 2838 2308 necessaria,
2908 2221 3023 2294 sic
3064 2225 3435 2295 cessante
3468 2240 3599 2295 co-

2055 2334 2420 2426 gnitione
2453 2356 2736 2409 sensus
2779 2337 3002 2411 circa
3036 2337 3599 2412 actualitatem

2055 2451 2511 2526 existentiae
2567 2453 2684 2526 rei
2727 2453 3184 2548 superioris
3227 2453 3596 2546 signatae,

2056 2569 2153 2643 ad
2197 2589 2436 2661 quam
2472 2569 2934 2644 intellectus
2994 2589 3153 2643 non
3203 2568 3602 2661 pertinge-

2056 2689 2217 2770 bat,
2254 2687 2414 2760 nisi
2463 2689 2548 2759 ut
2592 2686 3074 2780 conjunctus
3117 2686 3414 2768 sensui,
3473 2706 3604 2778 po-

2058 2809 2219 2879 test
2266 2805 2358 2877 (10
2400 2803 2543 2876 illa
2586 2803 3046 2878 intellectus
3100 2802 3359 2877 multa
3399 2801 3607 2876 face-

2061 2943 2175 3008 re,
2240 2924 2545 3015 utpote,
2619 2919 3198 3013 componendo,
3262 2918 3604 2993 dividen-

2055 3039 2182 3121 do,
2241 3037 2821 3128 cognoscendo,
2877 3037 3108 3129 cujus
3153 3037 3260 3110 sit
3304 3035 3606 3129 quiddi-

2060 3155 2283 3237 tatis,
2322 3154 2552 3247 cujus
2587 3153 2938 3245 generis,
2976 3153 3207 3247 cujus
3242 3155 3606 3249 proprie·

2059 3272 2282 3346 tatis
2331 3275 2429 3345 Et
2466 3272 2625 3346 ista
2662 3273 2927 3364 potest
2961 3269 3232 3343 facere
3275 3291 3437 3344 non
3468 3273 3608 3345 ha-

2059 3389 2309 3462 bendo
2371 3387 2919 3480 cognitionem
2959 3387 3052 3459 de
3083 3387 3260 3480 eJus
3304 3389 3612 3463 actuali

2056 3505 2517 3588 existentia,
2558 3525 2731 3596 quae
2760 3504 3114 3578 cessavit
3147 3504 3227 3576 in
3261 3504 3613 3581 intellec-

2058 3625 2172 3704 tu,
2240 3640 2485 3714 quum
2538 3621 2888 3693 cessavit
2924 3620 3005 3691 in
3065 3641 3335 3708 sensu,
3398 3620 3612 3697 sicut

2060 3739 2552 3830 Solgenerat
2583 3737 3253 3821 vermeS,velalia
3284 3759 3384 3810 ex
3401 3736 3612 3812 fruc-

2056 3858 2145 3927 tu
2190 3857 2784 3928 consummato

2148 3976 2266 4045 Ex
2312 3993 2468 4065 quo
2505 3974 2752 4064 patet,
2789 3970 2999 4063 quod
3031 3969 3210 4063 ipsa
3240 3971 3607 4065 cognitio

2063 4089 2181 4163 rei
2218 4088 2622 4162 sensibilis
2685 4086 3214 4182 particularis
3256 4088 3609 4163 exterio·

2062 4207 2202 4289 ris,
2240 4210 2364 4281 est
2392 4205 2621 4279 radix
2657 4204 3015 4280 omnium
3049 4203 3611 4297 cognitionum

2056 4322 2670 4406 universalium,
2753 4325 2833 4397 et
2907 4342 3050 4415 per
3103 4341 3608 4414 consequens

2063 4440 2327 4513 omnis
2410 4438 2794 4520 scientiae,
2898 4438 3130 4514 modo
3228 4439 3607 4532 superius

2058 4556 2300 4629 dicto,

2152 4674 2400 4745 Forte
2462 4672 2600 4746 fiet
2659 4670 3079 4755 instantia,
3152 4671 3339 4766 quia
3399 4674 3607 4750 sicut
3754 4698 3868 4775 223.⁸

2061 4788 2278 4863 actio
2315 4809 2627 4872 sensus,
2664 4793 2742 4863 et
2779 4789 3243 4865 intellectus
3272 4795 3399 4866 est
3448 4812 3607 4865 una
3667 4762 3919 4828 ⁰b³⁶⁰“⁰'

2067 4925 2687 4999 numero;ergo,
2722 4907 2848 4980 vel
2883 4907 3096 4980 actio
3130 4906 3590 4984 intellectus

2057 5024 2219 5099 erit
2289 5024 2792 5118 organizata,
2854 5024 2981 5096 vel
3048 5023 3324 5097 eadem
3391 5025 3605 5101 actio

2056 5141 2216 5215 erit
2292 5141 2690 5233 organica
2783 5143 2863 5213 et
2941 5159 3102 5213 non
3180 5141 3600 5231 organica,

2060 5257 2248 5350 quia
2297 5259 2604 5330 sentire
2658 5259 2779 5328 est
2834 5275 2979 5348 per
3017 5273 3444 5346 organum.
3491 5256 3606 5330 Ad
3692 5297 3929 5350 solutio,

2058 5376 2262 5469 quod
2295 5379 2415 5448 est
2435 5374 2875 5454 dicendum,
2906 5392 3003 5464 qu
3018 5371 3109 5443 od
3134 5370 3348 5445 actio
3384 5372 3608 5446 intel·
3661 5362 3815 5413 A0‘2'0
3848 5361 3931 5410 in.

3663 5424 3900 5473 tellectus

2056 5492 2312 5566 lectus
2363 5492 2585 5565 circa
2635 5487 3037 5561 actualem
3079 5486 3595 5562 existentiam
3651 5486 3930 5614 §225²ng

2059 5610 2175 5681 rei
2221 5630 2367 5702 pro
2408 5611 2638 5681 tanto
2674 5608 2941 5698 potest
2986 5602 3141 5680 dici
3185 5603 3596 5701 organica,
3652 5612 3898 5679 fumica?
