4252 6393
99 1883 295 1993 maguti?
306 1882 355 1931 0.

88 2005 240 2055 Varioe
266 2021 360 2054 re-

79 2067 335 2117 solutions

78 2138 329 2180 amorum

76 2192 195 2240 eirca
218 2192 359 2242 hano

96 2256 326 2316 Μετίο-

136 2331 263 2367 nem.

140 2395 290 2446 uem.

93 2457 244 2520 quodi.
276 2461 327 2509 4.

74 2522 145 2568 ull.
161 2522 363 2573 nimuh.

78 2584 120 2629 in
142 2589 185 2631 ἵ.
220 2584 267 2632 d.
314 2588 357 2634 1.

79 2650 156 2694 πὶ
177 2648 220 2694 6.
240 2650 358 2715 (104.

1764 417 2123 496 QUAESTlo
2173 417 2247 479 vl

401 575 581 670 ipsa
651 577 923 650 forma
989 578 1399 652 naturalis
1459 599 1619 652 non
1681 578 1789 653 sit
1847 599 1946 650 ex

398 692 861 769 substantia
892 695 1285 778 materiae,
1329 715 1476 769 nec
1523 716 1625 769 ex
1673 696 1947 788 aliquo

397 809 975 893 materialiter,
1040 812 1474 885 secundum
1543 812 1864 905 aliquos
1926 837 1941 883 :

395 926 648 1020 primi
734 927 985 1002 etiam
1082 929 1435 1002 influxus
1527 928 1947 1021 agentium

392 1049 873 1119 creatorum
914 1066 1077 1120 non
1124 1047 1331 1122 fiunt
1375 1069 1476 1120 ex
1518 1047 1819 1140 aliquo,
1858 1051 1947 1120 ut

394 1159 920 1245 illuminatio,
984 1168 1064 1237 et
1123 1168 1357 1237 actus
1413 1163 1939 1256 intelligendi,

389 1282 474 1350 et
512 1277 835 1352 volendi
916 1284 998 1353 et
1048 1278 1276 1362 talia,
1357 1301 1457 1353 ex
1501 1280 1786 1373 quibus
1834 1281 1945 1355 vi-

386 1390 651 1474 detur,
712 1394 922 1486 quod
972 1399 1362 1468 creatura
1414 1396 1716 1487 aliquid
1771 1396 1944 1487 agit

387 1507 481 1582 de
525 1508 787 1584 nihilo
837 1535 852 1579 :
908 1513 1281 1604 quamvis
1329 1534 1490 1587 non
1534 1515 1943 1590 intendam

390 1646 602 1700 nunc
636 1627 862 1701 circa
903 1628 1073 1703 haec
1131 1631 1539 1714 insistere,
1591 1652 1687 1706 eo
1734 1632 1942 1724 quod

392 1740 664 1817 locum
706 1745 1005 1823 habent
1055 1747 1135 1820 in
1193 1751 1641 1841 quaestione
1682 1749 1773 1823 de
1818 1769 1940 1821 ra-

389 1859 751 1935 tionibus
821 1865 1347 1939 seminalibus
1407 1871 1462 1949 ‘;
1525 1867 1939 1940 sciendum

388 1980 688 2061 tamen,
727 1981 935 2073 quod
969 2002 1249 2055 omnes
1291 1984 1371 2056 in
1413 1983 1564 2057 hoc
1607 2004 1938 2057 concor-

384 2094 603 2178 dant,
687 2097 896 2188 quod
971 2104 1363 2173 creatura
1438 2121 1600 2173 non
1678 2101 1939 2196 possit

384 2231 565 2283 esse
644 2220 1004 2288 creator.
1081 2215 1228 2290 Sed
1296 2217 1551 2308 aliqui
1629 2223 1936 2310 ponunt

385 2325 933 2403 differentiam
994 2331 1212 2406 inter
1269 2333 1799 2414 creationem,
1854 2338 1935 2410 et

390 2443 663 2517 facere
730 2447 1033 2540 aliquid
1089 2450 1181 2522 de
1238 2449 1531 2533 nihilo;
1579 2470 1768 2523 nam
1826 2451 1934 2524 di-

389 2564 610 2640 cunt,
665 2563 872 2653 quod
924 2565 1015 2637 de
1076 2566 1397 2640 ratione
1454 2568 1928 2651 creationis,

389 2680 471 2749 et
505 2680 912 2752 creatoris
943 2685 1093 2762 est,
1133 2683 1339 2774 quod
1382 2688 1776 2775 quantum
1808 2688 1933 2760 est

385 2814 486 2865 ex
524 2800 758 2886 parte
802 2817 967 2869 suae
1010 2797 1375 2880 virtutis,
1429 2799 1631 2873 nihil
1682 2804 1931 2876 omni·

384 2931 490 2983 no
543 2916 1124 3008 praesupponit,
1179 2936 1323 2990 nec
1370 2919 1463 2991 de
1506 2940 1665 3011 quo
1706 2926 1924 3013 agat,

381 3047 530 3103 nec
566 3030 646 3102 in
679 3051 836 3122 quo
870 3037 1085 3125 agat,
1149 3039 1231 3109 et
1272 3036 1463 3110 talis
1494 3042 1619 3111 est
1659 3038 1927 3112 virtus

380 3146 874 3239 simpliciter
919 3148 1258 3226 infinita.
1311 3150 1532 3225 Unde
1582 3154 1796 3227 Deus
1846 3154 1927 3228 in

381 3264 766 3346 creando,
849 3271 1240 3357 quantum
1314 3272 1439 3342 est
1514 3289 1612 3341 ex
1690 3275 1925 3363 parte

380 3399 551 3460 sua,
617 3399 778 3452 non
848 3385 1407 3478 praesupponit
1475 3404 1631 3477 quo
1700 3391 1917 3478 agat,

376 3515 523 3568 nec
557 3496 639 3568 in
672 3518 829 3589 quo
862 3505 1079 3590 agat,
1143 3506 1222 3575 et
1265 3501 1334 3574 si
1368 3501 1546 3594 quis
1586 3504 1921 3579 effectus

378 3611 511 3694 sit,
574 3612 712 3705 qui
771 3633 820 3686 a
876 3617 1043 3688 Deo
1103 3617 1376 3690 creari
1424 3638 1587 3690 non
1631 3621 1914 3712 possit,

377 3745 537 3800 non
598 3731 1201 3823 praesupposito
1270 3734 1571 3827 aliquo,
1646 3742 1735 3812 ut
1794 3742 1918 3811 est

378 3847 678 3937 gratia,
741 3851 823 3921 et
882 3847 1209 3931 similia,
1275 3871 1453 3942 quae
1510 3872 1671 3925 non
1732 3861 1919 3933 sunt

374 3969 565 4057 apta
598 3968 792 4037 nata
840 3964 1219 4048 existere,
1272 3967 1430 4041 nisi
1485 3969 1562 4041 in
1614 3971 1912 4064 aliquo.

378 4081 547 4153 Hoc
580 4081 883 4168 dicunt,
927 4083 1134 4173 quod
1165 4089 1291 4159 est
1330 4106 1428 4157 ex
1470 4085 1918 4164 defectione

373 4197 747 4271 entitatis
797 4204 1115 4271 naturae
1174 4199 1294 4272 rei
1356 4205 1682 4284 creatae,
1756 4226 1916 4279 non

375 4320 646 4388 autem
707 4335 805 4386 ex
861 4316 1202 4397 defectu,
1246 4317 1373 4389 vel
1425 4318 1915 4394 limitatione

374 4429 709 4504 virtutis
754 4432 1139 4514 creantis,
1188 4454 1363 4526 quae
1414 4454 1599 4507 cum
1643 4437 1749 4511 sit
1804 4438 1913 4510 in-

376 4545 816 4639 dependens
894 4553 974 4622 et
1026 4549 1470 4633 illimitata,
1519 4572 1679 4624 non
1721 4554 1912 4629 indi-

378 4667 505 4752 get
535 4663 811 4756 aliquo
842 4666 1334 4748 extrinseco,
1373 4667 1504 4740 oui
1548 4690 1631 4742 se
1673 4690 1912 4764 appo-

377 4780 530 4856 diet
599 4781 680 4854 in
750 4783 1081 4871 agendo.
1165 4786 1570 4857 Creatura
1636 4793 1910 4860 autem

380 4896 660 4977 omnis,
696 4916 877 4968 cum
909 4897 1084 4990 ejus
1117 4899 1336 4973 actio
1372 4900 1479 4973 sit
1513 4902 1907 4985 accidens,

377 5017 450 5084 et
506 5014 683 5105 ejus
740 5013 1008 5088 virtus
1069 5015 1301 5089 finita
1357 5020 1438 5090 et
1523 5017 1905 5102 limitata,

376 5134 450 5202 et
490 5130 873 5223 procedat
912 5132 1011 5203 ab
1050 5137 1258 5214 ente,
1298 5133 1530 5226 cujus
1571 5157 1749 5209 osse
1789 5138 1909 5209 de·

381 5246 651 5335 pendet
702 5246 801 5318 ab
849 5247 1123 5338 aliquo
1176 5249 1672 5331 necessario,
1720 5252 1909 5325 indi-

382 5365 502 5448 get
558 5362 858 5454 aliquo,
907 5362 987 5435 in
1040 5383 1195 5454 quo
1247 5364 1423 5457 ejus
1477 5365 1693 5441 actio
1739 5388 1907 5440 sus-

382 5478 751 5559 tentetur,
800 5482 881 5551 et
925 5478 1056 5551 cui
1097 5482 1604 5573 appodietur,
1645 5489 1725 5558 ct
1776 5504 1906 5578 ap·

382 5590 746 5684 plicetur;
794 5595 987 5668 etin
1021 5593 1171 5671 hoo
1221 5597 1491 5672 differt
1531 5598 1780 5674 etiam
1826 5601 1906 5674 in

3523 408 3642 474 345

2063 577 2469 651 infinitum
2500 598 2547 649 a
2574 577 2884 651 virtute
2913 574 3062 649 Dei
3097 599 3112 643 ε
3146 592 3309 647 non
3338 575 3613 648 autem

2064 714 2390 787 semper
2440 694 2745 785 indiget
2801 694 2892 766 de
2953 712 3109 785 quo
3180 694 3399 783 agat,
3477 690 3613 762 sed

2063 810 2491 903 aliquando
2536 809 2840 901 indiget
2880 811 2971 884 de
3023 829 3180 902 quo
3232 812 3467 901 agat;
3530 810 3612 881 et

2061 928 2492 1020 aliquando
2557 927 2859 1019 indiget
2912 928 3004 1000 de
3057 946 3241 1019 quo,
3285 930 3368 1001 et
3416 928 3611 1017 agat

2062 1045 2142 1117 in
2204 1065 2384 1137 quo,
2434 1045 2567 1117 sed
2623 1064 2784 1117 non
2824 1044 2916 1117 de
2958 1063 3140 1137 quo,
3195 1047 3284 1119 ut
3330 1043 3608 1117 dicunt

2063 1162 2143 1234 in
2187 1160 2597 1254 praedictis
2630 1160 3052 1254 exemplis.
3092 1161 3193 1233 Et
3236 1160 3397 1234 isto
3447 1179 3609 1232 mo-

2057 1278 2156 1351 do
2209 1278 2484 1352 dicunt
2526 1278 2922 1353 virtutem
2972 1298 3151 1349 esse
3199 1276 3281 1349 in
3323 1279 3607 1350 Sacra-

2061 1395 2356 1467 mentis
2403 1399 2776 1488 respectu
2828 1393 3339 1475 characteris
3390 1393 3606 1466 indu-

2058 1512 2309 1585 cendi.
2367 1515 2464 1585 Et
2518 1512 2677 1585 isto
2743 1511 2974 1583 modo
3034 1509 3334 1592 dicunt,
3399 1510 3604 1602 quod

2058 1630 2597 1721 respondetur
2648 1629 2742 1701 ad
2785 1627 3344 1720 quaestionem,
3418 1625 3606 1719 quia

2055 1750 2443 1819 creatura
2475 1765 2635 1818 non
2672 1748 2941 1838 potest
2972 1742 3274 1836 aliquid
3320 1742 3603 1836 produ-

2055 1882 2241 1935 cere
2307 1864 2398 1935 de
2466 1861 2748 1943 nihilo,
2817 1861 3339 1954 intelligendo
3395 1862 3603 1953 quod

2054 1979 2257 2052 nihil
2307 2001 2404 2053 ex
2466 1986 2703 2075 parte
2748 2001 2893 2053 sua
2935 1980 3597 2073 praesupponant,

2053 2120 2199 2171 nec
2240 2100 2332 2171 de
2375 2120 2555 2191 quo,
2611 2119 2757 2170 nec
2821 2098 2901 2171 in
2961 2117 3144 2190 quo,
3211 2097 3416 2189 quod
3476 2099 3600 2169 est

2048 2235 2241 2288 vere
2272 2217 2364 2288 de
2396 2214 2650 2288 nihilo
2684 2213 2981 2296 facere,
3016 2218 3097 2288 et
3127 2217 3255 2287 est
3284 2232 3594 2285 creare.

2052 2332 2133 2407 Si
2177 2337 2448 2406 autem
2495 2333 2816 2406 dicatur
2855 2333 2946 2404 de
2986 2331 3244 2404 nihilo
3297 2330 3591 2412 facere,

2050 2449 2239 2544 quia
2304 2469 2468 2523 non
2532 2450 2625 2521 de
2693 2448 2991 2541 aliquo,
3066 2448 3434 2540 quamvis
3512 2446 3595 2520 in

2048 2566 2351 2659 aliquo,
2417 2565 2863 2639 concedunt
2916 2565 3123 2657 quod
3167 2564 3282 2637 sic
3325 2568 3594 2656 potest

2045 2683 2316 2755 facere
2348 2683 2439 2756 de
2471 2682 2753 2755 nihilo.
2798 2682 2912 2754 Ad
2946 2682 3095 2755 hoc
3128 2686 3399 2756 tamen
3432 2700 3593 2754 non

2044 2805 2171 2873 est
2221 2800 2690 2872 necessaria
2728 2800 2998 2872 virtus
3041 2797 3381 2879 infinita,
3444 2817 3589 2869 nec

2045 2916 2441 2999 increata,
2491 2920 2579 2990 ut
2627 2916 2817 2997 dixi,
2881 2936 3026 2989 nec
3087 2918 3379 2988 contra
3437 2913 3588 2987 hoc

2043 3034 2530 3108 concludunt
2568 3033 2970 3126 praedictae
3006 3032 3368 3108 rationes
3402 3054 3420 3101 ε
3457 3032 3591 3104 sed

2042 3152 2561 3234 concludunt,
2642 3151 2849 3244 quod
2925 3155 3312 3226 creatura
3389 3169 3588 3243 prae·

2042 3274 2448 3362 supponat
2492 3268 2949 3351 materiam,
3044 3287 3206 3341 non
3263 3277 3587 3361 semper

2037 3385 2128 3457 de
2191 3405 2371 3476 qua,
2444 3387 2576 3457 sed
2635 3385 2727 3457 de
2788 3403 2968 3477 qua,
3037 3388 3178 3458 aut
3242 3384 3323 3456 in
3383 3404 3580 3475 qua;

2035 3505 2118 3574 et
2189 3501 2562 3593 quaelibet
2631 3501 2980 3574 istarum
3041 3498 3582 3573 materiarum
3651 3537 3654 3540 -

2033 3618 2282 3690 etiam
2319 3617 2547 3712 ponit
2586 3617 2987 3691 finitatem
3029 3615 3108 3690 in
3149 3620 3464 3707 agente,
3500 3620 3581 3690 ct

2032 3734 2254 3809 tollit
2294 3736 2393 3807 ab
2440 3755 2534 3808 eo
2582 3735 2983 3809 rationem
3034 3753 3256 3827 purae
3306 3738 3577 3807 actua-

2027 3851 2318 3926 litatis.

2121 3968 2283 4041 Alii
2342 3971 2529 4042 sunt
2587 3968 2722 4061 qui
2779 3967 3080 4047 dicunt,
3129 3966 3333 4058 quod
3391 3983 3576 4037 cum

3735 3994 3816 4044 31.

2033 4084 2251 4158 inter
2290 4109 2426 4166 ens,
2474 4088 2554 4158 et
2593 4087 2771 4154 nina
2812 4084 2919 4158 sit
2967 4083 3360 4159 distantia
3410 4082 3576 4156 infi-
3602 4058 3920 4186 ,„},¹,?;²¹·33·‚,

2029 4202 2226 4282 nita,
2273 4206 2352 4275 ct
2388 4200 2849 4274 omnimoda
2884 4200 3459 4293 improportio,
3496 4204 3576 4274 et
3706 4190 3812 4238 ‘'¹⁸-

2030 4324 2374 4410 propter
2424 4318 2682 4393 dictas
2741 4317 3120 4410 superius
3183 4317 3572 4401 rationeS,

2029 4436 2251 4508 nulla
2311 4440 2700 4510 creatura
2760 4434 3034 4526 aliquo
3099 4433 3331 4507 modo
3402 4435 3576 4526 agit

2027 4552 2328 4645 aliquid
2357 4551 2449 4624 de
2491 4551 2769 4624 nihilo.

2116 4671 2229 4743 Ad
2274 4669 2491 4749 illud,
2549 4670 2754 4760 quod
2813 4668 3205 4762 objicitur
3262 4670 3352 4741 de
3415 4668 3572 4762 pri-

2029 4787 2183 4859 mis
2247 4785 2703 4866 influxibus,
2747 4785 3047 4867 dicunt,
3105 4785 3310 4878 quod
3349 4786 3572 4857 nulla

2026 4907 2416 4977 creatura
2448 4903 2619 4992 agit
2654 4902 3118 4976 immediate
3154 4923 3297 4996 per
3339 4921 3569 4974 suam

2028 5018 2596 5099 substantiam,
2693 5018 2881 5110 quia
2960 5017 3110 5090 hoc
3188 5022 3312 5091 est
3382 5037 3570 5111 pro-

2029 5135 2297 5227 prium
2329 5135 2476 5209 Dei
2515 5159 2528 5202 :
2569 5135 2702 5206 sed
2733 5135 2908 5226 agit
2955 5154 3100 5228 per
3142 5154 3371 5206 suam
3409 5134 3568 5206 vir-

2026 5257 2309 5333 tutem,
2355 5273 2530 5344 quae
2580 5256 2705 5325 est
2748 5253 2840 5323 de
2884 5271 3180 5343 genere
3213 5251 3567 5324 acciden-

2025 5367 2156 5438 tis.
2221 5367 2515 5439 Dicunt
2575 5366 2853 5458 igitur,
2901 5368 3107 5458 quod
3161 5366 3408 5459 primi
3458 5365 3568 5438 in-

2022 5484 2286 5556 fluxus
2347 5485 2549 5558 fiunt
2608 5505 2707 5557 ex
2749 5483 3270 5558 foecunditate
3313 5484 3565 5558 virtu·

2023 5601 2154 5683 tis,
2219 5622 2380 5675 non
2442 5621 2584 5694 per
2639 5600 3126 5678 decisionem
3194 5600 3456 5700 partis
3516 5619 3565 5673 a
