4252 6393
651 397 731 457 24
1839 397 1979 457 [ΑΒ.
2031 398 2072 457 Ι.
2122 391 2664 457 METEORORUM

319 571 617 645 circaquid
656 555 806 636 ria,
848 558 1285 628 secundum
1326 576 1564 647 quam
1610 561 1736 631 est
1781 557 2191 651 hujusmo-
2309 558 2711 646 reguntur
2746 571 2795 623 a
2826 567 3178 642 corpore
3210 543 3659 624 eoelesti,ut
3687 541 3839 613 dic-

299 641 612 684 ”ammm'
653 670 728 743 di
760 670 1146 745 variatio.
1184 673 1391 744 Nam
1425 693 1587 745 non
1624 672 1889 745 solum
1931 673 2022 747 fit
2061 692 2192 744 va·
2307 671 2483 741 tum
2542 663 2698 738 fuit
2763 662 3037 756 prius:
3088 660 3324 732 modo
3379 652 3841 750 hujusmodi

656 788 903 863 riatio
969 788 1443 881 opinionum
1502 789 1727 862 circa
1806 788 2194 864 scientias
2306 782 2811 857 variationes
2836 775 3843 874 opinionumsuntaliber-

656 904 1234 998 speculativas,
1302 906 1465 979 imo
1509 911 1588 981 et
1628 906 1852 980 circa
1895 905 2193 999 practi-
2309 905 2478 976 tate
2519 897 2973 974 voluntatis
3011 920 3027 979 ;
3080 915 3280 987 ergo
3341 914 3506 967 non
3558 912 3842 984 regun-

651 1042 816 1103 cas,
891 1022 1208 1097 scilicet
1265 1023 1513 1114 leges,
1586 1028 1667 1098 et
1700 1025 2056 1118 politias,
2113 1026 2196 1097 et
2310 1025 2448 1094 tur
2488 1039 2535 1091 a
2576 1018 2804 1099 coelo,
2851 1017 2933 1090 et
2967 1035 3113 1108 per
3153 1032 3657 1105 consequens
3698 1030 3842 1082 cae-

655 1138 1009 1211 maxime
1069 1140 1295 1212 circa
1357 1146 1581 1214 artes
1651 1141 2189 1225 mechanicaS,
2308 1130 2476 1210 lum
2516 1156 2679 1209 non
2727 1139 2852 1209 est
2902 1152 3151 1205 causa
3199 1128 3664 1223 hujusmodi
3713 1147 3842 1200 va·

653 1258 742 1329 ut
786 1259 1010 1347 patet
1044 1277 1189 1348 per
1227 1257 1846 1349 experientiam.
2309 1253 2781 1328 riationum.

783 1374 1145 1446 Secundo
1240 1375 1649 1446 sciendum
1734 1380 1885 1457 est,
1987 1377 2193 1469 quod
2395 1370 2511 1444 Ad
2552 1370 2626 1443 id
2686 1369 3249 1463 respondetur,
3314 1364 3522 1456 quod
3572 1374 4195 1454 quam-Responsio-

657 1490 1138 1581 quandoque
1175 1491 1449 1583 opinio
1493 1497 1865 1567 mutatur
1906 1492 1988 1565 in
2031 1493 2194 1586 opi·
2305 1491 2430 1562 vis
2471 1489 2856 1561 voluntas
2898 1505 3061 1559 non
3106 1488 3448 1576 regatur
3489 1500 3845 1574 acorpo·

656 1603 981 1677 nionem
1016 1608 1556 1690 contrariam,
1610 1613 1690 1683 et
1723 1610 2197 1702 quandoque
2310 1629 2399 1680 re
2431 1604 2742 1679 coelesti
2776 1604 2919 1686 sic,
2967 1610 3055 1678 ut
3083 1602 3474 1675 incitetur
3507 1599 3605 1672 ab
3638 1600 3841 1693 ipso,

660 1721 741 1792 in
782 1723 1189 1804 notitiam,
1251 1726 1330 1796 et
1362 1725 1838 1817 quandoque
1872 1726 1949 1796 in
1975 1727 2196 1818 igno·
2308 1727 2580 1798 tamen
2637 1722 2958 1812 regitur
3015 1739 3062 1790 a
3115 1739 3468 1811 corpore
3517 1716 3848 1801 ⁴coelesti

665 1838 1067 1919 rantiam;
1112 1844 1195 1913 et
1255 1838 1411 1912 hoc
1476 1841 1604 1912 vel
1647 1844 1853 1934 apud
1917 1864 2196 1917 omnes
2311 1839 2809 1919 inclinative,
2856 1858 2951 1909 eo
2997 1837 3207 1928 quod
3258 1835 3554 1928 recipit
3624 1834 3846 1907 incli-

669 1951 1041 2027 homines
1086 1957 1382 2038 mundi,
1444 1957 1571 2030 vel
1639 1960 1848 2051 apud
1918 1982 2199 2035 omnes
2310 1956 2687 2029 nationes
2747 1954 2841 2026 ad
2901 1953 3222 2045 aliquos
3282 1956 3515 2025 actus
3586 1951 3846 2042 magis

380 4513 601 4574 Opinio·-

313 4576 644 4624 numvaria-

316 4637 389 4683 te'o
415 4639 478 4699 fic
493 4652 646 4699 proe-

367 4700 521 4760 cipue
552 4714 590 4746 a

312 4774 531 4821 corpore
546 4775 650 4811 οω-

315 4823 451 4875 lasti.

344 5575 594 5667 objectio.

658 2070 899 2144 unius
962 2072 1352 2163 regionis,
1408 2075 1537 2147 vel
1597 2078 1806 2169 apud
1867 2078 2196 2161 multos,

656 2187 1149 2281 vel‘paucos

749 2306 1029 2377 Tertio
1100 2312 1226 2381 est
1268 2312 1705 2394 sciendum,
1754 2315 1962 2403 quod
1997 2335 2201 2406 quae-
2232 2398 2259 2426 ⁶

659 2421 840 2491 dam
887 2428 1073 2496 sunt
1106 2426 1530 2508 veritates,
1568 2429 1791 2501 circa
1843 2451 2042 2522 quas
2079 2454 2201 2505 so—

663 2536 830 2607 lum
875 2544 1219 2630 possunt
1259 2543 1524 2615 teneri
1558 2544 1730 2617 duae
1771 2547 1950 2626 viae,
1991 2548 2204 2624 sicut

664 2653 755 2724 de
791 2656 1342 2746 perpetuitate
1374 2659 1691 2732 animae.

753 2769 951 2841 Aliae
1023 2778 1209 2847 sunt
1249 2774 1670 2858 veritates,
1718 2779 1942 2852 circa
2004 2802 2204 2874 quas

662 2886 1070 2976 contingit
1106 2887 1406 2962 habere
1442 2891 1721 2983 plures
1752 2897 2199 2989 opiniones,

665 3004 939 3073 tamen
967 3000 1267 3085 finitas,
1309 3006 1521 3081 sicut
1564 3013 1789 3101 patet
1830 3012 1921 3083 de
1955 3034 2204 3105 quaes-

668 3116 1028 3190 tionibus
1063 3121 1344 3195 multis
1390 3123 1938 3220 Philosophiae
1975 3136 2202 3205 natu-

668 3235 895 3307 ralis.
946 3238 1182 3312 Patet
1224 3239 1504 3331 igitur,
1553 3265 1807 3335 quare
1872 3247 2204 3322 diversi-

671 3353 898 3425 mode
928 3353 1129 3429 fiunt
1156 3359 1653 3433 mutationes
1701 3363 2200 3455 opinionum,

666 3472 747 3542 et
794 3470 1022 3543 circa
1084 3494 1327 3566 quam
1382 3479 1841 3552 materiam.
1891 3484 1991 3557 Et
2051 3482 2203 3558 hoc

664 3587 756 3658 de
791 3587 1085 3678 primo,

1171 3921 1592 3980 ARTICULUS
1629 3925 1696 3979 11.

672 4107 765 4170 De
795 4126 994 4171 causa
1023 4107 1357 4192 efficiente
1388 4111 1461 4175 in
1486 4111 1855 4176 universali
1886 4116 2206 4180 variatio-

1153 4224 1263 4288 nis
1304 4226 1722 4311 opinion-um.

758 4418 871 4488 De
932 4417 1278 4490 secundo
1355 4418 1462 4492 sit
1539 4420 1958 4493 conclusio
2021 4423 2207 4505 ista,

676 4534 882 4624 quod
941 4528 1405 4627 huJusmodi
1481 4536 1841 4609 variatio
1906 4540 2212 4632 opinio-

679 4671 873 4722 num
949 4650 1039 4724 fit
1117 4652 1694 4745 principaliter
1754 4676 1800 4725 a
1859 4677 2214 4749 corpore

681 4761 1014 4848 coelesti,
1094 4771 1481 4860 tanquam
1525 4791 1571 4842 a
1613 4792 1861 4844 causa
1920 4778 2214 4864 agente

680 4883 1152 4955 universali.
1180 4883 1615 4965 Probatur,
1649 4886 1873 4978 quiat
1902 4892 2037 4962 ota
2062 4889 2215 4960 vir-

675 5005 809 5074 tus
880 5001 1150 5073 mundi
1219 5001 1641 5074 inferioris
1704 5004 2214 5095 gubernatur

669 5135 716 5185 a
743 5111 971 5194 coelo,
1020 5120 1109 5189 ut
1138 5115 1403 5208 patuit
1446 5137 1590 5208 per
1624 5139 1866 5190 unam
1890 5120 2211 5193 conclu-

671 5232 985 5304 sionem
1028 5232 1662 5325 praecedentem3
1709 5256 1908 5326 ergo
1970 5243 2050 5310 et
2094 5257 2210 5309 re-

671 5351 897 5442 gitur
929 5351 1028 5423 ab
1068 5371 1189 5432 eo,
1213 5357 1603 5442 quantum
1629 5352 1724 5422 ad
1744 5351 2209 5444 hujusmodi

665 5467 1214 5541 variationem
1279 5467 1777 5560 opinionum.

775 5593 1258 5665 Sedcontra,
1300 5588 1483 5678 quia
1516 5591 1745 5660 actus
1786 5584 2022 5657 liberi
2048 5605 2209 5657 non

2314 2092 2556 2166 quam
2614 2072 2711 2145 ad
2751 2071 3006 2153 alios;
3076 2075 3158 2145 et
3221 2070 3411 2161 quia
3477 2067 3849 2140 homines

2315 2187 2888 2268 communiter,
2934 2192 3014 2262 et
3059 2188 3139 2260 in
3203 2185 3599 2281 pluribus,
3671 2184 3850 2279 plus

2316 2307 2857 2398 insequuntur
2950 2326 3140 2377 suas
3252 2303 3847 2383 inclinationes,

2317 2439 2556 2512 quam
2585 2419 2751 2499 illa,
2789 2439 2961 2510 quae
2988 2418 3156 2490 suis
3192 2416 3851 2493 inclinationibus

2320 2542 2882 2630 opponuntur;
2928 2556 3129 2627 ergo
3177 2536 3700 2612 rationaliter
3721 2558 3850 2631 po-

2317 2658 2477 2729 test
2509 2655 2667 2729 dici
2701 2654 2908 2745 quod
2933 2659 3165 2728 actus
3187 2654 3424 2727 liberi
3457 2659 3854 2746 regantur

2316 2793 2364 2846 a
2395 2773 2622 2854 coelo,
2663 2773 2955 2846 saltem
3001 2771 3495 2847 inclinative.

2409 2890 2769 2965 Secundo
2827 2891 3212 2982 arguitur
3277 2891 3374 2962 ad
3405 2890 3853 2963 conclusio-

2319 3029 2528 3090 nem,
2568 3029 2715 3101 pcr
2756 3008 3276 3099 Astrologos‚
3353 3006 3488 3100 qui
3545 3011 3855 3101 ponunt

2302 3124 2527 3217 ‚quod
2591 3127 2952 3217 quaedam
2997 3144 3312 3216 magnae
3355 3123 3854 3218 conjunctio-

2317 3261 2459 3313 nes
2491 3245 2681 3334 ¹sunt
2740 3262 3006 3314 causae
3061 3241 3545 3333 inceptionis
3591 3245 3853 3315 Secta-

2321 3379 2529 3439 rum,
2569 3358 3114 3450 Religionum,
3152 3363 3233 3431 et
3257 3378 3727 3450 regnorum.
3756 3361 3857 3432 Et

2321 3475 2494 3548 ideo
2538 3477 2617 3547 in
2652 3476 2931 3556 terris,
3001 3497 3202 3568 quas
3270 3475 3680 3569 aspiciunt
3721 3474 3856 3546 hu-

2307 3593 2666 3684 jusmodi
2691 3593 3335 3687 conjunctiones,
3360 3597 3860 3685 generantur

2323 3710 2817 3802 prophetiae;
2853 3716 2933 3786 et
2965 3712 3059 3785 ad
3103 3710 3262 3785 ista
3282 3709 3655 3801 sequitur
3693 3710 3858 3784 des-

2321 3828 2631 3902 tructio
2666 3830 3205 3921 quarumdam
3227 3829 3728 3920 opinionum,
3779 3832 3860 3902 et

2322 3946 2901 4020 renovationes
2935 3946 3314 4019 aliarum.
3367 3949 3470 4019 Et
3536 3948 3861 4037 tempus

2319 4061 2777 4136 durationis
2856 4062 3322 4154 hujusmodi
3385 4061 3860 4155 opinionum

2318 4179 2927 4252 diversificatur
2972 4178 3406 4251 secundum
3462 4179 3860 4270 magnitu-

2319 4297 2610 4376 dinem,
2658 4301 2737 4370 ot
2799 4297 3296 4388 parvitatem
3356 4295 3862 4390 conjunctio-

2324 4434 2540 4492 num,
2572 4434 2618 4484 a
2661 4414 2949 4505 quibus
2994 4415 3488 4486 causabatur
3532 4413 3690 4486 ista
3731 4432 3863 4483 va-

2329 4529 2601 4602 riatio.
2661 4533 2762 4604 Et
2828 4530 3000 4602 ideo
3062 4530 3453 4603 concludo
3524 4530 3622 4602 ab
3680 4529 3859 4611 hoc,

2327 4648 2716 4740 possibile
2748 4652 2874 4721 est
2928 4649 3135 4739 quod
3197 4668 3511 4741 magnae
3557 4647 3864 4740 opinio-

2326 4785 2466 4838 nes
2499 4771 2895 4858 regantur
2940 4787 2986 4838 a
3022 4767 3338 4858 magnis
3364 4765 3866 4860 conjunctio-

2325 4883 2584 4964 nibus,
2638 4888 2718 4956 et
2763 4904 3034 4978 parvae
3103 4905 3151 4956 a
3221 4884 3521 4978 parvis.
3571 4887 3670 4958 Et
3711 4883 3865 4959 hoc

2324 5019 2476 5092 pro
2510 5003 2882 5074 secundo.
