4252 6393
415 3115 498 3166 23.

687 443 803 510 334
1858 450 1960 512 DE
2005 452 2270 516 RERUM
2314 452 2706 518 PRlNClPlO

680 604 1107 663 extensionem
1142 612 1479 673 mensurat,
1512 609 1676 666 sicut
1710 610 1855 665 ulna
1913 625 2217 681 pannum.

674 701 743 755 Et
771 705 827 767 §-
859 703 942 756 Aa
972 706 1221 770 tertium,
1253 702 1405 761 dicit
1434 706 1816 774 primitatem
1858 712 2056 764 motus
2094 725 2220 764 οω-

675 795 849 854 lestis
879 798 956 855 ad
995 800 1149 857 alios
1207 805 1407 858 motus
1465 817 1583 859 non
1642 819 1775 859 esse
1833 806 2217 874 primitatem

674 910 900 964 causae,
932 898 1034 954 vel
1066 899 1336 971 aliouJus
1389 917 1423 958 a
1446 918 1568 973 quo
1588 901 1982 974 dependeant
2003 919 2218 960 essen-

673 994 929 1063 tialiter,
970 998 1077 1054 sed
1124 1000 1551 1058 tantummodo
1597 1001 1919 1071 eujusdam
1972 1003 2216 1074 perfee-

671 1093 859 1150 tionis
889 1096 955 1152 in
986 1098 1305 1169 aliquibus
1327 1098 1785 1157 conditionibus
1812 1108 2031 1170 motuS,
2058 1106 2126 1159 ut
2152 1104 2214 1158 in

670 1190 1079 1259 regularitate
1110 1198 1170 1252 et
1199 1196 1547 1259 velocitate.

758 1371 975 1443 Tunc
1037 1390 1329 1462 argum
1377 1368 1458 1443 in
1502 1375 1851 1451 motibus
1901 1378 2213 1450 ordina-

669 1486 803 1568 tis,
877 1491 1202 1580 oportet
1246 1490 1439 1562 dare
1482 1491 1838 1583 primum
1924 1497 2002 1568 et
2069 1516 2213 1588 per

670 1626 778 1687 se,
827 1607 1030 1697 quod
1072 1612 1196 1680 est
1232 1628 1614 1680 mensura
1646 1610 2000 1683 aliorum
2048 1633 2209 1684 om-

665 1722 916 1805 nium,
956 1726 1041 1796 ut
1078 1725 1508 1800 dieiturlo.
1546 1732 1828 1817 Memplt.
1862 1743 2021 1798 text.
2050 1734 2204 1804 10¹4.

664 1842 795 1913 sed
837 1841 1060 1913 nulla
1110 1845 1454 1933 mutatio
1504 1849 1625 1918 est
1671 1847 2018 1919 mutatio
2065 1869 2210 1941 por

663 1979 772 2039 se,
820 1957 977 2029 nisi
1049 1958 1191 2031 illa
1271 1961 1353 2034 in
1395 1982 1549 2053 qua
1618 1966 1881 2035 totum
1952 1968 2074 2036 est
2114 1967 2207 2037 de

660 2072 948 2156 nihilo,
998 2079 1083 2147 ut
1131 2078 1484 2160 ostondi3
1543 2098 1744 2169 ergo
1788 2083 1926 2151 aut
1973 2102 2206 2173 opor-

659 2193 775 2264 tet
840 2192 1138 2275 dicere,
1222 2196 1427 2286 quod
1497 2217 1656 2267 non
1707 2200 1829 2269 est
1903 2204 2198 2283 metim,

657 2329 800 2381 nee
849 2311 1218 2392 mutatio,
1283 2333 1427 2385 nee
1489 2313 1761 2406 aliqua
1831 2318 2201 2409 operatio

657 2423 739 2495 in
768 2429 1104 2508 natura;
1154 2430 1293 2499 aut
1331 2433 1655 2520 oportet
1686 2431 1951 2504 dio-ero.
1996 2436 2200 2525 quod

655 2539 960 2632 aliquid
1018 2544 1109 2615 de
1177 2544 1432 2617 nihilo
1504 2549 2002 2639 producatur
2054 2579 2067 2621 :
2132 2553 2198 2624 si

654 2657 870 2732 enim
905 2678 1066 2729 non
1105 2663 1255 2742 est,
1293 2664 1432 2733 aut
1477 2663 1768 2736 saltem
1811 2687 1989 2737 esse
2040 2689 2198 2739 non

655 2777 951 2865 potest,
991 2777 1195 2866 quod
1243 2779 1365 2849 est
1420 2779 1768 2869 primum
1810 2783 2201 2875 simpliei-

653 2893 784 2963 ter
845 2891 925 2965 in
968 2911 1288 2982 genere,
1352 2915 1496 2967 neo
1546 2897 1866 2989 aliquod
1932 2908 2199 2994 poste-

658 3006 829 3078 rius
871 3029 1050 3080 esse
1086 3012 1384 3101 potest.

743 3123 1153 3201 Probatur
1185 3152 1200 3195 ;
1231 3125 1406 3199 Nisi
1433 3131 1779 3205 mutatio
1812 3137 1891 3206 et
1928 3138 2197 3210 motus

649 3241 1203 3314 terminentur
1285 3245 1379 3316 ad
1465 3247 1786 3339 aliquod
1864 3270 2190 3334 novum,

645 3358 870 3429 nulla
922 3360 1271 3433 mutatio
1313 3365 1434 3434 est
1488 3362 2013 3456 simpliciter:
2063 3370 2194 3440 sed

647 3472 714 3544 si
761 3475 1134 3558 materia,
1197 3477 1320 3548 vel
1365 3478 1666 3569 aliquid
1718 3480 1798 3552 in
1861 3486 2193 3575 produc-

645 3589 865 3662 tione
928 3589 1073 3672 rei‚
1148 3612 1471 3684 semper
1532 3616 2195 3690 praesupponere-

643 3707 805 3788 tur,
844 3706 1067 3780 nulla
1106 3731 1236 3782 res
1278 3715 1491 3783 esset
1528 3713 1901 3787 totaliter
1940 3738 2187 3801 nova;

642 3842 842 3914 ergo
875 3827 1100 3898 nulla
1132 3833 1346 3902 esset
1380 3829 1459 3901 in
1494 3836 1816 3917 natura,
1851 3837 1978 3908 vel
2012 3842 2192 3911 arto

646 3943 1021 4025 mutatio,
1109 3946 1315 4035 quod
1392 3948 1487 4019 ad
1558 3970 1885 4022 sensum
1964 3958 2189 4046 patet

640 4075 819 4128 esse
853 4056 1178 4131 falsum.

1070 4386 1526 4468 QUAESTIO
1622 4393 1756 4462 Vl.

650 4580 885 4648 Utrum
951 4597 1258 4653 creatura
1310 4591 1518 4677 possit
1574 4591 1840 4679 aliquid
1903 4616 2125 4661 creare
2152 4597 2185 4662 P

634 4774 883 4847 Magister
916 4779 981 4832 in
1020 4779 1049 4834 4
1082 4783 1206 4838 dist.
1242 4784 1292 4838 5.
1323 4800 1439 4853 cap.
1487 4787 1706 4843 ultimo,
1748 4788 1921 4846 Alens.
1955 4793 2007 4846 2.
2038 4806 2185 4859 part.

709 4854 896 4916 quaest.
931 4847 980 4906 6.
1012 4867 1171 4909 mem.
1204 4853 1256 4911 2.
1289 4861 1402 4914 art.
1427 4856 1480 4914 4.
1504 4857 1669 4912 Divus
1700 4863 2093 4919 Bonaventura.
2126 4867 2180 4920 2.

707 4922 841 4977 dist.
902 4923 949 4978 1.
1005 4929 1117 4981 art.
1174 4929 1228 4982 2.
1286 4934 1469 4994 quaest.
1530 4933 1576 4986 1.
1640 4931 1926 4987 Durandus
1958 4936 2181 5003 ibidem,

707 4999 891 5058 quaese.
946 4993 996 5051 4.
1049 4996 1214 5052 Divus
1264 4997 1492 5055 Thomas
1552 5004 1601 5058 1.
1632 5013 1782 5070 parc.
1840 5011 2027 5071 quaest.
2092 5008 2178 5062 45.

708 5069 822 5121 art.
880 5066 930 5121 5.
968 5072 1019 5122 et
1050 5067 1099 5124 4.
1127 5071 1253 5123 dist.
1289 5069 1339 5126 5.
1368 5078 1552 5139 qut-est.
1604 5074 1650 5129 l.
1698 5081 1807 5130 art.
1849 5077 1900 5131 3.
1942 5076 2184 5147 AEgidius

703 5140 897 5203 quodl.
929 5140 981 5194 5.
1013 5146 1198 5208 quaest.
1243 5140 1293 5198 1.
1332 5142 1633 5199 Richardus
1662 5152 1775 5204 art.
1812 5147 1862 5204 1.
1902 5154 2090 5215 quast.
2125 5151 2177 5205 4.

703 5207 961 5265 Henricus
1006 5227 1223 5265 summa
1282 5220 1392 5269 art.
1448 5217 1538 5270 25.
1589 5231 1638 5283 q.
1677 5216 1726 5272 6.
1782 5224 1831 5272 et
1888 5222 2076 5286 quedl.
2129 5223 2180 5275 4.

702 5283 997 5347 questione
1028 5286 1251 5340 ultima.
1314 5288 1551 5357 vasquez
1604 5290 1665 5340 in
1719 5291 1763 5344 1.
1799 5296 1947 5356 part.
1978 5293 2176 5360 dispu-

702 5356 802 5407 tat.
839 5354 940 5408 175
967 5359 1014 5407 et
1050 5355 1169 5412 176.
1202 5372 1322 5424 cap.
1361 5359 1410 5413 1.
1445 5357 1752 5430 Cajetanus‚
1786 5362 2018 5430 Bannes,
2056 5362 2179 5416 Va-

702 5421 879 5489 lentia,
914 5425 988 5478 ad
1036 5429 1216 5481 locum
1262 5430 1499 5483 citatum
1543 5432 1673 5484 Dim·
1723 5433 1947 5488 Tltomoe.
1990 5437 2179 5490 Doctor

696 5508 823 5548 oum
850 5493 958 5550 suis
982 5500 1043 5549 in
1074 5496 1126 5554 4.
1177 5500 1423 5557 distinct.
1461 5500 1508 5556 1.
1541 5508 1729 5569 quoest.
1776 5504 1824 5559 1.
1858 5507 1919 5558 in
1963 5506 2175 5573 lteport.

698 5567 929 5621 ibidem.
986 5567 1117 5624 Vide
1159 5569 1331 5641 ipsum
1379 5571 1431 5628 7.
1492 5573 1845 5643 Metaphysie.
1897 5583 2080 5644 quest.
2125 5581 2177 5632 2.

620 5699 628 5702 „
698 5634 752 5696 8.
785 5635 839 5695 9.
872 5637 939 5704 10
968 5647 1016 5694 et
1044 5642 1095 5697 9.
1124 5643 1489 5713 Metaphysic.
1520 5651 1708 5722 quest.
1744 5649 1827 5706 11,
1855 5651 1919 5702 in
1938 5651 2176 5704 solutio-

2405 631 2469 669 ne
2499 619 2744 744 scottiae-ii·
2772 622 3064 694 principii,
3104 629 3153 678 et
3202 627 3264 680 in
3303 625 3561 685 theon-em.
3595 634 3648 696 §-
3677 631 3872 689 ereans

2401 702 2508 743 non
2535 704 2590 744 ω
2640 706 2765 747 nlsi.

2419 866 2660 940 Circa
2748 869 2992 945 istam
3074 876 3632 965 quaestionem,
3717 883 3876 955 tria

2331 987 2516 1056 sunt
2553 987 3060 1061 ostendenda.
3095 993 3397 1076 Primo,
3427 998 3632 1086 quod
3659 1020 3874 1073 erea—

2330 1103 2519 1172 tura
2578 1123 2865 1176 ereare
2923 1127 3083 1179 non
3128 1114 3422 1201 potest.
3488 1117 3869 1199 Secundo,

2329 1217 2535 1306 quod
2595 1238 2738 1291 nee
2808 1225 3405 1300 communicari
3472 1228 3545 1301 ei
3608 1236 3874 1323 potest

2327 1332 2505 1406 hoe.
2575 1337 2875 1420 Tertio,
2952 1343 3156 1432 quod
3225 1365 3370 1417 nee
3439 1352 3874 1440 cooperari

2326 1450 2494 1522 Deo
2527 1456 2823 1543 potest.

2847 1770 3272 1830 ARTICULUS
3302 1777 3344 1830 1.

2326 1944 2712 2012 ostenditur
2769 1960 3146 2018 creaturam
3183 1975 3320 2021 non
3365 1977 3554 2042 posse
3609 1982 3865 2028 creare.

2409 2137 2647 2211 Circa
2715 2139 3072 2230 primum
3148 2144 3582 2230 sciendum,
3658 2152 3865 2241 quod

2319 2256 2686 2344 quamvis
2747 2258 3179 2341 Avieenna‚
3226 2261 3748 2347 Themistius,
3787 2272 3865 2341 et

2316 2370 2887 2462 Alpllarabius,
2913 2380 2992 2450 et
3015 2376 3335 2468 quidam
3377 2380 3517 2453 alii
3557 2383 3862 2456 Intelli-

2315 2487 2632 2575 gontias
2661 2497 3107 2581 posuerunt
3141 2495 3615 2579 creatrieOS,
3665 2499 3861 2571 utin

2316 2603 2799 2692 praecedenti
2854 2607 3117 2698 patuit
3173 2610 3645 2699 quaestione,
3732 2615 3863 2686 du-

2315 2717 2504 2808 plici
2541 2723 2813 2792 tamen
2843 2722 3001 2805 via,
3048 2725 3558 2801 auctoritate
3608 2734 3689 2802 et
3736 2752 3859 2802 ra·
3924 2751 4164 2800 creatura

3894 2812 4036 2861 mella
4050 2828 4148 2860 crea

2314 2834 2669 2907 tionibus
2724 2839 3034 2912 ostendi
3091 2845 3361 2934 potest
3416 2844 3857 2929 evidenter,
3919 2890 3977 2920 re
4007 2882 4163 2934 potest.

2313 3069 2418 3142 sit
2461 3070 2763 3162 aliquid
2816 3075 3291 3165 producere,
3349 3099 3441 3151 ae
3489 3100 3632 3172 per
3677 3080 3857 3165 hoc,

2308 3209 2452 3260 nee
2486 3210 2797 3262 creare.
2837 3191 3038 3274 Quia
3067 3196 3502 3269 seeundum
3526 3200 3733 3290 quod
3757 3201 3864 3273 di-

2308 3304 2420 3377 cit
2458 3306 3514 3397 MagisterSententiarum,
3571 3336 3862 3390 creare

2307 3426 2432 3495 est
2464 3423 2764 3514 aliquid
2795 3426 2885 3496 de
2918 3425 3174 3500 nihilo
3205 3431 3675 3521 producere.
3705 3435 3859 3507 Au-

2309 3538 2682 3626 gustinus
2745 3543 2851 3612 12.
2919 3545 3001 3610 de
3069 3548 3270 3615 Civit.
3319 3550 3464 3630 Dei,
3519 3573 3665 3638 cap.
3741 3553 3855 3622 24.

2305 3656 2528 3742 Neque
2557 3660 2734 3724 enim
2756 3656 3076 3749 (inquit)
3105 3665 3216 3748 sas
3246 3675 3338 3729 est
3357 3665 3563 3731 ullius
3591 3678 3858 3735 natura»

2305 3776 2782 3858 quantumlibet
2815 3780 3116 3845 minimae
3177 3783 3631 3869 mortalisque,
3667 3807 3853 3851 crea-

2304 3899 2510 3955 torem
2542 3892 2679 3956 nisi
2709 3894 2915 3958 Deum
2947 3895 3236 3975 credere,
3274 3898 3588 3964 aedicere
3616 3903 3847 3980 etiam,

2301 4017 2655 4093 antequam
2693 4012 2903 4094 possit
2959 4012 3277 4099 intelliqi.
3321 4014 3565 4102 Anqeli
3599 4027 3846 4096 autem,

2301 4140 2460 4205 quos
2501 4121 2609 4186 itti
2648 4124 2813 4188 Deos
2846 4124 3156 4192 libentius
3184 4130 3553 4213 appella-nt,
3590 4133 3859 4198 etiamsi

2298 4236 2636 4318 adhibent,
2682 4241 2786 4305 vet
2812 4243 3012 4327 jussi,
3059 4243 3163 4309 vel
3202 4247 3538 4330 proemissi
3616 4270 3857 4335 opera-

2300 4353 2526 4419 tionen
2588 4376 2778 4420 suam
2843 4356 3056 4434 rebusz
3130 4380 3274 4444 quse
3335 4363 3736 4448 {liquuntur
3778 4367 3854 4432 in

2298 4470 2567 4550 ηιιιηάο,
2606 4482 2827 4538 tamen
2866 4483 3000 4538 tam
3031 4496 3168 4542 non
3200 4497 3306 4541 eos
3343 4477 3634 4545 dicemus
3664 4502 3850 4547 erea-

2297 4595 2467 4650 tores
2497 4588 2923 4669 animalium,
2963 4611 3158 4675 quam
3188 4612 3307 4657 nec
3335 4596 3668 4680 ayricolas
3696 4601 3847 4683 sru-

2293 4723 2471 4786 ffltm,
2507 4713 2701 4788 atque
2729 4703 3065 4772 arborum.
3104 4705 3586 4780 Ambrosius
3622 4712 3736 4778 lib.
3777 4713 3843 4782 3.

2293 4819 2376 4884 de
2413 4823 2678 4907 Spiritu
2713 4836 2965 4902 sancte,
3010 4848 3157 4913 cap.
3215 4828 3320 4896 19.
3380 4826 3721 4918 loquens
3752 4830 3844 4902 de

2296 4935 2600 5025 Spiritu
2651 4941 2935 5012 saneto
2978 4940 3221 5015 dicit:
3262 4945 3411 5012 Non
3460 4968 3614 5034 erqo
3660 4970 3845 5015 crea-

2293 5065 2444 5118 tura
2489 5057 2809 5138 Spiritus,
2856 5059 2971 5124 sed
3031 5062 3335 5144 Creator,
3406 5085 3542 5130 non
3607 5067 3848 5153 utique

2290 5178 2625 5248 creatura,
2670 5182 2729 5236 et
2789 5175 2946 5258 quia
2987 5186 3296 5241 ereatura
3353 5197 3488 5242 non
3526 5187 3643 5259 est,
3694 5180 3845 5245 sine

2288 5283 2486 5349 dubio
2517 5298 2778 5353 creator
2806 5299 2899 5353 est
2928 5292 3245 5357 omnium.
3288 5289 3369 5362 Si
3394 5309 3593 5380 ergo
3621 5311 3842 5363 crea-

2289 5403 2425 5471 tor
2457 5401 2680 5473 nullo
2736 5403 2968 5475 modo
3025 5411 3292 5498 potest
3343 5429 3522 5479 esse
3572 5429 3840 5480 essen-

2289 5513 2603 5588 tialiter
2679 5525 3099 5602 ereatura,
3182 5523 3552 5614 sequitur
3633 5525 3840 5616 quod

2287 5632 2511 5706 nullo
2585 5637 2812 5709 modo
2885 5644 3271 5716 ereatura
3340 5645 3609 5735 potest
3655 5663 3836 5717 esse

2313 2955 2521 3044 quod
2563 2955 2786 3028 nulla
2828 2963 3218 3031 ereatura
3258 2963 3350 3033 de
3391 2963 3650 3037 nihilo
3688 2986 3863 3057 pos·
3894 2937 3975 3048 ¹¹f'·
4004 2936 4163 2985 ΗΜ·
