4252 6393
1664 445 1667 452 ·
1785 405 2148 483 QUAESTIO
2193 407 2357 469 XXV
3554 405 3659 466 1⁶21

427 556 715 648 quibus
747 562 1008 634 terris
1043 569 1231 639 sunt
1271 584 1500 656 aquae
1532 566 1762 639 valde
1796 587 1976 661 pro·

429 673 687 748 fundae
785 678 866 751 in
935 682 1496 755 cacuminibus
1576 684 1976 758 montium

432 792 1066 880 altissimorum,
1127 819 1474 889 quorum
1536 805 1811 874 tamen
1869 800 1977 872 la-

150 909 352 961 Tmffl·
431 916 611 984 tera
654 918 847 987 sunt
905 916 1107 988 dura
1150 921 1232 991 et
1292 917 1535 992 sicca.
1573 918 1852 992 Tertio
1906 918 1977 991 si

429 1029 507 1103 in
541 1032 820 1122 aliquo
856 1038 1133 1108 monte
1175 1034 1284 1109 sit
1315 1035 1815 1117 concavitas,
1848 1057 1977 1108 cu-

421 1148 555 1241 jus
605 1149 880 1224 latera
913 1154 1102 1224 sunt
1141 1153 1411 1232 densa,
1458 1156 1537 1226 et
1609 1173 1977 1246 compac-

423 1271 533 1346 ta,
603 1272 687 1340 et
748 1272 1030 1360 partes
1086 1268 1555 1362 superiores
1599 1274 1786 1344 sunt
1847 1291 1977 1362 po-

429 1404 667 1464 rosae,
734 1383 992 1476 plenae
1041 1385 1467 1467 meatibus,
1514 1390 1706 1460 tune
1766 1405 1978 1477 aqua

431 1501 723 1573 ibidem
777 1501 1079 1592 genita,
1121 1522 1282 1575 non
1322 1503 1587 1577 exiret
1623 1524 1671 1576 a
1705 1504 1976 1578 lateri-

430 1620 575 1690 bus
619 1623 969 1712 propter
1021 1619 1697 1713 compactitatem
1767 1621 1974 1715 ipso-

433 1755 653 1815 rum;
706 1735 1081 1826 igiturin
1137 1741 1367 1810 tanta
1417 1737 1653 1830 copia
1707 1741 1975 1831 potest

434 1851 539 1924 ibi
581 1871 798 1944 aqua
829 1851 1238 1941 generari,
1287 1853 1495 1945 quod
1552 1857 1790 1928 exeat
1834 1873 1978 1946 per

430 1974 714 2061 partes
776 1969 1273 2062 superiores,
1347 1975 1428 2043 et
1510 1989 1653 2062 per
1702 1991 1975 2043 conse-

431 2105 685 2176 quens
733 2105 944 2177 aqua
1004 2086 1364 2161 ascendit
1395 2086 1668 2167 altius,
1735 2106 1974 2179 quam

435 2204 546 2277 sit
598 2203 829 2275 locus
864 2224 1030 2275 suae
1063 2204 1433 2294 originis

519 2319 636 2392 Ad
687 2320 847 2393 ista
930 2324 1057 2394 est
1139 2321 1582 2394 dicendum.
1639 2321 1753 2393 Ad
1816 2322 1974 2414 pri-

433 2457 683 2517 mum,
766 2437 941 2510 dico
1014 2439 1218 2530 quod
1296 2439 1365 2511 si
1441 2438 1641 2513 fiant
1710 2439 1975 2513 fontes

428 2554 512 2626 in
590 2556 1157 2628 cacuminibus
1254 2556 1680 2639 montium,
1765 2577 1974 2649 aqua

423 2669 767 2742 illorum
870 2672 1267 2747 montium
1355 2679 1801 2764 generatur
1894 2673 1975 2745 in

424 2793 708 2862 monte
740 2788 1049 2869 altiori,
1076 2795 1156 2863 et
1186 2790 1554 2864 decurrit
1578 2811 1724 2883 per
1744 2812 1974 2883 quos-

420 2904 611 2977 dam
686 2907 1204 2998 aquaeductus
1274 2908 1355 2979 et
1413 2905 1765 2988 canales,
1850 2927 1974 2977 us-

424 3048 584 3120 que
608 3026 704 3099 ad
731 3048 820 3097 os
862 3025 1083 3098 illius
1116 3024 1393 3099 fontis,

521 3144 637 3217 Ad
670 3143 1133 3225 secundum,
1170 3142 1346 3215 dico
1381 3140 1588 3235 quod
1606 3142 1975 3235 aquailla

424 3261 511 3332 in
591 3259 1147 3333 cacuminibus
1226 3259 1629 3333 montium
1702 3264 1972 3353 potest

418 3376 863 3471 provenire
905 3396 1004 3447 ex
1035 3376 1367 3457 duobus,
1404 3397 1563 3450 uno
1600 3378 1832 3449 modo
1875 3398 1973 3448 ex

417 3515 640 3588 aqua
674 3492 1037 3587 pluviali,
1074 3513 1172 3564 ex
1206 3493 1415 3575 nive,
1450 3494 1582 3566 vel
1627 3515 1726 3566 ex
1786 3494 1971 3565 aliis

420 3612 1109 3705 impressionibus
1197 3609 1501 3703 aqueis,
1578 3632 1753 3703 quae
1848 3630 1972 3682 ca-

416 3732 626 3805 dunt
677 3750 924 3822 super
982 3729 1167 3801 illos
1232 3734 1575 3809 montes,
1647 3733 1727 3802 et
1781 3733 1971 3802 tunc

424 3869 584 3944 per
641 3844 1180 3936 frigiditatem
1251 3843 1529 3918 mediae
1611 3844 1971 3936 regionis

418 3986 595 4039 non
643 3969 768 4037 est
820 3963 1053 4036 calor
1113 3962 1525 4036 sussiciens
1590 3963 1792 4036 istas
1833 3961 1970 4032 hu-

418 4082 844 4156 miditates
877 4080 1275 4171 digerere,
1314 4081 1446 4151 sed
1510 4079 1798 4151 ibidem
1853 4101 1971 4151 re-

415 4204 756 4275 manent
802 4198 1246 4289 indigestae.
1285 4200 1404 4269 Ex
1475 4218 1630 4289 quo
1701 4201 1969 4291 potest

413 4319 578 4390 hoc
640 4315 1100 4411 provenire,
1168 4315 1483 4388 scilicet
1534 4334 1634 4387 cx
1695 4315 1968 4408 spissi-

411 4435 697 4511 tudine
759 4433 1129 4507 materiae
1171 4433 1603 4507 terrestris
1666 4433 1745 4505 in
1807 4433 1967 4505 illis

416 4553 865 4632 montibus,
930 4555 1367 4642 antequam
1440 4550 1970 4642 perveniatur

416 4670 517 4742 ad
551 4668 895 4760 lapides;
944 4669 1175 4739 modo
1211 4666 1560 4740 materia
1596 4667 1736 4739 illa
1774 4668 1970 4739 mix-

416 4795 503 4862 ta
530 4807 762 4877 aquae
803 4785 1142 4879 pluviali
1172 4784 1531 4859 efficitur
1565 4786 1862 4868 molliS‚
1891 4791 1972 4860 et

420 4905 723 4985 lutosa,
783 4902 957 4976 ideo
1003 4908 1128 4976 est
1186 4902 1293 4974 ibi
1335 4902 1603 4994 majOr
1644 4903 1970 4995 prosun-

419 5019 660 5099 ditas,
734 5036 979 5111 quam
1048 5016 1116 5090 si
1168 5021 1392 5090 totus
1459 5037 1689 5090 mons
1755 5022 1972 5093 esset

425 5158 805 5210 saxosus.

512 5254 628 5325 Ad
672 5251 1038 5331 tertium,
1096 5251 1272 5325 dico
1337 5252 1541 5342 quod
1600 5271 1759 5324 non
1845 5258 1969 5327 est

424 5370 816 5464 possibile
849 5369 1458 5442 concavitatum
1497 5369 1755 5442 latera
1789 5391 1968 5441 esse

419 5487 537 5563 ita
573 5488 1028 5578 compacta,
1068 5485 1260 5577 quin
1304 5505 1449 5577 per
1486 5485 1663 5577 ipsa
1708 5487 1969 5579 possit

421 5625 635 5705 aqua
660 5623 1185 5705 percurrere,
1221 5605 1301 5677 et
1354 5602 1504 5680 hoc
1538 5602 1741 5688 dice,
1781 5602 1967 5703 quia

171 2339 264 2390 Ad.
295 2341 318 2389 1

171 3164 257 3218 Aa.
288 3165 321 3216 2

184 5147 257 5196 Ad
273 5146 324 5202 3.

2092 567 2159 638 si
2202 571 2474 640 essent
2526 567 2642 641 ita
2674 568 3126 660 compacta,
3163 569 3355 638 tunc
3423 586 3632 659 aqua

2091 684 2380 757 ibidem
2412 687 2773 760 existens
2800 685 3304 779 putrefieret,
3334 689 3417 758 et
3455 706 3631 758 cor-

2092 808 2645 895 rumperetur,
2718 808 2807 878 ut
2885 823 3044 875 non
3124 806 3399 896 posset
3469 802 3634 875 alia

2091 919 2559 992 subintrare
2593 925 2932 1013 propter
2961 918 3629 1011 compactitatem

2093 1036 2448 1109 laterum
2485 1036 3065 1110 concavitatis,
3792 1048 3849 1104 6.

2181 1152 2540 1224 Secundo
2577 1152 2948 1244 sequitur
3005 1171 3105 1222 ex
3157 1152 3627 1242 quaestione,

2093 1267 2300 1360 quod
2346 1288 2571 1339 mare
2602 1289 2763 1339 non
2821 1271 2947 1341 est
3013 1268 3243 1341 locus
3289 1268 3634 1358 originis

2092 1385 2469 1458 fontium.
2512 1386 2944 1467 Probatur,
2984 1387 3172 1478 quia
3221 1406 3635 1477 nunquam

2092 1522 2302 1593 aqua
2389 1503 2791 1576 statuitur
2888 1503 2968 1576 in
3051 1503 3231 1575 loco
3321 1502 3631 1585 altiori,

2093 1638 2336 1709 quarn
2404 1618 2511 1693 sit
2554 1618 2781 1691 locus
2851 1641 3016 1692 suae
3051 1619 3631 1710 generationis,

2091 1755 2274 1807 cum
2355 1756 2582 1808 mare
2655 1757 2814 1808 non
2892 1737 3000 1810 sit
3072 1738 3298 1811 locus
3384 1738 3637 1811 altior

2093 1851 2527 1934 montibuS,
2570 1855 2769 1926 unde
2830 1857 3277 1947 procedunt
3337 1854 3630 1936 fontes,

2093 1967 2257 2040 imo
2299 1990 2441 2041 nec
2475 1969 2725 2043 etiam
2768 1971 3033 2064 planis
3097 1976 3370 2053 terrae,
3446 1971 3635 2064 quia

2091 2084 2354 2157 omnis
2388 2106 2597 2177 aqua
2651 2087 3018 2162 decurrit
3060 2091 3156 2161 ad
3208 2089 3410 2183 ipsa,
3462 2094 3630 2164 tan-

2091 2223 2333 2294 quam
2365 2204 2460 2275 ad
2501 2204 2765 2276 locum
2807 2205 3357 2280 decliviorem.

2180 2324 2488 2401 Quarta
2519 2321 2935 2394 conclusio
2977 2327 3125 2405 est,
3178 2326 3385 2417 quod
3426 2345 3636 2418 aqua

2087 2436 2447 2510 ascendit
2480 2442 2775 2528 quarto
2813 2442 3072 2522 modo,
3109 2442 3234 2514 vel
3278 2463 3441 2515 non
3512 2464 3635 2515 so-

2089 2552 2258 2624 lum
2302 2572 2447 2644 per
2491 2557 2803 2626 motum
2848 2554 3216 2638 localem,
3292 2559 3454 2630 imo
3490 2579 3638 2651 per

2089 2668 2784 2760 evaporationem,
2833 2675 2920 2744 ut
2965 2676 3189 2764 patet
3240 2675 3334 2745 ad
3396 2695 3628 2767 expe·

2093 2784 2503 2865 rientiam‚
2553 2786 2743 2877 quia
2787 2792 3136 2881 propter
3177 2790 3329 2863 hoc
3391 2813 3639 2884 super

2086 2905 2316 2975 terra
2394 2908 2908 2991 generantur
2956 2905 3209 2987 nives,
3317 2908 3637 2998 grandi-

2085 3019 2605 3111 nes‚pluviae,
2648 3042 2881 3093 rores
2915 3027 2994 3096 et
3038 3025 3377 3117 pruinae,
3419 3027 3636 3100 etin-

2088 3135 2218 3207 fra
2241 3141 2547 3211 terram
2569 3136 2835 3213 fontes
2855 3144 2937 3213 et
2969 3141 3217 3223 fluvii,
3247 3146 3635 3237 utpostea

3753 2223 3884 2272 Con-

3685 2285 3852 2336 clu-sio
3880 2285 3933 2338 4.

2079 3255 2420 3347 patebit.
2448 3257 2988 3331 Concluditur
3015 3259 3272 3349 igitur
3293 3281 3391 3333 ex
3421 3262 3628 3346 istis,

2089 3392 2344 3463 quare
2417 3393 2626 3465 aqua
2697 3378 3196 3451 naturaliter
3273 3383 3635 3456 ascendit

2088 3489 2526 3562 adorificia
2557 3491 2933 3573 fontium,
3000 3495 3318 3570 scilicet
3380 3519 3634 3590 usque

2087 3604 2184 3676 ad
2215 3604 2727 3679 altitudinem
2762 3630 2928 3680 suae
2963 3611 3338 3701 originis,
3368 3618 3449 3689 et
3480 3615 3631 3686 hoc

2088 3726 2430 3815 propter
2513 3724 2778 3798 solum
2859 3731 3171 3801 motum
3226 3722 3628 3812 localem,

2088 3837 2461 3929 sequitur
2511 3844 2719 3932 quod
2771 3846 3242 3936 vaporando
3303 3851 3631 3921 natura-

2088 3952 2280 4027 liter
2321 3958 2684 4032 ascendit
2728 3980 2873 4052 per
2907 3966 3221 4035 motum
3256 3963 3625 4046 localem,

2085 4080 2168 4149 et
2201 4074 2807 4150 alterationem.
2865 4083 2966 4153 Et
3020 4080 3173 4153 hoc
3206 4083 3297 4154 de
3332 4083 3624 4176 primo.

2546 4325 2981 4384 ARTICULUS
3031 4328 3108 4383 11.

2208 4475 2316 4540 An
2341 4476 2560 4560 fontes
2598 4477 2770 4558 fiant
2809 4498 2891 4542 ea·
2931 4499 3106 4565 aqua
3129 4480 3426 4566 pluviali
3465 4482 3498 4549 ?

2173 4642 2288 4713 De
2345 4642 2692 4714 secundo
2773 4643 2880 4716 sit
2947 4645 3371 4721 conclusio
3432 4649 3618 4730 ista,
3783 4686 3839 4740 7·

2087 4761 2294 4852 sluod
2329 4760 2593 4836 fontes
2626 4767 2706 4836 et
2738 4762 2960 4836 fluvii
3012 4785 3171 4837 non
3230 4788 3625 4857 generan-
3685 4752 3957 4876 {mage

2088 4883 2225 4952 tur
2248 4898 2347 4950 ex
2386 4898 2599 4970 aqua
2631 4879 2994 4970 pluviali,
3025 4882 3140 4955 ita
3167 4886 3373 4974 quod
3415 4908 3624 4979 aqua-
3656 4888 3980 4986 ‚sffegffig

2084 4996 2463 5089 pluvialis
2481 5005 2983 5091 congregata
3005 5001 3627 5081 inconcavitati-
3675 5000 3964 5111 “qgglsslw

2086 5113 2233 5185 bus
2269 5120 2516 5189 terrae
2549 5116 2655 5189 sit
2690 5117 3099 5190 sufficiens
3128 5120 3621 5215 principium

2087 5233 2641 5321 generationis
2729 5234 3080 5308 fontium
3169 5243 3250 5311 et
3346 5240 3624 5315 fluvio-

2087 5368 2294 5418 rum.
2336 5350 2746 5423 Probatur
2785 5357 3392 5445 consequentia,
3441 5359 3628 5449 quia

2087 5465 2156 5536 si
2191 5465 2305 5539 ita
2365 5472 2607 5549 esset,
2657 5475 3141 5560 sequeretur
3183 5474 3388 5564 quod
3444 5496 3626 5548 con-

2084 5586 2485 5664 cavitates
2526 5589 2800 5697 terrae,
2877 5586 2958 5663 in
3028 5588 3314 5684 quibus
3376 5592 3625 5667 inclu-
