4252 6393
561 1300 636 1352 17.

447 4921 578 4972 Alia
607 4935 730 4986 quoe

791 401 910 466 534

777 582 1064 636 earum
1103 581 1263 635 non
1330 561 1764 654 dependeat
1813 557 1912 631 ab
1969 557 2158 629 alia.
2214 559 2316 633 Et

778 687 1005 756 certe
1062 701 1225 754 non
1288 682 1556 772 potest
1616 677 1792 750 dari
1850 696 2100 748 causa
2158 675 2320 748 nisi

775 801 952 893 ipsa
996 799 1569 893 phantasmata
1620 798 1807 868 ante
1848 797 2316 886 cognoseat,

778 934 1019 1010 quam
1097 911 1577 992 abstrahat;
1669 932 1831 984 non
1888 930 2088 1000 ergo
2177 931 2322 1003 per

779 1031 1417 1107 abstractionem
1512 1028 2122 1120 distinguendus
2198 1031 2323 1102 est

781 1167 1030 1240 agens
1071 1169 1118 1221 a
1160 1146 1551 1242 possibili.

872 1266 1104 1349 Item,
1153 1265 1414 1339 omnis
1472 1263 1688 1338 actio
1747 1262 2168 1354 egrediens
2227 1264 2325 1334 ab

782 1382 1054 1456 activo
1104 1385 1188 1455 ut
1242 1381 1628 1461 activum,
1665 1378 1986 1453 videtur
2048 1378 2322 1471 aliquo

782 1500 1014 1572 modo
1081 1498 1609 1572 denominare
1686 1516 1958 1570 secum
2030 1494 2325 1588 princi-

781 1616 1027 1710 pium,
1084 1619 1172 1691 ut
1213 1616 1432 1689 actio
1475 1614 1896 1706 egrediens
1930 1634 1976 1685 a
2015 1614 2318 1695 calore,

774 1729 900 1799 est
967 1719 1469 1804 calefacere;
1561 1742 1759 1814 ergo
1816 1723 2031 1798 actio
2091 1742 2324 1814 egre-

773 1841 996 1915 diens
1037 1840 1138 1913 ab
1169 1840 1612 1923 intellectU,
1649 1844 1773 1914 est
1806 1841 2266 1930 Intelligere
2301 1865 2316 1921 ;

773 1974 971 2047 ergo
1055 1954 1247 2030 talis
1326 1955 1541 2030 actio
1619 1960 1744 2030 est
1829 1955 2317 2049 intelligere.

775 2074 956 2147 Non
1017 2073 1341 2148 videtur
1436 2072 1634 2147 mihi
1714 2074 1920 2166 quod
1983 2098 2184 2164 aqens
2240 2079 2320 2149 et

769 2191 1109 2281 possibilis
1155 2190 1766 2283 distinguantur
1815 2195 1903 2264 ut
1959 2192 2131 2263 duae
2193 2212 2321 2284 po·

775 2303 1081 2389 tentiae,
1144 2325 1331 2379 cum
1381 2326 1587 2377 unus
1640 2305 1747 2379 sit
1805 2309 2035 2378 actus
2090 2305 2320 2380 intel-

777 2421 1097 2514 ligendi,
1134 2443 1292 2495 una
1325 2422 1541 2498 ratio
1573 2422 1950 2495 formalis
1986 2422 2314 2516 objecti;

780 2539 913 2612 sed
982 2558 1140 2612 una
1199 2543 1278 2614 et
1344 2539 1619 2612 eadem
1691 2539 2078 2633 potentia,
2145 2561 2320 2632 quae

777 2657 1240 2731 necessarie
1314 2655 1569 2731 liffert
1636 2656 1734 2727 ab
1783 2661 1966 2730 actu
2029 2657 2320 2732 intelli-

779 2772 1036 2864 gendi,
1107 2773 1406 2847 dicitur·
1466 2774 1806 2863 possibilis
1878 2774 1958 2845 et
1992 2777 2315 2862 passiva:

788 2909 949 2961 non
1000 2887 1381 2983 passione
1443 2888 1868 2982 objectiva,
1945 2889 2078 2961 sed
2147 2889 2321 2959 sub-

769 3001 1101 3097 jectiva,
1147 3004 1654 3097 ,inquantum
1724 3010 1847 3078 est
1909 3005 2320 3099 passibilis

777 3125 874 3196 ad
966 3121 1730 3199 determinationem
1832 3127 1912 3198 et
1999 3145 2320 3200 conser-

774 3240 1184 3314 vationem
1247 3242 1504 3319 actus,
1552 3238 2102 3329 receptionem
2156 3264 2321 3334 spe-

774 3358 952 3439 ciei,
1023 3356 1150 3427 vel
1211 3354 1536 3428 habitus
1617 3354 2314 3440 informationem,

775 3473 918 3553 illa
973 3474 1249 3547 eadem
1320 3471 1795 3563 inquantum
1838 3470 2075 3546 habet
2143 3474 2308 3547 vim

775 3611 920 3684 per
984 3608 1225 3682 quam
1287 3587 1623 3679 judicat,
1706 3593 2163 3680 comparat,
2236 3596 2317 3666 et

774 3705 1141 3799 inquirit,
1249 3703 1738 3785 considerat,
1834 3707 1915 3779 et
2013 3705 2317 3781 similia

768 3822 1095 3896 exercet
1175 3838 1425 3913 opera
1536 3818 1837 3894 dicitur
1908 3844 2132 3909 aqens.
2218 3827 2317 3899 Et

769 3941 840 4014 si
881 3939 1007 4011 vis
1059 3938 1141 4012 in
1186 3937 1312 4012 his
1353 3936 1623 4010 facere
1675 3936 2309 4023 distinctionem,

767 4057 1043 4152 potius
1135 4055 1419 4130 debent
1521 4055 1676 4128 diei
1785 4054 1958 4128 duae
2059 4056 2309 4142 vireS,

766 4173 893 4248 vel
932 4174 1286 4249 virtutes
1357 4171 1594 4244 unius
1664 4173 2070 4265 potentiae.
2136 4176 2313 4247 Non

766 4309 966 4381 ergo
1045 4288 1276 4381 capio
1345 4286 1835 4381 positionem
1922 4309 2102 4360 esse
2187 4310 2314 4361 ve-

773 4425 977 4485 ram,
1049 4407 1438 4495 quantum
1517 4402 1612 4473 ad
1706 4402 2311 4478 distinctionem

770 4520 1239 4595 intellectus
1320 4516 1635 4610 agentis
1712 4521 1792 4591 et
1871 4518 2308 4610 possibilis,

764 4658 910 4711 nec
943 4639 1334 4729 quantum
1385 4634 1479 4706 ad
1527 4634 2072 4739 operationes,
2138 4654 2313 4727 quae

767 4753 884 4827 eis
926 4752 1512 4827 attribuuntur.

856 4870 1145 4944 Deficit
1173 4869 1421 4943 etiam
1479 4868 1778 4961 positio
1810 4890 1904 4942 eo
1948 4869 2156 4960 quod
2202 4868 2314 4940 vi-

1930 397 2035 460 DE
2078 396 2344 461 RERUM
2383 394 2774 461 PRINCIPIO

2434 555 2700 628 dinem
2773 577 2857 629 se
2908 555 3346 630 habentes:
3388 573 3728 648 quarum
3764 554 3935 627 duas

2435 670 2662 764 ponit
2703 670 2782 742 in
2817 671 3258 754 intellectU,
3293 689 3535 744 unam
3579 690 3941 743 memora·

2432 786 2711 868 tivam,
2774 786 3023 860 aliam
3109 787 3661 861 formativam.
3748 785 3940 860 Dicit

2434 904 2683 976 etiam
2728 904 2807 976 in
2849 905 3191 997 quadam
3251 904 3600 997 epistola
3628 906 3647 929 ‘
3688 905 3779 977 ad
3814 903 4151 985 Νο-ὀμὶειπ

2434 1020 2808 1103 bridium,
2907 1021 3039 1093 ubi
3106 1020 3471 1114 loquitur
3552 1022 3644 1094 de
3710 1021 3948 1114 speeie

2438 1136 2553 1210 Sic
2635 1159 2649 1203 z
2709 1140 2956 1228 lvnayo,
3031 1139 3397 1232 (inquit),
3484 1144 3580 1208 mi
3669 1141 3945 1220 Nebridi,

2439 1257 2619 1323 nihil
2649 1257 2846 1324 aliud
2875 1270 2968 1324 ese
3026 1279 3224 1345 quam
3286 1259 3493 1345 playa
3551 1258 3805 1344 inflicta
3844 1279 3951 1345 per

2434 1393 2698 1454 sensus,·
2767 1374 3020 1462 quibua,
3079 1396 3216 1444 non
3256 1386 3325 1441 ul
3391 1387 3461 1441 lu
3497 1375 3752 1456 acribia,
3792 1396 3947 1442 com-

2435 1490 2824 1555 memoratio
2863 1489 3166 1575 quaedam
3194 1491 3272 1575 fil
3302 1502 3373 1556 ue
3403 1491 3571 1557 talia
3600 1493 3951 1577 formentur

2438 1606 2511 1670 in
2549 1607 2807 1687 anima,
2857 1605 2972 1672 sed
3028 1608 3177 1695 ipsa
3216 1607 3414 1696 hujus
3450 1607 3776 1694 falsitatis
3818 1608 3953 1675 illa-

2436 1722 2553 1802 tio,
2581 1723 2720 1788 sive
2757 1733 2828 1788 ut
2868 1726 3244 1810 cmpressius
3268 1723 3557 1806 dicatu-r,
3603 1725 3945 1813 impressio.

2524 1836 3015 1911 Aristoteles
3081 1836 3235 1912 hoc
3284 1839 3604 1912 videtur
3675 1840 3953 1914 sentire

2433 1952 2730 2034 dicens,
2774 1956 2840 2026 2.
2886 1957 2967 2024 de
3003 1958 3273 2035 Anima,
3342 1969 3500 2027 text.
3535 1981 3767 2027 comm.
3816 1961 3949 2032 150.

2436 2070 2645 2163 quod
2687 2073 3064 2161 intelliyere
3122 2085 3215 2141 est
3262 2074 3597 2162 quoddam
3650 2080 3833 2164 pati,·
3885 2081 3955 2149 et

2436 2192 2765 2280 oportet
2809 2187 3400 2263 intellectivum
3439 2211 3620 2263 esse
3663 2211 3953 2284 suscep·

2434 2303 2691 2378 tivum
2770 2304 3250 2398 specierum.
3323 2308 3560 2389 Item,
3629 2308 3956 2385 intellec-

2430 2422 2565 2493 tus
2601 2421 2829 2494 locus
2862 2426 2986 2496 est
3021 2423 3500 2516 specierum.
3543 2427 3771 2508 Item,
3809 2447 3956 2519 spc-

2433 2534 2597 2610 cies
2632 2537 2921 2631 lapidis
2955 2559 3117 2612 non
3157 2540 3394 2613 estin
3428 2542 3728 2615 anima.

2526 2655 2756 2737 Item,
2801 2655 3212 2730 Avicenna
3248 2658 3572 2733 videtur
3621 2681 3799 2733 esse
3842 2658 3957 2730 hu·

2426 2769 2562 2863 jus
2599 2771 3003 2864 opinionis
3035 2777 3101 2846 3.
3139 2777 3608 2864 ΜειαρΙιῃείεω
3635 2801 3794 2859 suae,
3827 2800 3952 2865 cap.

2430 2889 2497 2959 8.
2524 2886 2718 2962 dicit
2752 2890 2964 2962 enim
2996 2891 3201 2984 quod
3233 2911 3590 2985 corpora
3626 2893 3959 2985 indigent

2434 3004 3030 3089 abstractione,
3121 3007 3367 3080 donee
3450 3008 3963 3084 abstrahatur

2436 3121 2744 3215 speeies
2790 3144 2964 3216 quae
3035 3123 3296 3217 possit
3366 3124 3713 3218 intelligi
3751 3153 3769 3198 ε
3810 3126 3964 3200 sub-

2435 3240 2757 3311 stantia*
2783 3244 3056 3313 autem
3110 3247 3510 3335 separatae
3577 3264 3735 3316 non
3797 3244 3964 3318 indi-

2433 3358 2648 3447 gent,
2694 3357 2850 3429 nisi
2910 3362 2997 3430 ut
3059 3358 3626 3449 intelligantur
3671 3381 3851 3435 esse
3889 3367 3964 3434 ut

2434 3474 2646 3552 sunt,
2692 3476 2772 3546 et
2844 3472 3257 3564 sigilletur
3296 3472 3569 3546 anima
3626 3495 3771 3567 per
3810 3495 3957 3546 eas.

2432 3590 2638 3660 Ecce
2705 3588 2895 3661 dicit
2956 3593 3313 3680 siff-inetur.
3390 3593 3489 3664 Et
3551 3591 3631 3663 in
3696 3592 3961 3664 eodem

2428 3703 2646 3786 dicit,
2732 3704 2922 3778 illud
2981 3707 3186 3797 quod
3256 3705 3554 3778 scimus
3622 3707 3711 3779 de
3803 3706 3961 3779 sub-

2429 3820 2757 3897 stantiis
2817 3821 3220 3915 separatis
3275 3823 3640 3915 est,quia
3699 3822 3962 3916 impri-

2431 3937 2755 4010 mimur.

2519 4056 2750 4137 Item,
2791 4058 3414 4131 commentator
3460 4058 3526 4128 3.
3562 4059 3645 4126 de
3682 4061 3954 4131 Amima,

2425 4194 2589 4239 com.
2639 4173 2745 4244 14.
2792 4171 2985 4246 dicit
3037 4173 3245 4264 quod
3309 4172 3771 4247 intellectus
3855 4194 3961 4244 re·

2426 4287 2626 4379 cipit
2712 4287 3022 4359 formas
3123 4290 3671 4374 universales,
3763 4290 3961 4362 sicut

2395 4406 2777 4480 ‚materia
2813 4405 3364 4480 individuales.
3415 4410 3645 4489 Item,
3704 4409 3816 4481 sic
3856 4408 3955 4479 12.

2424 4525 2713 4612 Mataph.
2778 4548 2941 4593 com.
2989 4526 3097 4597 36.
3156 4524 3391 4607 dicit3
3457 4528 3783 4596 Balneum
3843 4527 3960 4592 ‹lu-

2418 4641 2581 4728 plea:
2612 4640 2802 4708 habet
2840 4664 2993 4722 csse,
3032 4664 3238 4710 umam
3266 4646 3341 4709 in
3386 4647 3744 4725 intellectu,
3779 4644 3958 4712 aliud

2424 4758 2498 4824 in
2535 4760 2819 4823 materia
2860 4784 2881 4823 .·
2933 4769 2993 4824 et
3052 4760 3190 4826 nisi
3260 4771 3421 4826 essee
3459 4763 3767 4840 materia,
3826 4761 3957 4827 bal-

2422 4891 2618 4936 neum
2659 4891 2887 4936 verum
2935 4881 3095 4936 essct
3157 4872 3229 4937 in
3278 4873 3532 4939 anima.
3583 4872 3806 4951 Item,
3848 4873 3951 4943 10.

418 4985 479 5034 ⁶²²
505 4985 608 5034 '²2⁶
635 4983 1057 5061 ⁰3²³·deatur
1124 4984 1549 5058 contraria
1643 5004 1823 5056 esse
1918 4984 2310 5058 doctrinae
2426 4981 2826 5074 propos1t.
2880 4982 2972 5053 de
3024 4984 3311 5056 Causis
3352 4984 3677 5069 dieitur,
3739 4989 3955 5055 Omnis

433 5047 594 5096 nione
623 5047 739 5109 daf-

437 5109 735 5174 fioultatem

466 5178 693 5221 movent.

427 5233 709 5283 Probatur

414 5295 586 5369 rqaipf
612 5310 735 5358 epe-

420 5371 528 5406 ctes
554 5371 615 5405 m
642 5371 734 5406 m-

475 5418 706 5471 tellecta.

768 5105 1283 5181 Sanctorum,
1403 5097 2088 5192 Philosophorum
2229 5105 2309 5174 et

763 5218 1096 5300 rationi,
1199 5216 1385 5289 dum
1472 5218 1714 5307 negat
1793 5216 2142 5307 speciem
2230 5217 2309 5288 in

762 5338 995 5429 parte
1056 5330 1555 5407 intellectiva
1627 5352 1861 5424 posse
1915 5332 2301 5423 imprimi.

762 5454 999 5527 Ponit
1031 5450 1246 5524 enim
1283 5449 1787 5540 Augustinus
1824 5451 1931 5521 11.
1969 5452 2050 5517 de
2089 5453 2306 5518 Trini-

762 5585 891 5640 tate
928 5593 1073 5659 cap.
1125 5571 1193 5641 9.
1242 5571 1596 5658 quatuor
1640 5566 1947 5658 species
1994 5586 2139 5658 per
2183 5587 2305 5638 or-

2423 5100 2876 5187 Incelliqencia
2919 5102 3125 5187 ple-na
3181 5112 3271 5167 est
3328 5103 3591 5185 sormi&
3641 5105 3736 5174 Et
3780 5121 3953 5193 pro-

2422 5234 2593 5305 pos.
2629 5217 2693 5286 7.
2731 5214 3030 5287 dicitur
3064 5215 3271 5307 quod
3306 5216 3570 5289 omnis
3613 5217 3951 5290 intellec-

2419 5334 2552 5404 tus
2586 5334 2707 5403 est
2763 5332 3172 5423 plenitudo
3216 5333 3694 5425 specierum.

2511 5448 2757 5520 Forte
2831 5448 3456 5539 respondebitur
3525 5450 3617 5522 ad
3687 5469 3945 5523 omnes

2418 5563 2563 5636 has
2632 5565 3172 5639 auctorItates
3214 5568 3290 5638 et
3364 5566 3935 5643 similitudines,

4082 5469 4148 5519 Is.
