4252 6393
725 415 846 481 424

721 576 1319 669 susceptionem
1406 573 1907 655 intellectivi‚
1995 592 2263 645 neces·

1890 413 1992 475 DE
2035 409 2304 476 RERUM
2346 407 2736 475 PRINCIPIO

2378 590 2533 652 ma,
2571 570 2596 598 *
2660 570 2793 643 ubi
2852 590 3238 664 expresse
3314 569 3637 653 dicitur,
3714 574 4145 665 quod·text.89.

723 694 946 767 sario
1009 692 1446 766 secundum
1511 692 1875 765 ordinem
1943 694 2264 763 naturae
2377 684 2920 777 intelligentia
2980 690 3104 761 est
3156 687 3412 763 totius
3473 689 3896 781 conjuncti,

720 809 963 883 habet
1046 808 1784 890 universalitatem,

723 924 986 998 omnis
1054 924 1616 1018 dispositionis
1679 923 2114 1004 sensitivae,
2179 926 2268 997 ut

718 1043 855 1115 dat
904 1061 1107 1124 esse,
1156 1041 1325 1113 sive
1366 1044 1452 1113 ut
1493 1041 1629 1115 dat
1675 1040 2263 1133 operationem,

718 1162 797 1233 et
844 1158 1015 1232 ideo
1060 1157 1273 1232 cadit
1315 1157 1704 1251 praedicta
1766 1157 2092 1250 positio.
2149 1157 2269 1226 Ex

721 1274 1132 1369 praedictis
1192 1277 1439 1367 patet,
1506 1273 1711 1365 quod
1772 1271 2273 1348 intellectiva

722 1392 994 1466 forma
1043 1392 1289 1466 aliter
1345 1390 1896 1464 communicat
1937 1387 2272 1465 actuali-

724 1515 982 1587 tatem
1027 1530 1257 1583 suam
1300 1509 1660 1603 corpori,
1724 1508 1876 1582 hoc
1917 1513 2066 1590 est,
2130 1507 2277 1579 sub

728 1645 875 1699 sua
944 1625 1268 1700 ratione
1356 1625 1848 1720 perfectibili
1937 1622 2276 1717 respicit

728 1756 1055 1836 corpus,
1142 1744 1231 1817 ut
1327 1743 1463 1817 dat
1556 1747 1828 1818 actum
1918 1740 2275 1835 primum

732 1877 974 1952 quam
1014 1858 1429 1933 sensitiva.

496 1987 692 2078 πῄ
816 1973 1010 2046 Viso
1085 1975 1480 2068 quomodo
1548 1973 1838 2047 formae
1917 1973 2280 2046 substan-

730 2090 995 2177 tialeS,
1078 2095 1167 2166 ut
1244 2096 1431 2167 sunt
1497 2092 2014 2165 diversorum
2098 2109 2279 2180 gra-

727 2210 995 2293 duum,
1070 2208 1680 2284 communicant
1751 2209 1986 2283 vario
2045 2210 2278 2281 modo

727 2325 980 2400 etiam
1028 2326 1282 2399 eidem
1346 2325 1715 2400 materiae
1784 2329 2057 2400 actum
2122 2324 2282 2419 pri-

731 2461 995 2524 mum;
1034 2442 1209 2535 jam
1260 2463 1359 2514 ex
1411 2442 1564 2515 hoc
1622 2461 1769 2535 per
1813 2442 2283 2516 immediata

730 2560 1235 2651 procedendo
1288 2563 1659 2652 apparet,
1699 2558 2098 2650 quomodo
2133 2557 2283 2630 ali-

732 2677 864 2749 ter
916 2673 1529 2749 communicant
1590 2679 1823 2749 actus
1866 2673 2285 2759 secundOS,

732 2793 810 2864 et
843 2811 941 2862 ex
973 2790 1122 2864 hac
1167 2793 1817 2883 pertractatione
1858 2791 2286 2884 apparebit

735 2907 1035 2980 solutio
1082 2907 1443 2980 omnium
1498 2908 1914 2983 rationum
1958 2908 2286 3001 praedic-

733 3026 838 3096 tae
899 3023 1358 3116 positionis,
1425 3025 1638 3117 quia,
1692 3027 1777 3096 ut
1830 3029 2114 3117 aperte
2157 3044 2288 3118 pa-

736 3143 877 3221 tet,
926 3138 1006 3213 in
1049 3140 1420 3213 omnibus
1487 3140 1945 3214 rationibus
2001 3163 2288 3237 suppo-

736 3259 882 3339 nit,
949 3258 1155 3351 quod
1207 3258 1473 3331 omnis
1525 3258 1793 3334 forma
1858 3259 2293 3352 aequaliter

733 3374 1281 3449 communicat
1323 3380 1592 3450 actum
1636 3376 2016 3470 primum,
2056 3377 2138 3450 et
2172 3399 2293 3449 se-

738 3493 1083 3565 cundum
1179 3492 1572 3572 materiae,
1676 3492 2039 3584 alioquin
2130 3512 2292 3566 non

740 3605 1369 3690 concluderent3
1450 3628 1649 3699 ergo
1731 3608 1942 3682 sicut
2002 3629 2290 3681 verum

744 3728 893 3806 est,
942 3724 1153 3816 quod
1189 3745 1493 3818 corpus
1537 3713 1823 3809 sentit,
1861 3727 1975 3800 ita
2006 3745 2292 3799 verum

744 3845 870 3915 est
950 3842 1158 3936 quod
1229 3842 1642 3934 intelligit,
1734 3844 1803 3916 si
1866 3842 2293 3918 intellecti·

745 3979 936 4030 vum
979 3959 1087 4033 sit
1120 3959 1413 4042 forma,
1478 3964 1558 4034 et
1626 3964 1947 4034 tantum
1989 3960 2119 4035 hic
2171 3963 2295 4034 est

750 4073 1032 4146 modus
1100 4075 1491 4167 arguendi
1550 4074 1719 4148 sere
1771 4075 1852 4148 in
1924 4075 2295 4148 omnibus

753 4189 1232 4263 rationibus.

414 4338 533 4413 ,121
561 4344 689 4411 qam
841 4308 953 4380 Ad
1021 4308 1252 4400 cujus
1302 4309 1786 4383 evidentiam
1862 4315 1989 4384 est
2049 4309 2301 4383 scien-

404 4398 712 4533 bssfessfffi'.
751 4426 961 4507 dum,
1027 4428 1233 4518 quod
1282 4426 1361 4498 in
1394 4431 1584 4501 actu
1649 4427 2175 4520 intelligendi,
2221 4430 2302 4500 et

406 4525 719 4574 ‘femma‘
752 4542 1146 4615 sentiendi
1187 4548 1310 4618 est
1351 4545 1502 4616 duo
1547 4544 2096 4625 considerare,
2157 4544 2301 4616 sci-

752 4657 944 4733 licet
977 4662 1182 4752 quod
1244 4661 1631 4753 intelligit
1671 4665 1751 4735 et
1785 4662 1992 4754 quod
2028 4661 2301 4743 sentit,

752 4780 833 4849 et
913 4798 1071 4869 quo
1153 4778 1541 4869 intelligit
1619 4782 1701 4853 et
1784 4798 1939 4871 quo
2028 4777 2302 4852 sentit.

753 4894 976 4976 Quod
1007 4898 1279 4969 autem
1324 4895 1738 4986 intelligit,
1774 4899 1854 4969 et
1897 4895 2103 4988 quod
2137 4915 2308 4967 sen-

753 5011 881 5092 tit,
918 5013 1042 5084 est
1075 5014 1301 5085 totus
1334 5012 1606 5094 homo,
1659 5012 1786 5084 vel
1834 5016 2102 5087 totum
2144 5011 2308 5084 ani-

752 5128 947 5211 mal;
971 5132 1052 5201 et
1076 5128 1480 5223 loquorde
1507 5128 2008 5220 intelligente
2031 5147 2313 5200 secun-

748 5248 935 5320 dum
998 5248 1205 5341 quod
1256 5247 1530 5320 anima
1590 5249 1713 5320 est
1776 5246 1858 5318 in
1900 5264 2304 5338 corpore:

751 5388 896 5440 nec
930 5366 1201 5439 differt
1237 5368 1629 5458 quantum
1679 5364 1773 5436 ad
1817 5361 1970 5435 hoc
2014 5360 2310 5434 intelli-

754 5499 946 5572 gere
1052 5484 1132 5554 et
1202 5478 1531 5560 sentire,
1607 5477 1800 5570 quin
1878 5476 1983 5550 sit
2054 5474 2309 5550 totius

752 5597 1192 5694 conjuncti,
1263 5601 1350 5672 ut
1406 5601 1624 5689 patet
1669 5595 1931 5688 primo
1981 5594 2076 5666 de
2129 5590 2311 5664 Ani-

432 4586 586 4653 quod,
616 4596 667 4636 ec

514 4664 632 4714 quo.

1886 809 2264 899 respectu
2379 802 2590 877 sicut
2635 804 2964 877 sentire.
3022 805 3207 877 Ideo
3240 805 3464 878 circa
3496 805 3692 879 illud
3719 810 3903 898 quod

2382 919 2794 1011 intelligit,
2894 940 3057 993 non
3159 922 3624 1015 distinguo;
3737 924 3905 1016 quia

2382 1036 2753 1128 quamvis
2797 1036 2904 1111 sit
2965 1057 3260 1129 magna
3300 1039 3780 1123 differentia,
3830 1048 3907 1117 ut

2384 1155 2717 1247 patebit,
2769 1175 3058 1227 verum
3092 1159 3217 1229 est
3250 1159 3524 1230 tamen
3565 1158 3771 1249 quod
3801 1162 3910 1233 to-

2384 1275 2517 1344 tus
2551 1269 2800 1343 homo
2857 1271 3269 1362 intelligit,
3315 1278 3396 1348 et
3430 1278 3651 1347 totus
3685 1274 3911 1349 homo

2387 1389 2660 1463 sentit.
2698 1393 2868 1472 Quo
2903 1393 3176 1463 autem
3211 1391 3624 1483 intelligit,
3658 1396 3740 1465 et
3772 1414 3912 1485 quo

2388 1507 2637 1582 sentit
2681 1511 3068 1600 tanquam
3113 1509 3517 1603 principio
3579 1516 3912 1596 remoto,

2386 1626 2512 1697 est
2582 1623 2760 1716 ipsa
2831 1624 3289 1699 substantia
3347 1625 3640 1700 animae
3698 1628 3780 1701 in
3841 1650 3917 1701 se

2388 1741 2954 1816 considerata:
3010 1762 3197 1816 nam
3240 1743 3450 1818 sicut
3491 1744 3761 1818 forma
3796 1746 3920 1820 dat

2390 1863 2664 1933 actum
2692 1858 3030 1941 essendi,
3061 1863 3150 1933 ut
3179 1864 3305 1934 est
3333 1861 3816 1945 substantia,
3849 1866 3922 1935 et

2392 1977 2480 2047 ut
2521 1973 3095 2049 consideratur
3138 1995 3283 2068 per
3343 1982 3804 2070 respectum
3835 1978 3923 2050 ad

2392 2090 2637 2173 intra,
2685 2090 2800 2164 sic
2848 2094 2973 2166 est
3015 2092 3508 2186 principium
3553 2095 3928 2188 operandi

2394 2226 2539 2300 per
2591 2211 3057 2300 respectum
3089 2208 3186 2280 ad
3226 2213 3492 2285 extra.
3536 2215 3709 2293 Quo
3768 2231 3926 2283 sen·

2396 2323 2497 2399 tit
2544 2328 2933 2416 tanquam
2995 2325 3400 2419 principio
3453 2328 3924 2422 propinquo,

2394 2446 2520 2516 est
2569 2441 2746 2534 ipsa
2786 2442 3087 2526 anima,
3128 2448 3215 2520 ut
3255 2450 3381 2520 est
3413 2450 3700 2539 potens
3763 2467 3932 2540 ope-

2397 2559 2596 2643 rari,
2636 2559 2805 2634 sive
2840 2564 2927 2635 ut
2966 2561 3204 2638 habet
3231 2562 3634 2638 rationem
3669 2569 3932 2657 poten·

2398 2676 2558 2749 tiae.
2609 2677 2692 2751 Si
2751 2682 3028 2753 tamen
3067 2683 3192 2754 est
3251 2679 3485 2762 idem,
3533 2682 3744 2771 quod
3801 2700 3936 2752 sua

2399 2793 2790 2885 potentia,
2838 2793 3006 2866 sive
3040 2793 3215 2887 ipsa
3255 2796 3622 2888 potentia
3654 2797 3937 2869 animae

2402 2908 2790 2991 radicata,
2834 2912 2916 3009 et
2947 2909 3203 2982 fluens
3240 2910 3347 2984 sit
3383 2932 3430 2982 a
3483 2911 3938 2987 substantia

2401 3023 2719 3109 animae,
2793 3046 2937 3098 nec
3001 3024 3255 3098 adhuc
3318 3026 3495 3120 ipsa
3580 3027 3939 3120 potentia

2404 3141 2798 3216 sensitiva
2855 3147 2979 3219 est
3026 3143 3389 3218 radicata
3457 3143 3537 3217 in
3581 3145 3939 3221 substan·

2404 3259 2518 3333 tia
2576 3259 2892 3342 animae,
2939 3261 3067 3333 vel
3119 3265 3206 3335 ut
3270 3262 3525 3334 fluens
3585 3263 3684 3335 ab
3747 3263 3937 3356 ipsa,

2405 3377 2883 3469 inquantum
2954 3379 3169 3460 talis,
3233 3383 3358 3454 est
3418 3379 3613 3454 illud
3672 3402 3721 3453 a
3795 3400 3942 3473 quo

2406 3492 2800 3565 sentimus
2906 3493 3393 3578 immediate,
3504 3494 3696 3587 quia
3789 3495 3945 3569 tale

2409 3612 2759 3699 oportet,
2797 3608 3002 3701 quod
3029 3608 3135 3681 sit
3171 3629 3316 3702 per
3348 3631 3431 3681 se
3463 3609 3801 3683 eliciens
3830 3628 3947 3682 ac-

2406 3723 2740 3797 tionem.
2806 3725 3212 3801 Sensitiva
3259 3730 3530 3799 autem
3585 3724 3950 3819 potentia
4003 3733 4190 3843 ιὀιεςέςῑα

2406 3861 2568 3913 non
2601 3862 2748 3934 per
2789 3863 2872 3913 se
2925 3842 3198 3924 sentit,
3264 3842 3474 3916 sicut
3531 3841 3837 3916 dicitur
3876 3841 3952 3914 in
4000 3810 4194 3931 ⁸355}ss

2408 3958 2851 4052 principie,
2900 3960 2991 4032 de
3078 3964 3375 4034 Somno
3461 3966 3541 4035 et
3622 3961 3949 4053 vigilia,
3993 3930 4200 4003 ⁸⁶“““''³

2411 4076 2617 4169 quod
2660 4077 2967 4150 sentire
3008 4081 3134 4152 est
3174 4098 3320 4170 per
3360 4098 3702 4171 corpus;
3759 4098 3952 4168 ergo

2412 4194 2588 4285 ipsa
2614 4193 2982 4287 potentia
3013 4194 3429 4276 sensitiva,
3460 4199 3548 4270 ut
3573 4196 3830 4269 fluens
3863 4193 3956 4266 ab

2413 4312 2711 4392 anima,
2755 4308 2880 4382 vel
2945 4315 3031 4384 ut
3089 4315 3214 4390 est
3249 4310 3425 4405 ipsa
3477 4312 3780 4395 anima,
3829 4311 3955 4382 ha-

2413 4428 2605 4499 bens
2675 4429 2946 4499 tamen
3006 4427 3329 4499 modum
3399 4429 3833 4520 potentiae;
3878 4432 3957 4500 et

2415 4542 2789 4624 ulterius,
2826 4545 2914 4616 ut
2946 4543 3200 4615 fluens
3236 4543 3316 4615 in
3350 4564 3751 4635 organum
3785 4565 3955 4618 cor-

2417 4657 2726 4750 porale,
2816 4656 3124 4730 faciens
3194 4676 3440 4728 unum
3501 4680 3803 4741 secum,
3879 4662 3961 4730 ut

2420 4793 2751 4847 movens
2782 4791 2965 4845 cum
2992 4772 3296 4856 mobili,
3333 4776 3422 4847 ut
3453 4774 3758 4848 artifex
3783 4792 3962 4847 cum

2421 4891 2967 4964 instrumento
3023 4890 3522 4965 naturaliter
3589 4893 3963 4985 conjunc-

2421 5012 2533 5090 t0,
2582 5006 3016 5079 secundum
3068 5004 3218 5078 hoc
3277 5005 3516 5081 habet
3559 5007 3965 5081 rationem

2425 5123 2901 5216 propinquae
2963 5123 3370 5215 potentiae,
3417 5128 3498 5197 et
3561 5122 3963 5196 immedia-

2425 5244 2526 5324 te,
2578 5242 2657 5312 et
2689 5244 2813 5312 est
2840 5238 3059 5323 illud,
3094 5260 3248 5331 quo
3276 5238 3670 5314 sentimus
3692 5239 3963 5312 imme·

2422 5357 2660 5439 diate,
2728 5356 3010 5450 utjam
3041 5376 3204 5429 non
3239 5356 3346 5431 sit
3393 5377 3703 5439 verum,
3765 5354 3966 5449 quod

2424 5475 2791 5567 potentia
2838 5472 3100 5547 visiva
3149 5472 3440 5555 videat,
3488 5478 3575 5547 ut
3623 5495 3704 5545 se
3748 5474 3964 5546 tenet

2422 5612 2521 5663 ex
2582 5596 2814 5684 parte
2882 5591 3199 5674 animae,
3264 5590 3395 5662 sed
3464 5594 3725 5665 totum
3783 5608 3964 5663 con·
