4252 6393
1605 385 1628 462 ·j
1649 379 2013 461 QUAESTIO
2063 379 2138 443 ΙΙΙ

308 556 359 634 lo
382 578 616 651 quam
663 556 731 629 si
777 556 856 629 in
893 553 1151 628 medio
1186 547 1807 624 uniformivide-

309 684 512 758 retur,
576 675 804 747 verbi
860 672 1158 765 gratia,
1225 668 1605 743 denarius
1655 673 1708 736 A
1752 671 1809 734 Β

307 790 656 864 videbitur
688 790 765 861 in
814 788 1069 860 medio
1115 784 1505 858 uniformi
1545 804 1592 855 a
1622 784 1800 855 visu

312 908 506 979 Csub
562 905 862 996 angulo
922 910 979 973 Β
1021 909 1073 973 C
1129 909 1208 974 A.
1273 905 1372 977 Et
1432 903 1620 995 quia
1678 906 1802 976 est

335 2720 692 2798 diversitas
736 2725 1215 2803 mediorum,
1253 2728 1334 2797 et
1369 2725 1805 2798 secundum

337 2841 494 2928 quod
536 2844 867 2915 medium
913 2848 1037 2915 cst
1078 2842 1426 2921 densius,
1479 2847 1807 2934 oportet

338 2960 495 3046 quod
515 2963 696 3034 radii
729 2963 1224 3052 frangantur
1256 2981 1302 3032 a
1341 2961 1652 3034 directo
1699 2961 1807 3032 in-

337 3092 536 3159 cessu,
574 3081 1011 3153 accedendo
1056 3081 1150 3152 ad
1203 3078 1808 3171 perpendicula·

337 3209 468 3264 rem
500 3195 801 3270 (luctam
838 3220 982 3291 per
1022 3200 1292 3270 locum
1347 3195 1805 3278 fractionis,

337 3304 425 3380 ita
478 3318 654 3406 quod
722 3316 963 3397 linea,
1046 3316 1193 3387 sub
1264 3336 1421 3406 qua
1489 3314 1813 3387 videtur

332 3431 716 3505 extremum
769 3438 847 3513 B,
902 3432 1141 3507 eritb
1194 3435 1246 3499 G
1297 3435 1372 3513 C,
1418 3435 1498 3506 et
1570 3431 1810 3509 linea,

335 3541 448 3612 sub
473 3568 600 3637 qua
629 3550 952 3621 videtur
987 3552 1447 3621 extremum
1481 3552 1558 3628 A,
1597 3550 1814 3619 esset

333 3673 368 3724 a
395 3661 442 3724 D
466 3666 509 3729 C
532 3693 550 3731 .·
582 3667 817 3738 modo
853 3666 1040 3758 quia
1077 3669 1298 3758 patet
1331 3664 1536 3755 quod
1570 3684 1814 3754 angu-

334 3770 430 3845 lus
458 3781 502 3845 G
527 3785 571 3849 C
599 3786 680 3869 D,
728 3782 999 3875 major
1041 3786 1166 3856 est
1200 3782 1499 3872 angulo
1542 3784 1599 3847 Β
1649 3785 1700 3848 C
1730 3784 1808 3862 A,

328 3897 638 3985 sequitur
709 3901 917 3993 quod
981 3921 1111 3972 res
1163 3904 1214 3968 A
1273 3904 1330 3967 Β
1387 3897 1817 3990 apparebit

325 4011 568 4105 major,
649 4038 894 4109 quam
961 4017 1381 4090 videretur
1448 4037 1593 4108 per
1662 4036 1815 4087 me-

317 4125 500 4204 dium
561 4133 992 4207 uniforme.
1068 4133 1214 4206 Sed
1293 4133 1500 4224 quod
1568 4133 1816 4205 etiam

309 4243 648 4322 denarius
680 4255 732 4318 A
760 4254 818 4316 Β
849 4253 1242 4341 appareat
1278 4247 1819 4340 propinquior

306 4361 515 4446 visui,
551 4366 973 4459 proba-tur,
1032 4365 1222 4457 quia
1271 4369 1730 4439 extremum
1763 4367 1821 4429 Β

305 4487 614 4572 apparet
647 4483 726 4555 in
759 4502 1165 4555 concursu
1201 4482 1433 4553 lineae
1480 4480 1816 4553 inciden-

307 4597 402 4668 tis
446 4619 487 4669 a
522 4601 696 4672 visu
757 4603 811 4667 C
866 4620 1010 4692 per
1053 4604 1439 4691 punctum
1486 4597 1816 4670 fractio-

308 4712 419 4785 nis
471 4719 539 4801 G,
596 4722 675 4790 et
732 4716 967 4789 lineae
1031 4714 1818 4809 perpendiculariter

308 4838 568 4906 erectae
610 4834 707 4907 ab
755 4839 1128 4907 extremo
1180 4838 1259 4916 B,
1304 4837 1383 4905 et
1427 4832 1532 4905 sit
1584 4853 1819 4925 punc-

311 4949 429 5018 tus
460 4950 683 5023 istius
726 4971 1178 5023 concursus
1229 4954 1341 5018 N:
1383 4949 1562 5020 dein
1601 4952 1654 5015 A
1706 4949 1817 5020 vi—

313 5062 518 5138 detur
575 5069 650 5140 in
723 5074 1024 5163 puncto
1077 5089 1526 5141 concursus
1589 5069 1818 5141 lineae

321 5185 367 5246 C
392 5188 442 5250 D
467 5209 636 5261 cum
667 5191 881 5261 linea
917 5188 1569 5282 perpendiculari
1610 5191 1708 5261 ab
1738 5194 1815 5269 A,

322 5302 392 5370 et
432 5309 541 5378 est
583 5310 924 5398 punctus
974 5307 1049 5377 in
1095 5309 1180 5375 M.
1240 5308 1354 5376 Ex
1400 5327 1555 5396 quo
1603 5310 1823 5398 patet

329 5421 501 5502 quod
550 5423 924 5495 denarius
961 5427 1011 5491 A
1058 5427 1112 5489 Β
1161 5443 1367 5493 nunc
1429 5426 1823 5514 appareat

332 5526 581 5614 inloco
617 5541 676 5608 M
716 5544 794 5621 N,
834 5544 915 5613 et
973 5540 1201 5636 prius
1260 5539 1705 5634 apparebat
1747 5539 1825 5614 in

3338 370 3447 443 181

1919 542 2101 615 loco
2179 546 2232 609 A
2310 544 2399 625 Β,
2473 539 2782 635 quando
2860 540 3041 617 erat
3120 538 3467 613 medium

1926 3199 2163 3271 unius
2195 3194 2598 3291 ‹liaphani‚
2637 3198 3010 3289 sequitur
3034 3196 3239 3289 quod
3271 3216 3478 3267 nunc

1928 3318 2322 3408 appareat
2364 3314 2905 3407 propinquior
2946 3312 3182 3391 visui,
3235 3330 3473 3402 quam

1932 3432 2197 3523 prius;
2259 3433 2391 3503 sed
2449 3431 2515 3501 si
2562 3453 2603 3502 e
2644 3434 2935 3503 contra
2975 3428 3201 3499 visus
3258 3430 3475 3499 esset

1933 3550 2008 3620 in
2051 3569 2285 3641 aqua,
2332 3553 2413 3621 ct
2452 3548 2833 3619 denarius
2887 3547 2966 3618 in
3019 3566 3232 3625 aere,
3281 3549 3472 3619 tunc

1928 3671 2367 3761 appa-reret
2447 3665 2748 3745 minor,
2820 3670 2900 3738 et
2971 3663 3369 3736 remotior
3428 3685 3474 3734 a

1927 3787 2133 3859 visu.

2021 3909 2139 3977 Ex
2187 3904 2368 3976 istis
2412 3905 2635 3995 patet
2679 3920 2931 3992 qua-rc
2974 3900 3248 3971 radius
3301 3920 3473 3992 per-

1935 4019 2483 4117 pendicularis
2567 4017 2872 4091 transit
2953 4013 3467 4094 irresractus,

1933 4145 2012 4213 et
2094 4137 2357 4211 onmis
2437 4136 2651 4207 alter
2711 4154 2756 4204 a
2817 4131 3471 4224 perpendiculari

1935 4254 2353 4342 frangitur
2407 4251 2484 4322 in
2544 4269 2954 4321 concursu
3019 4246 3471 4319 mediorum

1932 4373 2447 4445 diversarum
2554 4365 3293 4457 diaphaneitatum,
3395 4368 3473 4436 et

1933 4489 2182 4563 etiam
2232 4488 2452 4578 patet
2485 4481 2842 4574 qualiter
2892 4481 3166 4554 radius
3218 4480 3473 4551 diver-

1935 4605 2239 4678 simode
2275 4599 2712 4690 frangitur,
2750 4620 2844 4670 eo
2880 4597 3084 4688 quod
3120 4595 3475 4689 primum

1934 4721 2421 4796 mediumest
2447 4714 2972 4807 rariusquam
3014 4711 3473 4793 secundu1n;

1933 4843 2158 4932 patet
2199 4837 2446 4910 etiam
2488 4837 2578 4908 de
2629 4835 2899 4909 causis
2943 4833 3476 4925 quorumdam

1934 4955 2536 5050 apparentium,
2603 4975 2776 5046 quae
2836 4975 2933 5025 ex
2989 4954 3226 5029 dictis
3271 4953 3476 5027 frac-

1936 5073 2294 5148 tionibus
2345 5071 2810 5145 eliciuntur.

2027 5194 2183 5262 Per
2240 5191 2410 5262 haec
2466 5193 2744 5282 patent
2791 5189 3205 5263 rationum
3269 5191 3480 5262 solu-

1939 5309 2228 5382 tiones,
