<?xml version="1.0" encoding="UTF-8"?>
<!DOCTYPE html PUBLIC "-//W3C//DTD XHTML 1.0 Transitional//EN"
    "http://www.w3.org/TR/xhtml1/DTD/xhtml1-transitional.dtd">
<html xmlns="http://www.w3.org/1999/xhtml" xml:lang="en" lang="en">
 <head>
  <title>
</title>
<meta http-equiv="Content-Type" content="text/html;charset=utf-8" />
  <meta name='ocr-system' content='tesseract 3.04.00' />
  <meta name='ocr-capabilities' content='ocr_page ocr_carea ocr_par ocr_line ocrx_word'/>
</head>
<body>
  <div class='ocr_page' id='page_1' title='image "./joannisdunsscot03waddgoog_0460.png"; bbox 0 0 4252 6393; ppageno 0'>
   <div class='ocr_carea' id='block_1_1' title="bbox 697 405 815 500">
    <p class='ocr_par' dir='ltr' id='par_1_1' title="bbox 697 405 815 500">
     <span class='ocr_line' id='line_1_1' title="bbox 697 405 815 500; baseline 0 -1"><span class='ocrx_word' id='word_1_1' title='bbox 697 405 815 500; x_wconf 70' lang='lat'>43&#39;4</span> 
     </span>
    </p>
   </div>
   <div class='ocr_carea' id='block_1_2' title="bbox 710 591 2253 692">
    <p class='ocr_par' dir='ltr' id='par_1_2' title="bbox 710 591 2253 692">
     <span class='ocr_line' id='line_1_2' title="bbox 710 591 2253 692; baseline -0.005 -22"><span class='ocrx_word' id='word_1_2' title='bbox 710 598 1056 672; x_wconf 89' lang='lat' dir='ltr'>minoris</span> <span class='ocrx_word' id='word_1_3' title='bbox 1083 596 1641 692; x_wconf 84' lang='lat' dir='ltr'>perfectionis,</span> <span class='ocrx_word' id='word_1_4' title='bbox 1670 596 1902 668; x_wconf 86' lang='lat' dir='ltr'>tanto</span> <span class='ocrx_word' id='word_1_5' title='bbox 1930 591 2253 686; x_wconf 89' lang='lat' dir='ltr'>paucio-</span> 
     </span>
    </p>
   </div>
   <div class='ocr_carea' id='block_1_3' title="bbox 684 708 2249 1135">
    <p class='ocr_par' dir='ltr' id='par_1_3' title="bbox 684 708 2249 1135">
     <span class='ocr_line' id='line_1_3' title="bbox 708 708 2249 806; baseline -0.005 -22"><span class='ocrx_word' id='word_1_6' title='bbox 708 714 930 784; x_wconf 91' lang='lat' dir='ltr'>ribus</span> <span class='ocrx_word' id='word_1_7' title='bbox 1001 712 1301 804; x_wconf 81' lang='lat' dir='ltr'>indiget</span> <span class='ocrx_word' id='word_1_8' title='bbox 1378 709 2078 806; x_wconf 82' lang='lat' dir='ltr'>dispositionibus,</span> <span class='ocrx_word' id='word_1_9' title='bbox 2162 708 2249 778; x_wconf 90' lang='lat' dir='ltr'>ut</span> 
     </span>
     <span class='ocr_line' id='line_1_4' title="bbox 704 829 2247 921; baseline -0.005 -20"><span class='ocrx_word' id='word_1_10' title='bbox 704 832 925 921; x_wconf 88' lang='lat' dir='ltr'>patet</span> <span class='ocrx_word' id='word_1_11' title='bbox 963 829 1043 902; x_wconf 92' lang='lat' dir='ltr'>in</span> <span class='ocrx_word' id='word_1_12' title='bbox 1075 830 1460 921; x_wconf 84' lang='lat' dir='ltr'>gradibus</span> <span class='ocrx_word' id='word_1_13' title='bbox 1504 829 1961 901; x_wconf 86' lang='lat' dir='ltr'>formarum</span> <span class='ocrx_word' id='word_1_14' title='bbox 1993 851 2007 907; x_wconf 92' lang='lat'>;</span> <span class='ocrx_word' id='word_1_15' title='bbox 2045 843 2247 914; x_wconf 83' lang='lat' dir='ltr'>ergo</span> 
     </span>
     <span class='ocr_line' id='line_1_5' title="bbox 684 938 2248 1038; baseline -0.002 -23"><span class='ocrx_word' id='word_1_16' title='bbox 684 943 847 1016; x_wconf 78' lang='lat' dir='ltr'>&#39;illa</span> <span class='ocrx_word' id='word_1_17' title='bbox 879 944 1150 1017; x_wconf 87' lang='lat' dir='ltr'>forma</span> <span class='ocrx_word' id='word_1_18' title='bbox 1183 948 1307 1018; x_wconf 89' lang='lat' dir='ltr'>est</span> <span class='ocrx_word' id='word_1_19' title='bbox 1344 966 1655 1018; x_wconf 88' lang='lat' dir='ltr'>summe</span> <span class='ocrx_word' id='word_1_20' title='bbox 1692 943 2080 1038; x_wconf 82' lang='lat' dir='ltr'>perfecta,</span> <span class='ocrx_word' id='word_1_21' title='bbox 2117 938 2248 1014; x_wconf 92' lang='lat' dir='ltr'>cui</span> 
     </span>
     <span class='ocr_line' id='line_1_6' title="bbox 699 1058 2246 1135; baseline -0.003 -3"><span class='ocrx_word' id='word_1_22' title='bbox 699 1059 1034 1133; x_wconf 90' lang='lat' dir='ltr'>debetur</span> <span class='ocrx_word' id='word_1_23' title='bbox 1065 1060 1457 1135; x_wconf 79' lang='lat' dir='ltr'>‘materia</span> <span class='ocrx_word' id='word_1_24' title='bbox 1518 1062 1663 1133; x_wconf 92' lang='lat' dir='ltr'>sub</span> <span class='ocrx_word' id='word_1_25' title='bbox 1734 1059 1953 1131; x_wconf 89' lang='lat' dir='ltr'>omni</span> <span class='ocrx_word' id='word_1_26' title='bbox 2011 1058 2246 1129; x_wconf 91' lang='lat' dir='ltr'>modo</span> 
     </span>
    </p>
   </div>
   <div class='ocr_carea' id='block_1_4' title="bbox 696 1176 2247 1388">
    <p class='ocr_par' dir='ltr' id='par_1_4' title="bbox 696 1176 2247 1388">
     <span class='ocr_line' id='line_1_7' title="bbox 696 1176 2245 1272; baseline 0.001 -24"><span class='ocrx_word' id='word_1_27' title='bbox 696 1176 1310 1270; x_wconf 84' lang='lat' dir='ltr'>dispositionis:</span> <span class='ocrx_word' id='word_1_28' title='bbox 1386 1181 1516 1252; x_wconf 88' lang='lat' dir='ltr'>sed</span> <span class='ocrx_word' id='word_1_29' title='bbox 1597 1198 1898 1272; x_wconf 89' lang='lat' dir='ltr'>corpus</span> <span class='ocrx_word' id='word_1_30' title='bbox 1968 1176 2245 1250; x_wconf 90' lang='lat' dir='ltr'>huma-</span> 
     </span>
     <span class='ocr_line' id='line_1_8' title="bbox 699 1290 2247 1388; baseline 0.001 -27"><span class='ocrx_word' id='word_1_31' title='bbox 699 1308 891 1388; x_wconf 87' lang='lat' dir='ltr'>num</span> <span class='ocrx_word' id='word_1_32' title='bbox 977 1292 1340 1367; x_wconf 89' lang='lat' dir='ltr'>continet</span> <span class='ocrx_word' id='word_1_33' title='bbox 1418 1313 1736 1366; x_wconf 91' lang='lat' dir='ltr'>omnem</span> <span class='ocrx_word' id='word_1_34' title='bbox 1787 1290 2247 1384; x_wconf 89' lang='lat' dir='ltr'>dispositio-</span> 
     </span>
    </p>
   </div>
   <div class='ocr_carea' id='block_1_5' title="bbox 677 1405 2246 4057">
    <p class='ocr_par' dir='ltr' id='par_1_5' title="bbox 677 1405 2246 4057">
     <span class='ocr_line' id='line_1_9' title="bbox 694 1405 2246 1492; baseline 0.001 -13"><span class='ocrx_word' id='word_1_35' title='bbox 694 1427 881 1480; x_wconf 90' lang='lat' dir='ltr'>nem</span> <span class='ocrx_word' id='word_1_36' title='bbox 938 1405 1401 1492; x_wconf 87' lang='lat' dir='ltr'>humorum,</span> <span class='ocrx_word' id='word_1_37' title='bbox 1471 1430 1792 1482; x_wconf 86' lang='lat' dir='ltr'>omnem</span> <span class='ocrx_word' id='word_1_38' title='bbox 1864 1408 2246 1482; x_wconf 89' lang='lat' dir='ltr'>nobilita-</span> 
     </span>
     <span class='ocr_line' id='line_1_10' title="bbox 695 1525 2246 1616; baseline -0.001 -20"><span class='ocrx_word' id='word_1_39' title='bbox 695 1525 860 1596; x_wconf 86' lang='lat' dir='ltr'>tem</span> <span class='ocrx_word' id='word_1_40' title='bbox 924 1544 1460 1616; x_wconf 85' lang='lat' dir='ltr'>organorum,</span> <span class='ocrx_word' id='word_1_41' title='bbox 1534 1525 1825 1599; x_wconf 79' lang='lat' dir='ltr'>saltem</span> <span class='ocrx_word' id='word_1_42' title='bbox 1925 1527 2246 1597; x_wconf 89' lang='lat' dir='ltr'>ratione</span> 
     </span>
     <span class='ocr_line' id='line_1_11' title="bbox 696 1641 2244 1725; baseline 0.001 -14"><span class='ocrx_word' id='word_1_43' title='bbox 696 1641 1422 1715; x_wconf 89' lang='lat' dir='ltr'>consubstantialis</span> <span class='ocrx_word' id='word_1_44' title='bbox 1466 1643 1901 1725; x_wconf 79' lang='lat' dir='ltr'>sensitivae,</span> <span class='ocrx_word' id='word_1_45' title='bbox 1952 1647 2041 1716; x_wconf 91' lang='lat' dir='ltr'>ut</span> <span class='ocrx_word' id='word_1_46' title='bbox 2103 1641 2244 1714; x_wconf 91' lang='lat' dir='ltr'>illa</span> 
     </span>
     <span class='ocr_line' id='line_1_12' title="bbox 694 1760 2243 1855; baseline 0.001 -25"><span class='ocrx_word' id='word_1_47' title='bbox 694 1762 816 1831; x_wconf 87' lang='lat' dir='ltr'>est</span> <span class='ocrx_word' id='word_1_48' title='bbox 890 1760 1384 1855; x_wconf 89' lang='lat' dir='ltr'>principium</span> <span class='ocrx_word' id='word_1_49' title='bbox 1456 1761 1841 1855; x_wconf 85' lang='lat' dir='ltr'>operandi</span> <span class='ocrx_word' id='word_1_50' title='bbox 1919 1780 2243 1834; x_wconf 89' lang='lat' dir='ltr'>omnem</span> 
     </span>
     <span class='ocr_line' id='line_1_13' title="bbox 695 1871 2242 1976; baseline 0.002 -34"><span class='ocrx_word' id='word_1_51' title='bbox 695 1871 1359 1976; x_wconf 77' lang='lat' dir='ltr'>adaequationem,</span> <span class='ocrx_word' id='word_1_52' title='bbox 1390 1879 1911 1976; x_wconf 18' lang='lat' dir='ltr'>etlsummam</span> <span class='ocrx_word' id='word_1_53' title='bbox 1943 1880 2242 1968; x_wconf 89' lang='lat' dir='ltr'>tempe-</span> 
     </span>
     <span class='ocr_line' id='line_1_14' title="bbox 696 1988 2242 2075; baseline 0.003 -16"><span class='ocrx_word' id='word_1_54' title='bbox 696 1988 1054 2063; x_wconf 88' lang='lat' dir='ltr'>rantiam</span> <span class='ocrx_word' id='word_1_55' title='bbox 1151 1992 1711 2075; x_wconf 89' lang='lat' dir='ltr'>miscibilium,</span> <span class='ocrx_word' id='word_1_56' title='bbox 1806 1994 2242 2066; x_wconf 89' lang='lat' dir='ltr'>secundum</span> 
     </span>
     <span class='ocr_line' id='line_1_15' title="bbox 694 2107 2239 2202; baseline 0.003 -25"><span class='ocrx_word' id='word_1_57' title='bbox 694 2107 1282 2183; x_wconf 65' lang='lat' dir='ltr'>anctoritatem</span> <span class='ocrx_word' id='word_1_58' title='bbox 1358 2110 1788 2184; x_wconf 82' lang='lat' dir='ltr'>Avicennae</span> <span class='ocrx_word' id='word_1_59' title='bbox 1864 2109 2239 2202; x_wconf 90' lang='lat' dir='ltr'>superius</span> 
     </span>
     <span class='ocr_line' id='line_1_16' title="bbox 694 2223 2240 2319; baseline 0.003 -23"><span class='ocrx_word' id='word_1_60' title='bbox 694 2223 1143 2316; x_wconf 78' lang='lat' dir='ltr'>allegatam</span> <span class='ocrx_word' id='word_1_61' title='bbox 1171 2252 1186 2309; x_wconf 89' lang='lat'>;</span> <span class='ocrx_word' id='word_1_62' title='bbox 1215 2247 1415 2319; x_wconf 86' lang='lat' dir='ltr'>ergo</span> <span class='ocrx_word' id='word_1_63' title='bbox 1443 2228 1713 2301; x_wconf 81' lang='lat' dir='ltr'>forma</span> <span class='ocrx_word' id='word_1_64' title='bbox 1741 2227 2240 2302; x_wconf 77' lang='lat' dir='ltr'>intellectiva</span> 
     </span>
     <span class='ocr_line' id='line_1_17' title="bbox 692 2341 2240 2437; baseline 0.002 -25"><span class='ocrx_word' id='word_1_65' title='bbox 692 2343 818 2414; x_wconf 93' lang='lat' dir='ltr'>est</span> <span class='ocrx_word' id='word_1_66' title='bbox 868 2362 1185 2414; x_wconf 91' lang='lat' dir='ltr'>summe</span> <span class='ocrx_word' id='word_1_67' title='bbox 1226 2341 1498 2416; x_wconf 85' lang='lat' dir='ltr'>forma</span> <span class='ocrx_word' id='word_1_68' title='bbox 1568 2342 1933 2437; x_wconf 84' lang='lat' dir='ltr'>perfecta</span> <span class='ocrx_word' id='word_1_69' title='bbox 1983 2342 2062 2415; x_wconf 91' lang='lat' dir='ltr'>in</span> <span class='ocrx_word' id='word_1_70' title='bbox 2105 2362 2240 2435; x_wconf 81' lang='lat' dir='ltr'>ge-</span> 
     </span>
     <span class='ocr_line' id='line_1_18' title="bbox 690 2457 2238 2554; baseline 0.002 -25"><span class='ocrx_word' id='word_1_71' title='bbox 690 2477 886 2530; x_wconf 90' lang='lat' dir='ltr'>nere</span> <span class='ocrx_word' id='word_1_72' title='bbox 951 2457 1439 2543; x_wconf 84' lang='lat' dir='ltr'>formarum,</span> <span class='ocrx_word' id='word_1_73' title='bbox 1496 2480 1588 2533; x_wconf 89' lang='lat' dir='ltr'>ac</span> <span class='ocrx_word' id='word_1_74' title='bbox 1641 2481 1786 2554; x_wconf 88' lang='lat' dir='ltr'>per</span> <span class='ocrx_word' id='word_1_75' title='bbox 1852 2460 2004 2534; x_wconf 90' lang='lat' dir='ltr'>hoc</span> <span class='ocrx_word' id='word_1_76' title='bbox 2057 2460 2238 2533; x_wconf 92' lang='lat' dir='ltr'>inti-</span> 
     </span>
     <span class='ocr_line' id='line_1_19' title="bbox 693 2573 2234 2658; baseline 0.001 -13"><span class='ocrx_word' id='word_1_77' title='bbox 693 2573 905 2645; x_wconf 90' lang='lat' dir='ltr'>mius</span> <span class='ocrx_word' id='word_1_78' title='bbox 970 2573 1300 2648; x_wconf 89' lang='lat' dir='ltr'>unibilis</span> <span class='ocrx_word' id='word_1_79' title='bbox 1357 2577 1725 2650; x_wconf 75' lang='lat' dir='ltr'>materiae</span> <span class='ocrx_word' id='word_1_80' title='bbox 1793 2597 1983 2658; x_wconf 86' lang='lat' dir='ltr'>suae,</span> <span class='ocrx_word' id='word_1_81' title='bbox 2047 2580 2234 2651; x_wconf 90' lang='lat' dir='ltr'>actu</span> 
     </span>
     <span class='ocr_line' id='line_1_20' title="bbox 692 2688 2234 2785; baseline 0.004 -25"><span class='ocrx_word' id='word_1_82' title='bbox 692 2688 1022 2764; x_wconf 89' lang='lat' dir='ltr'>unietur</span> <span class='ocrx_word' id='word_1_83' title='bbox 1041 2696 1122 2766; x_wconf 90' lang='lat' dir='ltr'>et</span> <span class='ocrx_word' id='word_1_84' title='bbox 1150 2691 1518 2785; x_wconf 84' lang='lat' dir='ltr'>perficiet</span> <span class='ocrx_word' id='word_1_85' title='bbox 1541 2713 1747 2765; x_wconf 91' lang='lat' dir='ltr'>eam.</span> <span class='ocrx_word' id='word_1_86' title='bbox 1797 2696 2234 2768; x_wconf 89' lang='lat' dir='ltr'>Ostensum</span> 
     </span>
     <span class='ocr_line' id='line_1_21' title="bbox 688 2809 2235 2901; baseline 0.001 -21"><span class='ocrx_word' id='word_1_87' title='bbox 688 2809 813 2880; x_wconf 88' lang='lat' dir='ltr'>est</span> <span class='ocrx_word' id='word_1_88' title='bbox 892 2811 1167 2881; x_wconf 89' lang='lat' dir='ltr'>autem</span> <span class='ocrx_word' id='word_1_89' title='bbox 1240 2810 1448 2901; x_wconf 88' lang='lat' dir='ltr'>quod</span> <span class='ocrx_word' id='word_1_90' title='bbox 1524 2831 1667 2883; x_wconf 90' lang='lat' dir='ltr'>ens</span> <span class='ocrx_word' id='word_1_91' title='bbox 1708 2813 1790 2884; x_wconf 89' lang='lat' dir='ltr'>et</span> <span class='ocrx_word' id='word_1_92' title='bbox 1842 2830 2088 2882; x_wconf 91' lang='lat' dir='ltr'>unum</span> <span class='ocrx_word' id='word_1_93' title='bbox 2151 2831 2235 2882; x_wconf 90' lang='lat' dir='ltr'>se</span> 
     </span>
     <span class='ocr_line' id='line_1_22' title="bbox 689 2925 2235 3019; baseline 0.004 -26"><span class='ocrx_word' id='word_1_94' title='bbox 689 2928 1327 3014; x_wconf 83' lang='lat' dir='ltr'>consequuntur,</span> <span class='ocrx_word' id='word_1_95' title='bbox 1375 2927 1811 2998; x_wconf 90' lang='lat' dir='ltr'>secundum</span> <span class='ocrx_word' id='word_1_96' title='bbox 1845 2925 1996 3000; x_wconf 90' lang='lat' dir='ltr'>hoc</span> <span class='ocrx_word' id='word_1_97' title='bbox 2035 2946 2235 3019; x_wconf 84' lang='lat' dir='ltr'>ergo</span> 
     </span>
     <span class='ocr_line' id='line_1_23' title="bbox 687 3039 2235 3136; baseline 0.003 -26"><span class='ocrx_word' id='word_1_98' title='bbox 687 3039 967 3112; x_wconf 89' lang='lat' dir='ltr'>verius</span> <span class='ocrx_word' id='word_1_99' title='bbox 1035 3039 1234 3114; x_wconf 84' lang='lat' dir='ltr'>facit</span> <span class='ocrx_word' id='word_1_100' title='bbox 1305 3062 1552 3114; x_wconf 90' lang='lat' dir='ltr'>unum</span> <span class='ocrx_word' id='word_1_101' title='bbox 1621 3063 1805 3114; x_wconf 90' lang='lat' dir='ltr'>cum</span> <span class='ocrx_word' id='word_1_102' title='bbox 1880 3063 2235 3136; x_wconf 90' lang='lat' dir='ltr'>corpore</span> 
     </span>
     <span class='ocr_line' id='line_1_24' title="bbox 684 3152 2234 3235; baseline 0.004 -8"><span class='ocrx_word' id='word_1_103' title='bbox 684 3152 1043 3231; x_wconf 89' lang='lat' dir='ltr'>humano</span> <span class='ocrx_word' id='word_1_104' title='bbox 1105 3161 1184 3232; x_wconf 89' lang='lat' dir='ltr'>et</span> <span class='ocrx_word' id='word_1_105' title='bbox 1243 3158 1524 3232; x_wconf 85' lang='lat' dir='ltr'>verius</span> <span class='ocrx_word' id='word_1_106' title='bbox 1564 3179 1707 3232; x_wconf 89' lang='lat' dir='ltr'>ens</span> <span class='ocrx_word' id='word_1_107' title='bbox 1766 3162 1846 3233; x_wconf 92' lang='lat' dir='ltr'>et</span> <span class='ocrx_word' id='word_1_108' title='bbox 1924 3159 2234 3235; x_wconf 89' lang='lat' dir='ltr'>unitius</span> 
     </span>
     <span class='ocr_line' id='line_1_25' title="bbox 686 3274 2233 3369; baseline 0.002 -21"><span class='ocrx_word' id='word_1_109' title='bbox 686 3274 1239 3369; x_wconf 88' lang='lat' dir='ltr'>compositum</span> <span class='ocrx_word' id='word_1_110' title='bbox 1274 3297 1514 3369; x_wconf 88' lang='lat' dir='ltr'>quam</span> <span class='ocrx_word' id='word_1_111' title='bbox 1559 3277 1833 3369; x_wconf 88' lang='lat' dir='ltr'>aliqua</span> <span class='ocrx_word' id='word_1_112' title='bbox 1874 3277 2038 3351; x_wconf 89' lang='lat' dir='ltr'>alia</span> <span class='ocrx_word' id='word_1_113' title='bbox 2072 3298 2233 3351; x_wconf 92' lang='lat' dir='ltr'>ma-</span> 
     </span>
     <span class='ocr_line' id='line_1_26' title="bbox 685 3389 1641 3465; baseline -0.002 -1"><span class='ocrx_word' id='word_1_114' title='bbox 685 3389 901 3464; x_wconf 84' lang='lat' dir='ltr'>teria</span> <span class='ocrx_word' id='word_1_115' title='bbox 928 3411 1111 3465; x_wconf 91' lang='lat' dir='ltr'>cum</span> <span class='ocrx_word' id='word_1_116' title='bbox 1157 3412 1304 3464; x_wconf 91' lang='lat' dir='ltr'>sua</span> <span class='ocrx_word' id='word_1_117' title='bbox 1346 3391 1641 3465; x_wconf 85' lang='lat' dir='ltr'>forma.</span> 
     </span>
     <span class='ocr_line' id='line_1_27' title="bbox 776 3508 2232 3602; baseline 0.002 -21"><span class='ocrx_word' id='word_1_118' title='bbox 776 3510 1339 3585; x_wconf 72' lang='lat' dir='ltr'>confirmatur</span> <span class='ocrx_word' id='word_1_119' title='bbox 1372 3508 1541 3583; x_wconf 80' lang='lat' dir='ltr'>haec</span> <span class='ocrx_word' id='word_1_120' title='bbox 1577 3509 1819 3592; x_wconf 90' lang='lat' dir='ltr'>ratio,</span> <span class='ocrx_word' id='word_1_121' title='bbox 1848 3510 2037 3602; x_wconf 90' lang='lat' dir='ltr'>quia</span> <span class='ocrx_word' id='word_1_122' title='bbox 2072 3530 2232 3584; x_wconf 91' lang='lat' dir='ltr'>ma·</span> 
     </span>
     <span class='ocr_line' id='line_1_28' title="bbox 677 3620 2233 3718; baseline 0.003 -25"><span class='ocrx_word' id='word_1_123' title='bbox 677 3620 819 3713; x_wconf 87' lang='lat' dir='ltr'>jor</span> <span class='ocrx_word' id='word_1_124' title='bbox 868 3623 1141 3697; x_wconf 90' lang='lat' dir='ltr'>unitas</span> <span class='ocrx_word' id='word_1_125' title='bbox 1175 3627 1299 3697; x_wconf 88' lang='lat' dir='ltr'>est</span> <span class='ocrx_word' id='word_1_126' title='bbox 1335 3623 1414 3696; x_wconf 90' lang='lat' dir='ltr'>in</span> <span class='ocrx_word' id='word_1_127' title='bbox 1460 3624 1835 3707; x_wconf 87' lang='lat' dir='ltr'>termino,</span> <span class='ocrx_word' id='word_1_128' title='bbox 1875 3646 2115 3718; x_wconf 87' lang='lat' dir='ltr'>quam</span> <span class='ocrx_word' id='word_1_129' title='bbox 2151 3626 2233 3700; x_wconf 92' lang='lat' dir='ltr'>in</span> 
     </span>
     <span class='ocr_line' id='line_1_29' title="bbox 683 3736 2232 3833; baseline 0.003 -23"><span class='ocrx_word' id='word_1_130' title='bbox 683 3736 839 3826; x_wconf 82' lang='lat' dir='ltr'>hiS,</span> <span class='ocrx_word' id='word_1_131' title='bbox 900 3740 1075 3833; x_wconf 79' lang='lat' dir='ltr'>quae</span> <span class='ocrx_word' id='word_1_132' title='bbox 1128 3746 1316 3815; x_wconf 88' lang='lat' dir='ltr'>sunt</span> <span class='ocrx_word' id='word_1_133' title='bbox 1366 3743 1463 3815; x_wconf 89' lang='lat' dir='ltr'>ad</span> <span class='ocrx_word' id='word_1_134' title='bbox 1506 3741 1974 3826; x_wconf 89' lang='lat' dir='ltr'>terminum,</span> <span class='ocrx_word' id='word_1_135' title='bbox 2018 3746 2095 3815; x_wconf 89' lang='lat' dir='ltr'>et</span> <span class='ocrx_word' id='word_1_136' title='bbox 2151 3743 2232 3815; x_wconf 89' lang='lat' dir='ltr'>in</span> 
     </span>
     <span class='ocr_line' id='line_1_30' title="bbox 678 3855 2230 3952; baseline 0.003 -25"><span class='ocrx_word' id='word_1_137' title='bbox 678 3855 835 3929; x_wconf 87' lang='lat' dir='ltr'>fine</span> <span class='ocrx_word' id='word_1_138' title='bbox 894 3878 1136 3950; x_wconf 90' lang='lat' dir='ltr'>quam</span> <span class='ocrx_word' id='word_1_139' title='bbox 1182 3859 1259 3931; x_wconf 90' lang='lat' dir='ltr'>in</span> <span class='ocrx_word' id='word_1_140' title='bbox 1320 3858 1469 3942; x_wconf 80' lang='lat' dir='ltr'>his,</span> <span class='ocrx_word' id='word_1_141' title='bbox 1536 3881 1711 3952; x_wconf 76' lang='lat' dir='ltr'>quae</span> <span class='ocrx_word' id='word_1_142' title='bbox 1747 3863 1934 3934; x_wconf 89' lang='lat' dir='ltr'>sunt</span> <span class='ocrx_word' id='word_1_143' title='bbox 1975 3860 2068 3932; x_wconf 89' lang='lat' dir='ltr'>ad</span> <span class='ocrx_word' id='word_1_144' title='bbox 2142 3860 2230 3932; x_wconf 85' lang='lat' dir='ltr'>fi-</span> 
     </span>
     <span class='ocr_line' id='line_1_31' title="bbox 678 3975 2229 4057; baseline 0.002 -11"><span class='ocrx_word' id='word_1_145' title='bbox 678 3994 888 4057; x_wconf 88' lang='lat' dir='ltr'>nem,</span> <span class='ocrx_word' id='word_1_146' title='bbox 928 3975 1169 4048; x_wconf 87' lang='lat' dir='ltr'>homo</span> <span class='ocrx_word' id='word_1_147' title='bbox 1204 3981 1329 4050; x_wconf 87' lang='lat' dir='ltr'>est</span> <span class='ocrx_word' id='word_1_148' title='bbox 1364 3977 1763 4050; x_wconf 88' lang='lat' dir='ltr'>terminus</span> <span class='ocrx_word' id='word_1_149' title='bbox 1797 3982 1877 4051; x_wconf 88' lang='lat' dir='ltr'>et</span> <span class='ocrx_word' id='word_1_150' title='bbox 1911 3977 2229 4051; x_wconf 85' lang='lat' dir='ltr'>fructus</span> 
     </span>
    </p>
   </div>
   <div class='ocr_carea' id='block_1_6' title="bbox 656 4100 2231 5331">
    <p class='ocr_par' dir='ltr' id='par_1_6' title="bbox 675 4100 2231 4429">
     <span class='ocr_line' id='line_1_32' title="bbox 677 4100 2229 4183; baseline 0.001 -11"><span class='ocrx_word' id='word_1_151' title='bbox 677 4100 932 4174; x_wconf 86' lang='lat' dir='ltr'>totius</span> <span class='ocrx_word' id='word_1_152' title='bbox 974 4105 1319 4183; x_wconf 75' lang='lat' dir='ltr'>naturae,</span> <span class='ocrx_word' id='word_1_153' title='bbox 1367 4101 1498 4173; x_wconf 89' lang='lat' dir='ltr'>ubi</span> <span class='ocrx_word' id='word_1_154' title='bbox 1544 4101 1753 4176; x_wconf 88' lang='lat' dir='ltr'>sicut</span> <span class='ocrx_word' id='word_1_155' title='bbox 1823 4102 1903 4175; x_wconf 90' lang='lat' dir='ltr'>in</span> <span class='ocrx_word' id='word_1_156' title='bbox 1954 4102 2229 4176; x_wconf 85' lang='lat' dir='ltr'>fructu</span> 
     </span>
     <span class='ocr_line' id='line_1_33' title="bbox 679 4227 2231 4323; baseline 0.005 -28"><span class='ocrx_word' id='word_1_157' title='bbox 679 4230 1007 4299; x_wconf 90' lang='lat' dir='ltr'>maturo</span> <span class='ocrx_word' id='word_1_158' title='bbox 1041 4227 1515 4302; x_wconf 76' lang='lat' dir='ltr'>declaratur</span> <span class='ocrx_word' id='word_1_159' title='bbox 1541 4230 1803 4302; x_wconf 89' lang='lat' dir='ltr'>omnis</span> <span class='ocrx_word' id='word_1_160' title='bbox 1832 4229 2231 4323; x_wconf 87' lang='lat' dir='ltr'>possibili·</span> 
     </span>
     <span class='ocr_line' id='line_1_34' title="bbox 675 4358 1184 4429; baseline -0.004 -2"><span class='ocrx_word' id='word_1_161' title='bbox 675 4358 802 4427; x_wconf 82' lang='lat' dir='ltr'>tas</span> <span class='ocrx_word' id='word_1_162' title='bbox 843 4359 1184 4429; x_wconf 76' lang='lat' dir='ltr'>naturae.</span> 
     </span>
    </p>

    <p class='ocr_par' dir='ltr' id='par_1_7' title="bbox 656 4481 2227 5331">
     <span class='ocr_line' id='line_1_35' title="bbox 767 4481 2227 4572; baseline 0.002 -20"><span class='ocrx_word' id='word_1_163' title='bbox 767 4481 1127 4552; x_wconf 88' lang='lat' dir='ltr'>Secundo</span> <span class='ocrx_word' id='word_1_164' title='bbox 1161 4500 1421 4572; x_wconf 83' lang='lat' dir='ltr'>arguo</span> <span class='ocrx_word' id='word_1_165' title='bbox 1458 4481 1596 4565; x_wconf 91' lang='lat' dir='ltr'>sie,</span> <span class='ocrx_word' id='word_1_166' title='bbox 1637 4484 1901 4555; x_wconf 90' lang='lat' dir='ltr'>omnis</span> <span class='ocrx_word' id='word_1_167' title='bbox 1954 4483 2227 4555; x_wconf 85' lang='lat' dir='ltr'>forma</span> 
     </span>
     <span class='ocr_line' id='line_1_36' title="bbox 676 4606 2220 4699; baseline 0.001 -20"><span class='ocrx_word' id='word_1_168' title='bbox 676 4607 1019 4699; x_wconf 86' lang='lat' dir='ltr'>perficit,</span> <span class='ocrx_word' id='word_1_169' title='bbox 1057 4611 1134 4679; x_wconf 90' lang='lat' dir='ltr'>et</span> <span class='ocrx_word' id='word_1_170' title='bbox 1171 4606 1589 4690; x_wconf 78' lang='lat' dir='ltr'>terminat,</span> <span class='ocrx_word' id='word_1_171' title='bbox 1626 4612 1704 4681; x_wconf 89' lang='lat' dir='ltr'>et</span> <span class='ocrx_word' id='word_1_172' title='bbox 1742 4610 1941 4691; x_wconf 87' lang='lat' dir='ltr'>unit,</span> <span class='ocrx_word' id='word_1_173' title='bbox 1971 4613 2051 4683; x_wconf 90' lang='lat' dir='ltr'>et</span> <span class='ocrx_word' id='word_1_174' title='bbox 2084 4610 2220 4681; x_wconf 89' lang='lat' dir='ltr'>dat</span> 
     </span>
     <span class='ocr_line' id='line_1_37' title="bbox 667 4733 2222 4826; baseline -0.001 -20"><span class='ocrx_word' id='word_1_175' title='bbox 667 4752 849 4807; x_wconf 86' lang='lat' dir='ltr'>esse</span> <span class='ocrx_word' id='word_1_176' title='bbox 894 4733 1262 4805; x_wconf 64' lang='lat' dir='ltr'>materiae</span> <span class='ocrx_word' id='word_1_177' title='bbox 1308 4754 1499 4813; x_wconf 81' lang='lat' dir='ltr'>suae,</span> <span class='ocrx_word' id='word_1_178' title='bbox 1566 4736 1654 4806; x_wconf 91' lang='lat' dir='ltr'>ut</span> <span class='ocrx_word' id='word_1_179' title='bbox 1694 4738 1820 4808; x_wconf 90' lang='lat' dir='ltr'>est</span> <span class='ocrx_word' id='word_1_180' title='bbox 1881 4733 1953 4805; x_wconf 89' lang='lat' dir='ltr'>ei</span> <span class='ocrx_word' id='word_1_181' title='bbox 2014 4754 2222 4826; x_wconf 81' lang='lat' dir='ltr'>prae-</span> 
     </span>
     <span class='ocr_line' id='line_1_38' title="bbox 665 4857 2221 4951; baseline 0.002 -23"><span class='ocrx_word' id='word_1_182' title='bbox 665 4878 849 4929; x_wconf 89' lang='lat' dir='ltr'>sens</span> <span class='ocrx_word' id='word_1_183' title='bbox 920 4879 1065 4951; x_wconf 88' lang='lat' dir='ltr'>per</span> <span class='ocrx_word' id='word_1_184' title='bbox 1129 4857 1720 4939; x_wconf 88' lang='lat' dir='ltr'>substantiam;</span> <span class='ocrx_word' id='word_1_185' title='bbox 1786 4877 1987 4949; x_wconf 82' lang='lat' dir='ltr'>ergo</span> <span class='ocrx_word' id='word_1_186' title='bbox 2073 4858 2221 4931; x_wconf 90' lang='lat' dir='ltr'>illa</span> 
     </span>
     <span class='ocr_line' id='line_1_39' title="bbox 661 4982 2216 5077; baseline 0.001 -21"><span class='ocrx_word' id='word_1_187' title='bbox 661 4982 957 5067; x_wconf 80' lang='lat' dir='ltr'>forma,</span> <span class='ocrx_word' id='word_1_188' title='bbox 1005 5006 1179 5077; x_wconf 84' lang='lat' dir='ltr'>quae</span> <span class='ocrx_word' id='word_1_189' title='bbox 1238 4986 1328 5057; x_wconf 89' lang='lat' dir='ltr'>de</span> <span class='ocrx_word' id='word_1_190' title='bbox 1392 4983 1712 5057; x_wconf 89' lang='lat' dir='ltr'>ratione</span> <span class='ocrx_word' id='word_1_191' title='bbox 1757 5004 1903 5055; x_wconf 92' lang='lat' dir='ltr'>sua</span> <span class='ocrx_word' id='word_1_192' title='bbox 1962 4983 2216 5076; x_wconf 89' lang='lat' dir='ltr'>majo-</span> 
     </span>
     <span class='ocr_line' id='line_1_40' title="bbox 663 5111 2211 5205; baseline 0.001 -23"><span class='ocrx_word' id='word_1_193' title='bbox 663 5131 834 5184; x_wconf 91' lang='lat' dir='ltr'>rem</span> <span class='ocrx_word' id='word_1_194' title='bbox 884 5112 1125 5186; x_wconf 87' lang='lat' dir='ltr'>habet</span> <span class='ocrx_word' id='word_1_195' title='bbox 1180 5111 1742 5205; x_wconf 84' lang='lat' dir='ltr'>aptitudinem,</span> <span class='ocrx_word' id='word_1_196' title='bbox 1795 5116 1883 5186; x_wconf 94' lang='lat' dir='ltr'>ut</span> <span class='ocrx_word' id='word_1_197' title='bbox 1931 5113 2211 5185; x_wconf 90' lang='lat' dir='ltr'>verius</span> 
     </span>
     <span class='ocr_line' id='line_1_41' title="bbox 656 5238 2204 5331; baseline -0.001 -20"><span class='ocrx_word' id='word_1_198' title='bbox 656 5244 737 5313; x_wconf 86' lang='lat' dir='ltr'>et</span> <span class='ocrx_word' id='word_1_199' title='bbox 771 5238 1214 5331; x_wconf 84' lang='lat' dir='ltr'>perfectius</span> <span class='ocrx_word' id='word_1_200' title='bbox 1258 5239 1367 5311; x_wconf 89' lang='lat' dir='ltr'>sit</span> <span class='ocrx_word' id='word_1_201' title='bbox 1412 5257 1770 5331; x_wconf 65' lang='lat' dir='ltr'>praesens</span> <span class='ocrx_word' id='word_1_202' title='bbox 1806 5240 2204 5321; x_wconf 60' lang='lat' dir='ltr'>materiae,</span> 
     </span>
    </p>
   </div>
   <div class='ocr_carea' id='block_1_7' title="bbox 1871 403 2718 495">
    <p class='ocr_par' dir='ltr' id='par_1_8' title="bbox 1871 403 2718 495">
     <span class='ocr_line' id='line_1_42' title="bbox 1871 403 2718 495; baseline -0.006 0"><span class='ocrx_word' id='word_1_203' title='bbox 1871 431 1973 495; x_wconf 76' lang='lat' dir='ltr'>m:</span> <span class='ocrx_word' id='word_1_204' title='bbox 2018 403 2283 494; x_wconf 69' lang='lat' dir='ltr'>RERUM</span> <span class='ocrx_word' id='word_1_205' title='bbox 2326 426 2718 492; x_wconf 68' lang='lat' dir='ltr'>rainelmo</span> 
     </span>
    </p>
   </div>
   <div class='ocr_carea' id='block_1_8' title="bbox 2326 563 4212 5355">
    <p class='ocr_par' dir='ltr' id='par_1_9' title="bbox 2363 563 3909 795">
     <span class='ocr_line' id='line_1_43' title="bbox 2365 563 3909 676; baseline -0.006 -16"><span class='ocrx_word' id='word_1_206' title='bbox 2365 587 2544 661; x_wconf 90' lang='lat' dir='ltr'>sola</span> <span class='ocrx_word' id='word_1_207' title='bbox 2613 563 2884 660; x_wconf 84' lang='lat' dir='ltr'>forma</span> <span class='ocrx_word' id='word_1_208' title='bbox 2960 584 3349 659; x_wconf 86' lang='lat' dir='ltr'>rationali</span> <span class='ocrx_word' id='word_1_209' title='bbox 3419 581 3909 676; x_wconf 87' lang='lat' dir='ltr'>completur,</span> 
     </span>
     <span class='ocr_line' id='line_1_44' title="bbox 2363 703 3612 795; baseline -0.006 -16"><span class='ocrx_word' id='word_1_210' title='bbox 2363 706 2577 779; x_wconf 89' lang='lat' dir='ltr'>sieut</span> <span class='ocrx_word' id='word_1_211' title='bbox 2611 705 2690 777; x_wconf 88' lang='lat' dir='ltr'>in</span> <span class='ocrx_word' id='word_1_212' title='bbox 2733 703 3086 779; x_wconf 87' lang='lat' dir='ltr'>termino</span> <span class='ocrx_word' id='word_1_213' title='bbox 3133 729 3147 786; x_wconf 90' lang='grc'><strong>;</strong></span> <span class='ocrx_word' id='word_1_214' title='bbox 3195 722 3423 795; x_wconf 84' lang='lat' dir='ltr'>ergo,</span> <span class='ocrx_word' id='word_1_215' title='bbox 3460 706 3612 775; x_wconf 90' lang='lat' dir='ltr'>etc.</span> 
     </span>
    </p>

    <p class='ocr_par' dir='ltr' id='par_1_10' title="bbox 2355 817 3916 1843">
     <span class='ocr_line' id='line_1_45' title="bbox 2451 817 3911 904; baseline -0.004 -10"><span class='ocrx_word' id='word_1_216' title='bbox 2451 822 2733 897; x_wconf 89' lang='lat' dir='ltr'>Tertio</span> <span class='ocrx_word' id='word_1_217' title='bbox 2769 822 2911 904; x_wconf 89' lang='lat' dir='ltr'>sic,</span> <span class='ocrx_word' id='word_1_218' title='bbox 2970 821 3239 894; x_wconf 87' lang='lat' dir='ltr'>forma</span> <span class='ocrx_word' id='word_1_219' title='bbox 3305 819 3704 892; x_wconf 89' lang='lat' dir='ltr'>terminat</span> <span class='ocrx_word' id='word_1_220' title='bbox 3761 817 3911 889; x_wconf 89' lang='lat' dir='ltr'>flu-</span> 
     </span>
     <span class='ocr_line' id='line_1_46' title="bbox 2361 932 3908 1029; baseline -0.002 -22"><span class='ocrx_word' id='word_1_221' title='bbox 2361 956 2554 1008; x_wconf 83' lang='lat' dir='ltr'>xum</span> <span class='ocrx_word' id='word_1_222' title='bbox 2642 939 2720 1008; x_wconf 88' lang='lat' dir='ltr'>et</span> <span class='ocrx_word' id='word_1_223' title='bbox 2784 934 3415 1029; x_wconf 89' lang='lat' dir='ltr'>passibilitatem</span> <span class='ocrx_word' id='word_1_224' title='bbox 3475 932 3908 1012; x_wconf 81' lang='lat' dir='ltr'>materiae;</span> 
     </span>
     <span class='ocr_line' id='line_1_47' title="bbox 2359 1049 3909 1142; baseline -0.003 -18"><span class='ocrx_word' id='word_1_225' title='bbox 2359 1071 2559 1142; x_wconf 84' lang='lat' dir='ltr'>ergo</span> <span class='ocrx_word' id='word_1_226' title='bbox 2604 1052 2746 1125; x_wconf 86' lang='lat' dir='ltr'>illa</span> <span class='ocrx_word' id='word_1_227' title='bbox 2779 1051 3049 1124; x_wconf 86' lang='lat' dir='ltr'>forma</span> <span class='ocrx_word' id='word_1_228' title='bbox 3081 1051 3358 1123; x_wconf 88' lang='lat' dir='ltr'>verius</span> <span class='ocrx_word' id='word_1_229' title='bbox 3400 1049 3598 1123; x_wconf 86' lang='lat' dir='ltr'>facit</span> <span class='ocrx_word' id='word_1_230' title='bbox 3631 1069 3909 1131; x_wconf 90' lang='lat' dir='ltr'>unum,</span> 
     </span>
     <span class='ocr_line' id='line_1_48' title="bbox 2362 1167 3916 1261; baseline -0.002 -22"><span class='ocrx_word' id='word_1_231' title='bbox 2362 1169 2550 1260; x_wconf 90' lang='lat' dir='ltr'>quia</span> <span class='ocrx_word' id='word_1_232' title='bbox 2618 1169 3062 1261; x_wconf 85' lang='lat' dir='ltr'>perfectius</span> <span class='ocrx_word' id='word_1_233' title='bbox 3113 1167 3324 1241; x_wconf 90' lang='lat' dir='ltr'>hunc</span> <span class='ocrx_word' id='word_1_234' title='bbox 3384 1168 3684 1238; x_wconf 86' lang='lat' dir='ltr'>fluxum</span> <span class='ocrx_word' id='word_1_235' title='bbox 3743 1169 3916 1239; x_wconf 89' lang='lat' dir='ltr'>ter-</span> 
     </span>
     <span class='ocr_line' id='line_1_49' title="bbox 2355 1277 3912 1367; baseline 0 -11"><span class='ocrx_word' id='word_1_236' title='bbox 2355 1285 2643 1367; x_wconf 88' lang='lat' dir='ltr'>minat,</span> <span class='ocrx_word' id='word_1_237' title='bbox 2693 1286 2826 1358; x_wconf 88' lang='lat' dir='ltr'>sed</span> <span class='ocrx_word' id='word_1_238' title='bbox 2859 1285 3387 1366; x_wconf 85' lang='lat' dir='ltr'>intellectiva,</span> <span class='ocrx_word' id='word_1_239' title='bbox 3427 1288 3514 1358; x_wconf 89' lang='lat' dir='ltr'>ut</span> <span class='ocrx_word' id='word_1_240' title='bbox 3552 1277 3912 1357; x_wconf 89' lang='lat' dir='ltr'>intellec·</span> 
     </span>
     <span class='ocr_line' id='line_1_50' title="bbox 2357 1400 3913 1483; baseline -0.001 -10"><span class='ocrx_word' id='word_1_241' title='bbox 2357 1403 2552 1483; x_wconf 87' lang='lat' dir='ltr'>tiva,</span> <span class='ocrx_word' id='word_1_242' title='bbox 2601 1423 2686 1474; x_wconf 91' lang='lat' dir='ltr'>re</span> <span class='ocrx_word' id='word_1_243' title='bbox 2726 1404 2805 1475; x_wconf 90' lang='lat' dir='ltr'>et</span> <span class='ocrx_word' id='word_1_244' title='bbox 2851 1403 3172 1478; x_wconf 89' lang='lat' dir='ltr'>ratione</span> <span class='ocrx_word' id='word_1_245' title='bbox 3223 1420 3545 1475; x_wconf 89' lang='lat' dir='ltr'>omnem</span> <span class='ocrx_word' id='word_1_246' title='bbox 3594 1400 3913 1472; x_wconf 85' lang='lat' dir='ltr'>fluxum</span> 
     </span>
     <span class='ocr_line' id='line_1_51' title="bbox 2358 1501 3912 1599; baseline -0.003 -9"><span class='ocrx_word' id='word_1_247' title='bbox 2358 1501 2735 1590; x_wconf 80' lang='lat' dir='ltr'>materiae</span> <span class='ocrx_word' id='word_1_248' title='bbox 2773 1517 3186 1599; x_wconf 86' lang='lat' dir='ltr'>terminat,</span> <span class='ocrx_word' id='word_1_249' title='bbox 3225 1538 3408 1590; x_wconf 91' lang='lat' dir='ltr'>cum</span> <span class='ocrx_word' id='word_1_250' title='bbox 3442 1516 3553 1589; x_wconf 89' lang='lat' dir='ltr'>sit</span> <span class='ocrx_word' id='word_1_251' title='bbox 3606 1515 3686 1587; x_wconf 92' lang='lat' dir='ltr'>in</span> <span class='ocrx_word' id='word_1_252' title='bbox 3749 1518 3912 1588; x_wconf 76' lang='lat' dir='ltr'>tine</span> 
     </span>
     <span class='ocr_line' id='line_1_52' title="bbox 2359 1635 3912 1728; baseline -0.001 -22"><span class='ocrx_word' id='word_1_253' title='bbox 2359 1654 2966 1728; x_wconf 88' lang='lat' dir='ltr'>supremorum,</span> <span class='ocrx_word' id='word_1_254' title='bbox 3049 1635 3555 1728; x_wconf 87' lang='lat' dir='ltr'>conjungens</span> <span class='ocrx_word' id='word_1_255' title='bbox 3623 1653 3709 1705; x_wconf 90' lang='lat' dir='ltr'>se</span> <span class='ocrx_word' id='word_1_256' title='bbox 3779 1654 3912 1704; x_wconf 90' lang='lat' dir='ltr'>su-</span> 
     </span>
     <span class='ocr_line' id='line_1_53' title="bbox 2358 1750 3217 1843; baseline 0 -21"><span class='ocrx_word' id='word_1_257' title='bbox 2358 1750 2666 1843; x_wconf 89' lang='lat' dir='ltr'>premis</span> <span class='ocrx_word' id='word_1_258' title='bbox 2702 1750 3217 1824; x_wconf 87' lang='lat' dir='ltr'>inferiorum.</span> 
     </span>
    </p>

    <p class='ocr_par' dir='ltr' id='par_1_11' title="bbox 2347 1867 3917 3133">
     <span class='ocr_line' id='line_1_54' title="bbox 2447 1867 3915 1949; baseline 0.001 -10"><span class='ocrx_word' id='word_1_259' title='bbox 2447 1869 2676 1949; x_wconf 90' lang='lat' dir='ltr'>Item,</span> <span class='ocrx_word' id='word_1_260' title='bbox 2722 1868 2993 1942; x_wconf 85' lang='lat' dir='ltr'>forma</span> <span class='ocrx_word' id='word_1_261' title='bbox 3058 1869 3148 1941; x_wconf 91' lang='lat' dir='ltr'>de</span> <span class='ocrx_word' id='word_1_262' title='bbox 3203 1867 3526 1941; x_wconf 85' lang='lat' dir='ltr'>ratione</span> <span class='ocrx_word' id='word_1_263' title='bbox 3583 1885 3731 1939; x_wconf 92' lang='lat' dir='ltr'>sua</span> <span class='ocrx_word' id='word_1_264' title='bbox 3770 1868 3915 1942; x_wconf 85' lang='lat' dir='ltr'>dat</span> 
     </span>
     <span class='ocr_line' id='line_1_55' title="bbox 2354 1984 3913 2076; baseline 0.001 -23"><span class='ocrx_word' id='word_1_265' title='bbox 2354 1987 2652 2066; x_wconf 90' lang='lat' dir='ltr'>actum,</span> <span class='ocrx_word' id='word_1_266' title='bbox 2717 1989 2797 2059; x_wconf 90' lang='lat' dir='ltr'>et</span> <span class='ocrx_word' id='word_1_267' title='bbox 2875 1984 3427 2058; x_wconf 88' lang='lat' dir='ltr'>communicat</span> <span class='ocrx_word' id='word_1_268' title='bbox 3496 1985 3913 2076; x_wconf 87' lang='lat' dir='ltr'>operatio-</span> 
     </span>
     <span class='ocr_line' id='line_1_56' title="bbox 2353 2099 3917 2194; baseline 0.002 -24"><span class='ocrx_word' id='word_1_269' title='bbox 2353 2119 2534 2171; x_wconf 89' lang='lat' dir='ltr'>nem</span> <span class='ocrx_word' id='word_1_270' title='bbox 2573 2099 2938 2174; x_wconf 82' lang='lat' dir='ltr'>materiae</span> <span class='ocrx_word' id='word_1_271' title='bbox 2965 2122 3154 2184; x_wconf 84' lang='lat' dir='ltr'>suae,</span> <span class='ocrx_word' id='word_1_272' title='bbox 3182 2100 3309 2173; x_wconf 87' lang='lat' dir='ltr'>vel</span> <span class='ocrx_word' id='word_1_273' title='bbox 3343 2100 3499 2175; x_wconf 89' lang='lat' dir='ltr'>toti</span> <span class='ocrx_word' id='word_1_274' title='bbox 3523 2100 3917 2194; x_wconf 90' lang='lat' dir='ltr'>conjunc·</span> 
     </span>
     <span class='ocr_line' id='line_1_57' title="bbox 2352 2217 3916 2312; baseline -0.001 -22"><span class='ocrx_word' id='word_1_275' title='bbox 2352 2220 2462 2299; x_wconf 87' lang='lat' dir='ltr'>to,</span> <span class='ocrx_word' id='word_1_276' title='bbox 2515 2222 2603 2292; x_wconf 90' lang='lat' dir='ltr'>ut</span> <span class='ocrx_word' id='word_1_277' title='bbox 2661 2243 2870 2309; x_wconf 79' lang='lat' dir='ltr'>supra</span> <span class='ocrx_word' id='word_1_278' title='bbox 2916 2219 3258 2312; x_wconf 83' lang='lat' dir='ltr'>exposui</span> <span class='ocrx_word' id='word_1_279' title='bbox 3305 2245 3318 2289; x_wconf 91' lang='lat'>:</span> <span class='ocrx_word' id='word_1_280' title='bbox 3376 2238 3563 2291; x_wconf 90' lang='lat' dir='ltr'>cum</span> <span class='ocrx_word' id='word_1_281' title='bbox 3643 2217 3916 2310; x_wconf 84' lang='lat' dir='ltr'>igitur</span> 
     </span>
     <span class='ocr_line' id='line_1_58' title="bbox 2355 2332 3913 2417; baseline 0.001 -12"><span class='ocrx_word' id='word_1_282' title='bbox 2355 2332 2433 2405; x_wconf 91' lang='lat' dir='ltr'>in</span> <span class='ocrx_word' id='word_1_283' title='bbox 2467 2333 2795 2407; x_wconf 91' lang='lat' dir='ltr'>homine</span> <span class='ocrx_word' id='word_1_284' title='bbox 2836 2340 2917 2411; x_wconf 92' lang='lat' dir='ltr'>et</span> <span class='ocrx_word' id='word_1_285' title='bbox 2947 2335 3165 2409; x_wconf 89' lang='lat' dir='ltr'>actio</span> <span class='ocrx_word' id='word_1_286' title='bbox 3211 2334 3493 2417; x_wconf 86' lang='lat' dir='ltr'>libera,</span> <span class='ocrx_word' id='word_1_287' title='bbox 3538 2340 3619 2409; x_wconf 89' lang='lat' dir='ltr'>et</span> <span class='ocrx_word' id='word_1_288' title='bbox 3672 2334 3913 2408; x_wconf 88' lang='lat' dir='ltr'>intel-</span> 
     </span>
     <span class='ocr_line' id='line_1_59' title="bbox 2354 2451 3914 2533; baseline 0.001 -10"><span class='ocrx_word' id='word_1_289' title='bbox 2354 2452 2671 2533; x_wconf 86' lang='lat' dir='ltr'>lectiva,</span> <span class='ocrx_word' id='word_1_290' title='bbox 2720 2452 3079 2525; x_wconf 82' lang='lat' dir='ltr'>nobilior</span> <span class='ocrx_word' id='word_1_291' title='bbox 3121 2452 3227 2526; x_wconf 90' lang='lat' dir='ltr'>sit</span> <span class='ocrx_word' id='word_1_292' title='bbox 3289 2451 3509 2524; x_wconf 91' lang='lat' dir='ltr'>omni</span> <span class='ocrx_word' id='word_1_293' title='bbox 3549 2451 3719 2525; x_wconf 91' lang='lat' dir='ltr'>alia</span> <span class='ocrx_word' id='word_1_294' title='bbox 3770 2472 3914 2525; x_wconf 89' lang='lat' dir='ltr'>ac-</span> 
     </span>
     <span class='ocr_line' id='line_1_60' title="bbox 2352 2568 3914 2662; baseline -0.001 -21"><span class='ocrx_word' id='word_1_295' title='bbox 2352 2568 2574 2641; x_wconf 86' lang='lat' dir='ltr'>tione</span> <span class='ocrx_word' id='word_1_296' title='bbox 2607 2589 2654 2640; x_wconf 90' lang='lat' dir='ltr'>a</span> <span class='ocrx_word' id='word_1_297' title='bbox 2696 2589 3199 2662; x_wconf 86' lang='lat' dir='ltr'>quacumque</span> <span class='ocrx_word' id='word_1_298' title='bbox 3241 2569 3511 2641; x_wconf 88' lang='lat' dir='ltr'>forma</span> <span class='ocrx_word' id='word_1_299' title='bbox 3543 2589 3914 2642; x_wconf 86' lang='lat' dir='ltr'>commu·</span> 
     </span>
     <span class='ocr_line' id='line_1_61' title="bbox 2350 2685 3909 2778; baseline 0 -20"><span class='ocrx_word' id='word_1_300' title='bbox 2350 2685 2665 2768; x_wconf 89' lang='lat' dir='ltr'>nicata;</span> <span class='ocrx_word' id='word_1_301' title='bbox 2747 2705 2947 2778; x_wconf 84' lang='lat' dir='ltr'>ergo</span> <span class='ocrx_word' id='word_1_302' title='bbox 3034 2685 3302 2758; x_wconf 85' lang='lat' dir='ltr'>forma</span> <span class='ocrx_word' id='word_1_303' title='bbox 3393 2686 3909 2760; x_wconf 84' lang='lat' dir='ltr'>intellectiva</span> 
     </span>
     <span class='ocr_line' id='line_1_62' title="bbox 2351 2805 3911 2901; baseline 0.003 -23"><span class='ocrx_word' id='word_1_304' title='bbox 2351 2807 2529 2901; x_wconf 91' lang='lat' dir='ltr'>plus</span> <span class='ocrx_word' id='word_1_305' title='bbox 2597 2805 2836 2882; x_wconf 90' lang='lat' dir='ltr'>habet</span> <span class='ocrx_word' id='word_1_306' title='bbox 2893 2808 2985 2880; x_wconf 90' lang='lat' dir='ltr'>de</span> <span class='ocrx_word' id='word_1_307' title='bbox 3064 2807 3385 2882; x_wconf 88' lang='lat' dir='ltr'>ratione</span> <span class='ocrx_word' id='word_1_308' title='bbox 3437 2807 3754 2891; x_wconf 86' lang='lat' dir='ltr'>formae,</span> <span class='ocrx_word' id='word_1_309' title='bbox 3825 2813 3911 2883; x_wconf 88' lang='lat' dir='ltr'>et</span> 
     </span>
     <span class='ocr_line' id='line_1_63' title="bbox 2347 2924 3912 3019; baseline 0.001 -24"><span class='ocrx_word' id='word_1_310' title='bbox 2347 2924 2625 2997; x_wconf 88' lang='lat' dir='ltr'>verius</span> <span class='ocrx_word' id='word_1_311' title='bbox 2674 2944 2856 2996; x_wconf 88' lang='lat' dir='ltr'>eam</span> <span class='ocrx_word' id='word_1_312' title='bbox 2916 2925 3390 3019; x_wconf 86' lang='lat' dir='ltr'>participat,</span> <span class='ocrx_word' id='word_1_313' title='bbox 3455 2944 3699 3018; x_wconf 90' lang='lat' dir='ltr'>quam</span> <span class='ocrx_word' id='word_1_314' title='bbox 3760 2925 3912 2998; x_wconf 91' lang='lat' dir='ltr'>ali-</span> 
     </span>
     <span class='ocr_line' id='line_1_64' title="bbox 2351 3042 3312 3133; baseline 0.002 -21"><span class='ocrx_word' id='word_1_315' title='bbox 2351 3062 2507 3133; x_wconf 84' lang='lat' dir='ltr'>qua</span> <span class='ocrx_word' id='word_1_316' title='bbox 2543 3042 2707 3114; x_wconf 89' lang='lat' dir='ltr'>alia</span> <span class='ocrx_word' id='word_1_317' title='bbox 2744 3042 3094 3116; x_wconf 89' lang='lat' dir='ltr'>materia</span> <span class='ocrx_word' id='word_1_318' title='bbox 3137 3064 3312 3115; x_wconf 90' lang='lat' dir='ltr'>sua.</span> 
     </span>
    </p>

    <p class='ocr_par' dir='ltr' id='par_1_12' title="bbox 2326 3156 4212 5465">
     <span class='ocr_line' id='line_1_65' title="bbox 2442 3156 3912 3242; baseline 0.002 -12"><span class='ocrx_word' id='word_1_319' title='bbox 2442 3157 2672 3242; x_wconf 91' lang='lat' dir='ltr'>Item,</span> <span class='ocrx_word' id='word_1_320' title='bbox 2707 3157 2798 3230; x_wconf 93' lang='lat' dir='ltr'>de</span> <span class='ocrx_word' id='word_1_321' title='bbox 2849 3156 3174 3232; x_wconf 87' lang='lat' dir='ltr'>ratione</span> <span class='ocrx_word' id='word_1_322' title='bbox 3234 3158 3522 3231; x_wconf 77' lang='lat' dir='ltr'>formae</span> <span class='ocrx_word' id='word_1_323' title='bbox 3564 3161 3693 3233; x_wconf 88' lang='lat' dir='ltr'>est</span> <span class='ocrx_word' id='word_1_324' title='bbox 3740 3177 3912 3233; x_wconf 90' lang='lat' dir='ltr'>ma-</span> 
     </span>
     <span class='ocr_line' id='line_1_66' title="bbox 2348 3273 3916 3367; baseline 0.001 -20"><span class='ocrx_word' id='word_1_325' title='bbox 2348 3273 2648 3347; x_wconf 87' lang='lat' dir='ltr'>teriam</span> <span class='ocrx_word' id='word_1_326' title='bbox 2701 3295 2931 3347; x_wconf 86' lang='lat' dir='ltr'>suam</span> <span class='ocrx_word' id='word_1_327' title='bbox 2985 3276 3078 3347; x_wconf 88' lang='lat' dir='ltr'>ad</span> <span class='ocrx_word' id='word_1_328' title='bbox 3123 3297 3315 3348; x_wconf 87' lang='lat' dir='ltr'>suas</span> <span class='ocrx_word' id='word_1_329' title='bbox 3357 3276 3580 3367; x_wconf 86' lang='lat' dir='ltr'>leges</span> <span class='ocrx_word' id='word_1_330' title='bbox 3631 3276 3916 3350; x_wconf 87' lang='lat' dir='ltr'>trahe-</span> 
     </span>
     <span class='ocr_line' id='line_1_67' title="bbox 2350 3392 3915 3487; baseline 0.003 -26"><span class='ocrx_word' id='word_1_331' title='bbox 2350 3410 2437 3463; x_wconf 91' lang='lat' dir='ltr'>re</span> <span class='ocrx_word' id='word_1_332' title='bbox 2470 3397 2550 3465; x_wconf 89' lang='lat' dir='ltr'>et</span> <span class='ocrx_word' id='word_1_333' title='bbox 2582 3393 3134 3474; x_wconf 84' lang='lat' dir='ltr'>actualitates,</span> <span class='ocrx_word' id='word_1_334' title='bbox 3172 3397 3253 3466; x_wconf 88' lang='lat' dir='ltr'>et</span> <span class='ocrx_word' id='word_1_335' title='bbox 3285 3392 3536 3465; x_wconf 83' lang='lat' dir='ltr'>etiam</span> <span class='ocrx_word' id='word_1_336' title='bbox 3569 3413 3915 3487; x_wconf 90' lang='lat' dir='ltr'>compo·</span> 
     </span>
     <span class='ocr_line' id='line_1_68' title="bbox 2350 3506 3908 3601; baseline 0.006 -23"><span class='ocrx_word' id='word_1_337' title='bbox 2350 3506 2625 3591; x_wconf 89' lang='lat' dir='ltr'>situm,</span> <span class='ocrx_word' id='word_1_338' title='bbox 2674 3510 3108 3583; x_wconf 84' lang='lat' dir='ltr'>secundum</span> <span class='ocrx_word' id='word_1_339' title='bbox 3154 3508 3416 3601; x_wconf 84' lang='lat' dir='ltr'>magis</span> <span class='ocrx_word' id='word_1_340' title='bbox 3456 3512 3537 3582; x_wconf 91' lang='lat' dir='ltr'>et</span> <span class='ocrx_word' id='word_1_341' title='bbox 3600 3509 3908 3589; x_wconf 83' lang='lat' dir='ltr'>minus,</span> 
     </span>
     <span class='ocr_line' id='line_1_69' title="bbox 2349 3625 3909 3720; baseline 0.002 -24"><span class='ocrx_word' id='word_1_342' title='bbox 2349 3627 2787 3698; x_wconf 90' lang='lat' dir='ltr'>secundum</span> <span class='ocrx_word' id='word_1_343' title='bbox 2875 3626 3275 3720; x_wconf 88' lang='lat' dir='ltr'>majorem</span> <span class='ocrx_word' id='word_1_344' title='bbox 3342 3629 3423 3699; x_wconf 92' lang='lat' dir='ltr'>et</span> <span class='ocrx_word' id='word_1_345' title='bbox 3484 3625 3909 3699; x_wconf 89' lang='lat' dir='ltr'>minorem</span> 
     </span>
     <span class='ocr_line' id='line_1_70' title="bbox 2347 3740 3914 3823; baseline 0.002 -11"><span class='ocrx_word' id='word_1_346' title='bbox 2347 3740 2911 3816; x_wconf 85' lang='lat' dir='ltr'>actualitatem</span> <span class='ocrx_word' id='word_1_347' title='bbox 2973 3741 3306 3823; x_wconf 82' lang='lat' dir='ltr'>sormae;</span> <span class='ocrx_word' id='word_1_348' title='bbox 3355 3741 3489 3813; x_wconf 93' lang='lat' dir='ltr'>sed</span> <span class='ocrx_word' id='word_1_349' title='bbox 3531 3740 3914 3815; x_wconf 90' lang='lat' dir='ltr'>intellec-</span> 
     </span>
     <span class='ocr_line' id='line_1_71' title="bbox 2348 3857 3910 3951; baseline 0 -20"><span class='ocrx_word' id='word_1_350' title='bbox 2348 3857 2515 3931; x_wconf 85' lang='lat' dir='ltr'>tiva</span> <span class='ocrx_word' id='word_1_351' title='bbox 2543 3858 2717 3951; x_wconf 89' lang='lat' dir='ltr'>plus</span> <span class='ocrx_word' id='word_1_352' title='bbox 2739 3857 3147 3932; x_wconf 86' lang='lat' dir='ltr'>abstrahit</span> <span class='ocrx_word' id='word_1_353' title='bbox 3172 3857 3607 3932; x_wconf 89' lang='lat' dir='ltr'>materiam</span> <span class='ocrx_word' id='word_1_354' title='bbox 3633 3879 3910 3941; x_wconf 89' lang='lat' dir='ltr'>suam,</span> 
     </span>
     <span class='ocr_line' id='line_1_72' title="bbox 2347 3974 3911 4067; baseline 0 -22"><span class='ocrx_word' id='word_1_355' title='bbox 2347 3996 2589 4067; x_wconf 86' lang='lat' dir='ltr'>quam</span> <span class='ocrx_word' id='word_1_356' title='bbox 2683 3975 2957 4067; x_wconf 87' lang='lat' dir='ltr'>aliqua</span> <span class='ocrx_word' id='word_1_357' title='bbox 3037 3974 3307 4048; x_wconf 89' lang='lat' dir='ltr'>forma</span> <span class='ocrx_word' id='word_1_358' title='bbox 3380 3976 3472 4049; x_wconf 89' lang='lat' dir='ltr'>de</span> <span class='ocrx_word' id='word_1_359' title='bbox 3570 3976 3911 4048; x_wconf 91' lang='lat' dir='ltr'>mundo.</span> 
     </span>
     <span class='ocr_line' id='line_1_73' title="bbox 2345 4091 3975 4193; baseline 0.001 -32"><span class='ocrx_word' id='word_1_360' title='bbox 2345 4092 2569 4173; x_wconf 84' lang='lat' dir='ltr'>Quod</span> <span class='ocrx_word' id='word_1_361' title='bbox 2602 4095 2850 4184; x_wconf 88' lang='lat' dir='ltr'>patet,</span> <span class='ocrx_word' id='word_1_362' title='bbox 2891 4091 3079 4185; x_wconf 91' lang='lat' dir='ltr'>quia</span> <span class='ocrx_word' id='word_1_363' title='bbox 3115 4113 3299 4165; x_wconf 91' lang='lat' dir='ltr'>cum</span> <span class='ocrx_word' id='word_1_364' title='bbox 3335 4091 3688 4165; x_wconf 90' lang='lat' dir='ltr'>materia</span> <span class='ocrx_word' id='word_1_365' title='bbox 3720 4092 3916 4187; x_wconf 87' lang='lat' dir='ltr'>ejus</span> <span class='ocrx_word' id='word_1_366' title='bbox 3967 4184 3975 4193; x_wconf 15' lang='grc' dir='ltr'><em>ὓ</em></span> 
     </span>
     <span class='ocr_line' id='line_1_74' title="bbox 2346 4196 4212 4303; baseline 0.003 -23"><span class='ocrx_word' id='word_1_367' title='bbox 2346 4208 2452 4282; x_wconf 88' lang='lat' dir='ltr'>sit</span> <span class='ocrx_word' id='word_1_368' title='bbox 2476 4210 3069 4303; x_wconf 85' lang='lat' dir='ltr'>corruptibilis,</span> <span class='ocrx_word' id='word_1_369' title='bbox 3105 4232 3247 4303; x_wconf 88' lang='lat' dir='ltr'>per</span> <span class='ocrx_word' id='word_1_370' title='bbox 3277 4215 3549 4283; x_wconf 91' lang='lat' dir='ltr'>actum</span> <span class='ocrx_word' id='word_1_371' title='bbox 3588 4231 3916 4285; x_wconf 88' lang='lat' dir='ltr'>meren·</span> <span class='ocrx_word' id='word_1_372' title='bbox 4031 4253 4036 4256; x_wconf 56' lang='lat'><strong>&lt;</strong></span> <span class='ocrx_word' id='word_1_373' title='bbox 4209 4196 4212 4231; x_wconf 71' lang='lat'>³</span> 
     </span>
     <span class='ocr_line' id='line_1_75' title="bbox 2342 4326 3912 4422; baseline 0.001 -23"><span class='ocrx_word' id='word_1_374' title='bbox 2342 4326 2442 4407; x_wconf 90' lang='lat' dir='ltr'>di,</span> <span class='ocrx_word' id='word_1_375' title='bbox 2506 4326 2828 4401; x_wconf 89' lang='lat' dir='ltr'>ordinat</span> <span class='ocrx_word' id='word_1_376' title='bbox 2885 4348 3066 4401; x_wconf 87' lang='lat' dir='ltr'>eam</span> <span class='ocrx_word' id='word_1_377' title='bbox 3108 4328 3204 4401; x_wconf 89' lang='lat' dir='ltr'>ad</span> <span class='ocrx_word' id='word_1_378' title='bbox 3255 4326 3912 4422; x_wconf 88' lang='lat' dir='ltr'>perpetuitatem</span> 
     </span>
     <span class='ocr_line' id='line_1_76' title="bbox 2341 4442 3912 4536; baseline 0.003 -23"><span class='ocrx_word' id='word_1_379' title='bbox 2341 4443 2796 4516; x_wconf 81' lang='lat' dir='ltr'>firmiorem</span> <span class='ocrx_word' id='word_1_380' title='bbox 2860 4465 3101 4536; x_wconf 81' lang='lat' dir='ltr'>quam</span> <span class='ocrx_word' id='word_1_381' title='bbox 3171 4444 3278 4518; x_wconf 89' lang='lat' dir='ltr'>sit</span> <span class='ocrx_word' id='word_1_382' title='bbox 3366 4443 3446 4515; x_wconf 93' lang='lat' dir='ltr'>in</span> <span class='ocrx_word' id='word_1_383' title='bbox 3503 4442 3739 4525; x_wconf 88' lang='lat' dir='ltr'>coe10,</span> <span class='ocrx_word' id='word_1_384' title='bbox 3825 4449 3912 4518; x_wconf 88' lang='lat' dir='ltr'>et</span> 
     </span>
     <span class='ocr_line' id='line_1_77' title="bbox 2340 4559 3909 4655; baseline 0.003 -24"><span class='ocrx_word' id='word_1_385' title='bbox 2340 4581 2520 4632; x_wconf 88' lang='lat' dir='ltr'>eam</span> <span class='ocrx_word' id='word_1_386' title='bbox 2562 4561 2736 4635; x_wconf 89' lang='lat' dir='ltr'>unit</span> <span class='ocrx_word' id='word_1_387' title='bbox 2768 4561 3035 4633; x_wconf 86' lang='lat' dir='ltr'>forma</span> <span class='ocrx_word' id='word_1_388' title='bbox 3080 4559 3721 4655; x_wconf 89' lang='lat' dir='ltr'>supernaturali,</span> <span class='ocrx_word' id='word_1_389' title='bbox 3785 4583 3909 4635; x_wconf 89' lang='lat' dir='ltr'>se-</span> 
     </span>
     <span class='ocr_line' id='line_1_78' title="bbox 2338 4679 3907 4772; baseline 0.001 -22"><span class='ocrx_word' id='word_1_390' title='bbox 2338 4681 2685 4751; x_wconf 88' lang='lat' dir='ltr'>cundum</span> <span class='ocrx_word' id='word_1_391' title='bbox 2722 4682 2927 4772; x_wconf 88' lang='lat' dir='ltr'>quod</span> <span class='ocrx_word' id='word_1_392' title='bbox 2972 4683 3194 4754; x_wconf 89' lang='lat' dir='ltr'>totus</span> <span class='ocrx_word' id='word_1_393' title='bbox 3238 4679 3481 4751; x_wconf 91' lang='lat' dir='ltr'>homo</span> <span class='ocrx_word' id='word_1_394' title='bbox 3530 4683 3656 4752; x_wconf 88' lang='lat' dir='ltr'>est</span> <span class='ocrx_word' id='word_1_395' title='bbox 3716 4681 3907 4752; x_wconf 89' lang='lat' dir='ltr'>sub·</span> 
     </span>
     <span class='ocr_line' id='line_1_79' title="bbox 2329 4794 3905 4888; baseline 0.002 -22"><span class='ocrx_word' id='word_1_396' title='bbox 2329 4795 2638 4888; x_wconf 83' lang='lat' dir='ltr'>jectum</span> <span class='ocrx_word' id='word_1_397' title='bbox 2664 4795 3186 4870; x_wconf 88' lang='lat' dir='ltr'>beatitudinis</span> <span class='ocrx_word' id='word_1_398' title='bbox 3220 4794 3603 4888; x_wconf 77' lang='lat' dir='ltr'>perfectae</span> <span class='ocrx_word' id='word_1_399' title='bbox 3639 4819 3654 4863; x_wconf 77' lang='lat' dir='ltr'><em>z</em></span> <span class='ocrx_word' id='word_1_400' title='bbox 3695 4796 3905 4886; x_wconf 89' lang='lat' dir='ltr'>quia</span> 
     </span>
     <span class='ocr_line' id='line_1_80' title="bbox 2335 4910 3901 5004; baseline 0.004 -21"><span class='ocrx_word' id='word_1_401' title='bbox 2335 4912 2769 4985; x_wconf 90' lang='lat' dir='ltr'>secundum</span> <span class='ocrx_word' id='word_1_402' title='bbox 2808 4910 3133 4988; x_wconf 89' lang='lat' dir='ltr'>beatum</span> <span class='ocrx_word' id='word_1_403' title='bbox 3185 4912 3763 5004; x_wconf 83' lang='lat' dir='ltr'>Augustinum,</span> <span class='ocrx_word' id='word_1_404' title='bbox 3807 4920 3901 4989; x_wconf 88' lang='lat' dir='ltr'>ut</span> 
     </span>
     <span class='ocr_line' id='line_1_81' title="bbox 2330 5028 4208 5131; baseline 0.002 -30"><span class='ocrx_word' id='word_1_405' title='bbox 2330 5029 2637 5103; x_wconf 89' lang='lat' dir='ltr'>dictum</span> <span class='ocrx_word' id='word_1_406' title='bbox 2694 5033 2818 5103; x_wconf 88' lang='lat' dir='ltr'>est</span> <span class='ocrx_word' id='word_1_407' title='bbox 2864 5054 3096 5119; x_wconf 79' lang='lat' dir='ltr'>supra,</span> <span class='ocrx_word' id='word_1_408' title='bbox 3153 5028 3427 5103; x_wconf 90' lang='lat' dir='ltr'>anima</span> <span class='ocrx_word' id='word_1_409' title='bbox 3489 5037 3897 5125; x_wconf 87' lang='lat' dir='ltr'>separata</span> <span class='ocrx_word' id='word_1_410' title='bbox 3952 5039 4089 5093; x_wconf 79' lang='lat' dir='ltr'><strong>Num·</strong></span> <span class='ocrx_word' id='word_1_411' title='bbox 4207 5092 4208 5131; x_wconf 58' lang='lat'><em>³</em></span> 
     </span>
     <span class='ocr_line' id='line_1_82' title="bbox 2329 5145 4208 5241; baseline 0.003 -25"><span class='ocrx_word' id='word_1_412' title='bbox 2329 5145 2688 5237; x_wconf 84' lang='lat' dir='ltr'>perfecte</span> <span class='ocrx_word' id='word_1_413' title='bbox 2764 5150 2942 5219; x_wconf 91' lang='lat' dir='ltr'>tota</span> <span class='ocrx_word' id='word_1_414' title='bbox 3027 5145 3480 5219; x_wconf 89' lang='lat' dir='ltr'>intensione</span> <span class='ocrx_word' id='word_1_415' title='bbox 3578 5146 3897 5241; x_wconf 87' lang='lat' dir='ltr'>absque</span> <span class='ocrx_word' id='word_1_416' title='bbox 4207 5146 4208 5157; x_wconf 69' lang='lat'><em>&#39;</em></span> 
     </span>
     <span class='ocr_line' id='line_1_83' title="bbox 2326 5262 3878 5355; baseline 0.002 -20"><span class='ocrx_word' id='word_1_417' title='bbox 2326 5283 2678 5355; x_wconf 90' lang='lat' dir='ltr'>corpore</span> <span class='ocrx_word' id='word_1_418' title='bbox 2739 5262 2816 5334; x_wconf 93' lang='lat' dir='ltr'>in</span> <span class='ocrx_word' id='word_1_419' title='bbox 2849 5282 3256 5335; x_wconf 90' lang='lat' dir='ltr'>summum</span> <span class='ocrx_word' id='word_1_420' title='bbox 3306 5262 3599 5336; x_wconf 82' lang='lat' dir='ltr'>coelum</span> <span class='ocrx_word' id='word_1_421' title='bbox 3660 5262 3878 5339; x_wconf 86' lang='lat' dir='ltr'>ferri</span> 
     </span>
    </p>
   </div>
   <div class='ocr_carea' id='block_1_9' title="bbox 652 5363 2812 5472">
    <p class='ocr_par' dir='ltr' id='par_1_13' title="bbox 652 5363 2812 5472">
     <span class='ocr_line' id='line_1_84' title="bbox 652 5363 2812 5472; baseline 0.003 -36"><span class='ocrx_word' id='word_1_422' title='bbox 652 5365 932 5439; x_wconf 89' lang='lat' dir='ltr'>verius</span> <span class='ocrx_word' id='word_1_423' title='bbox 966 5368 1046 5439; x_wconf 91' lang='lat' dir='ltr'>et</span> <span class='ocrx_word' id='word_1_424' title='bbox 1097 5363 1535 5457; x_wconf 83' lang='lat' dir='ltr'>perfectius</span> <span class='ocrx_word' id='word_1_425' title='bbox 1581 5363 1862 5436; x_wconf 85' lang='lat' dir='ltr'>unitur</span> <span class='ocrx_word' id='word_1_426' title='bbox 1911 5364 1984 5436; x_wconf 92' lang='lat' dir='ltr'>ei</span> <span class='ocrx_word' id='word_1_427' title='bbox 2021 5391 2034 5434; x_wconf 78' lang='grc' dir='ltr'>ε</span> <span class='ocrx_word' id='word_1_428' title='bbox 2074 5366 2208 5437; x_wconf 88' lang='lat' dir='ltr'>sed</span> <span class='ocrx_word' id='word_1_429' title='bbox 2321 5401 2481 5453; x_wconf 80' lang='lat' dir='ltr'>non</span> <span class='ocrx_word' id='word_1_430' title='bbox 2521 5384 2812 5472; x_wconf 69' lang='lat' dir='ltr'>potest.</span> 
     </span>
    </p>
   </div>
   <div class='ocr_carea' id='block_1_10' title="bbox 658 5489 2204 5583">
    <p class='ocr_par' dir='ltr' id='par_1_14' title="bbox 658 5489 2204 5583">
     <span class='ocr_line' id='line_1_85' title="bbox 658 5489 2204 5583; baseline -0.003 -18"><span class='ocrx_word' id='word_1_431' title='bbox 658 5496 835 5565; x_wconf 82' lang='lat' dir='ltr'>tota</span> <span class='ocrx_word' id='word_1_432' title='bbox 872 5491 1088 5566; x_wconf 90' lang='lat' dir='ltr'>ratio</span> <span class='ocrx_word' id='word_1_433' title='bbox 1141 5489 1600 5583; x_wconf 68' lang='lat' dir='ltr'>praesentis,</span> <span class='ocrx_word' id='word_1_434' title='bbox 1651 5510 1823 5581; x_wconf 80' lang='lat' dir='ltr'>quae</span> <span class='ocrx_word' id='word_1_435' title='bbox 1887 5490 2204 5581; x_wconf 81' lang='lat' dir='ltr'>excogi-</span> 
     </span>
    </p>
   </div>
   <div class='ocr_carea' id='block_1_11' title="bbox 2414 5498 4076 5594">
    <p class='ocr_par' dir='ltr' id='par_1_15' title="bbox 2414 5498 4076 5594">
     <span class='ocr_line' id='line_1_86' title="bbox 2414 5498 4076 5594; baseline 0.002 -24"><span class='ocrx_word' id='word_1_436' title='bbox 2414 5501 2643 5579; x_wconf 89' lang='lat' dir='ltr'>Item,</span> <span class='ocrx_word' id='word_1_437' title='bbox 2681 5498 3043 5570; x_wconf 81' lang='lat' dir='ltr'>videmus</span> <span class='ocrx_word' id='word_1_438' title='bbox 3083 5500 3287 5591; x_wconf 86' lang='lat' dir='ltr'>quod</span> <span class='ocrx_word' id='word_1_439' title='bbox 3320 5500 3473 5572; x_wconf 93' lang='lat' dir='ltr'>duo</span> <span class='ocrx_word' id='word_1_440' title='bbox 3505 5518 3879 5594; x_wconf 87' lang='lat' dir='ltr'>corpora</span> <span class='ocrx_word' id='word_1_441' title='bbox 4021 5531 4076 5583; x_wconf 67' lang='grc' dir='ltr'>ῃ</span> 
     </span>
    </p>
   </div>
   <div class='ocr_carea' id='block_1_12' title="bbox 653 5611 3883 5711">
    <p class='ocr_par' dir='ltr' id='par_1_16' title="bbox 653 5611 3883 5711">
     <span class='ocr_line' id='line_1_87' title="bbox 653 5611 3883 5711; baseline 0.001 -24"><span class='ocrx_word' id='word_1_442' title='bbox 653 5615 818 5687; x_wconf 89' lang='lat' dir='ltr'>tari</span> <span class='ocrx_word' id='word_1_443' title='bbox 858 5617 1151 5709; x_wconf 89' lang='lat' dir='ltr'>potest,</span> <span class='ocrx_word' id='word_1_444' title='bbox 1191 5613 1479 5686; x_wconf 66' lang='lat' dir='ltr'>forma&gt;</span> <span class='ocrx_word' id='word_1_445' title='bbox 1515 5613 1608 5683; x_wconf 86' lang='lat' dir='ltr'>ad</span> <span class='ocrx_word' id='word_1_446' title='bbox 1655 5611 2089 5685; x_wconf 86' lang='lat' dir='ltr'>materiam</span> <span class='ocrx_word' id='word_1_447' title='bbox 2122 5612 2202 5683; x_wconf 89' lang='lat' dir='ltr'>in</span> <span class='ocrx_word' id='word_1_448' title='bbox 2316 5634 2477 5685; x_wconf 88' lang='lat' dir='ltr'>non</span> <span class='ocrx_word' id='word_1_449' title='bbox 2539 5618 2880 5711; x_wconf 88' lang='lat' dir='ltr'>possunt</span> <span class='ocrx_word' id='word_1_450' title='bbox 2925 5613 3077 5686; x_wconf 91' lang='lat' dir='ltr'>sibi</span> <span class='ocrx_word' id='word_1_451' title='bbox 3138 5614 3639 5690; x_wconf 86' lang='lat' dir='ltr'>naturaliter</span> <span class='ocrx_word' id='word_1_452' title='bbox 3682 5616 3883 5692; x_wconf 85' lang='lat' dir='ltr'>inti-</span> 
     </span>
    </p>
   </div>
  </div>
 </body>
</html>
