4252 6393
729 376 846 446 114

379 535 694 652 Dggg'ggff·
731 557 894 608 non
930 540 1377 626 generatur
1412 556 1663 628 prope
1699 540 2042 616 terram,
2071 537 2152 607 et
2184 533 2263 606 in

666 656 676 665 ’
724 651 1099 726 inferiori
1136 652 1467 743 regione
1499 651 1770 724 aeris?
1804 653 2069 725 Causa
2108 655 2259 732 est,

724 768 912 860 quia.
955 769 1262 858 grando
1294 790 1456 841 non
1502 773 1946 859 generatur
1978 767 2135 839 nisi
2184 767 2264 838 in

721 890 1034 967 aestate,
1062 887 1188 957 vel
1233 887 1311 958 in
1335 885 1843 979 temporibus
1887 885 2264 959 interme-

719 1001 897 1082 diis,
963 1001 1275 1093 quando
1317 1022 1479 1073 non
1521 1007 1645 1075 est
1692 1001 2010 1074 intensa
2070 997 2263 1073 cali—

718 1118 954 1200 ditas,
1034 1123 1113 1191 et
1173 1123 1365 1192 tunc
1438 1139 1693 1211 prope
1755 1123 2071 1190 terram
2139 1121 2263 1189 est

721 1235 1122 1307 intensior
1179 1234 1577 1317 caliditaS,
1642 1256 1815 1326 quse
1885 1233 2263 1308 continue

719 1351 984 1426 elevat
1014 1371 1428 1442 vaporem,
1478 1357 1818 1444 propter
1851 1351 1975 1423 sui
2012 1351 2262 1424 inten-

725 1468 1063 1548 sionem,
1122 1468 1291 1540 ideo
1334 1488 1593 1560 vapor
1641 1489 1800 1540 non
1844 1471 2110 1562 potest
2158 1465 2262 1541 ibi

725 1601 1079 1655 manere.
1151 1583 1331 1655 Alia
1391 1605 1637 1656 causa
1709 1589 1976 1677 potest
2053 1605 2257 1666 esse,

726 1699 909 1789 quia
954 1720 1213 1791 vapor
1238 1700 1393 1774 istc
1427 1720 1585 1772 non
1609 1706 1734 1774 est
1761 1700 2265 1773 sufficienter

721 1815 1108 1905 digestuS,
1147 1838 1283 1888 seu
1318 1817 1786 1910 dispositus,
1836 1823 1922 1893 ut
1956 1816 2260 1909 abipso

723 1936 1164 2021 generetur
1204 1934 1536 2022 grando.

808 2053 1117 2130 Quarto
1147 2050 1587 2132 dubitatur,
1625 2071 1878 2142 quare
1915 2051 2262 2143 quando-

721 2186 871 2256 que
911 2165 1137 2239 circa
1169 2166 1601 2254 grandines
1643 2172 1985 2259 appar-‘et
2029 2167 2261 2258 quasi

716 2280 981 2353 forma
1036 2282 1217 2353 alba
1259 2282 1354 2353 ad
1423 2285 1741 2356 modum
1788 2284 2126 2376 pruinae,
2182 2288 2261 2356 et

420 2414 646 2468 solutio.
717 2398 1225 2471 circumdare
1245 2399 1569 2488 globum
1592 2400 2036 2490 grandinis.
2064 2407 2259 2476 Cau-

714 2535 803 2587 sa
868 2520 1017 2596 est,
1099 2517 1287 2607 quia
1354 2517 1661 2606 grando
1726 2518 1806 2588 in
1872 2517 2257 2591 descensu

712 2653 856 2704 suo
931 2631 1203 2705 obviat
1274 2632 1555 2707 multis
1622 2633 2066 2725 vaporibus
2137 2657 2257 2707 as-

706 2748 1226 2822 cendentibus
1271 2770 1625 2832 sursum,
1682 2772 1883 2842 quos
1921 2772 2085 2844 prae
2131 2753 2256 2825 sui

708 2864 1162 2954 frigiditate
1249 2865 1656 2957 congelat,
1740 2870 1819 2939 et
1904 2887 2255 2960 vapores

703 2981 823 3055 illi
864 2981 1273 3072 congelati
1314 2981 2256 3075 adhaerentg1·andini‚et

709 3099 975 3193 ipsum
1061 3100 1633 3184 circumstant,
1715 3107 1795 3175 ct
1882 3102 1998 3175 sic
2066 3126 2252 3176 cum

707 3217 1098 3308 grandine
1141 3219 1610 3312 quandoque
1657 3219 1869 3294 cadit
1931 3221 2247 3313 pruina.

798 3333 913 3407 Ad
947 3334 1332 3408 rationes.
1355 3336 1466 3408 Ad
1502 3335 1874 3429 primam,
1912 3341 2015 3406 vel
2052 3364 2253 3429 vapo-

357 3504 446 3552 Μ
474 3440 619 3554 ᾖξ’-ω,
660 3544 673 3560 ο
710 3454 828 3534 rie,
856 3457 1008 3525 etc.
1044 3452 1243 3524 Dico
1279 3455 1482 3544 quod
1516 3473 1777 3546 vapor
1810 3454 2039 3547 prius
2067 3476 2249 3529 con-

349 3568 604 3631 pre'ncv'ra
631 3586 676 3620 e·
704 3568 1064 3642 vertitur
1125 3568 1202 3640 in
1263 3589 1581 3661 aquam,
1648 3591 1890 3663 quam
1961 3593 2249 3663 conge-

702 3684 947 3767 latur,
980 3692 1321 3778 propter
1345 3687 1982 3775 grossitudinem
2006 3709 2246 3781 vapo-

699 3800 840 3881 ris,
876 3805 957 3875 et
989 3801 1568 3875 abundantiam
1619 3802 2132 3877 humiditatis
2169 3805 2246 3877 in

698 3918 897 4009 ipso.
948 3920 1046 3990 Et
1080 3919 1398 4009 quando
1442 3917 1769 4000 dicitur,
1821 3918 1975 3993 ista
2024 3922 2243 4003 eade-

695 4045 821 4114 ret
863 4041 1270 4123 deorsum,
1335 4043 1685 4115 concedo
1746 4045 1953 4134 quod
1992 4045 2244 4120 conti-

693 4186 846 4236 nue
931 4167 1143 4239 cadit
1223 4167 1630 4248 deorsum,
1714 4188 1898 4240 cum
1969 4176 2241 4245 motus

694 4289 1291 4377 congelationis
1338 4294 1680 4383 propter
1728 4292 1903 4381 ejus
1948 4295 2241 4369 veloci-

693 4418 949 4489 tatem
1015 4438 1337 4510 semper
1396 4416 1851 4510 praecipitet
1923 4408 2238 4496 motum

688 4540 1059 4613 localem.
1118 4546 1219 4616 Et
1262 4541 1329 4614 si
1380 4542 1769 4637 objicitur
1829 4547 2032 4637 quod
2073 4549 2241 4621 des-

688 4688 977 4738 census
1029 4667 1191 4750 ille,
1241 4691 1433 4741 cum
1503 4669 1609 4744 sit
1679 4670 2002 4761 quidam
2075 4695 2237 4748 mo-

686 4798 843 4875 tus,
881 4794 1040 4868 crit
1073 4796 1427 4888 alicujus
1462 4796 1804 4880 caloriS,
1855 4802 2234 4884 concedo,

687 4925 961 4994 tamen
1011 4921 1482 5013 frigefactio
1516 4927 1640 4997 est
1676 4929 1945 4998 motus
1982 4925 2233 5000 inten-

690 5045 889 5116 sior.

777 5170 890 5242 Ad
960 5172 1416 5253 secundam,
1462 5162 1769 5262 partibus
1820 5180 2227 5265 temperatis,

684 5300 838 5369 etc.
901 5298 1099 5370 Dico
1144 5298 1347 5391 quod
1402 5299 1588 5382 imo,
1629 5301 1817 5392 quia
1860 5304 2228 5396 quamvis

684 5422 790 5495 sit
825 5427 1396 5517 temperatum,
1435 5430 1703 5500 tamen
1750 5449 1892 5520 per
1924 5427 2228 5522 antipe-

686 5548 1023 5622 ristasin
1096 5554 1363 5643 potest
1441 5551 1621 5626 fieri
1702 5555 2053 5646 qualitas
2118 5556 2226 5629 in-

377 2082 603 2136 Dubium
633 2084 687 2138 ⁴.

412 5208 501 5260 Αἵ
527 5205 575 5260 2.

1878 377 2019 438 ΗΒ.
2072 378 2115 442 Ι,
2162 376 2702 439 METEORORUM

2375 537 2861 626 temperata,
2911 533 3123 606 sicut
3168 531 3604 623 frigiditas,
3650 551 3694 602 a
3765 552 3918 623 qua

2376 651 2769 722 causatur
2801 649 3145 738 grando.
3217 727 3222 734 ,
3299 711 3306 732 .,

2465 766 2579 838 Α(1
2616 766 2978 846 tertiam,
3015 765 3194 838 dico
3229 764 3439 856 quod
3468 764 3559 836 fit
3593 762 3910 835 intenso

2378 881 2702 973 frigido.
2751 885 2852 957 Et
2893 881 3208 973 quando
3240 880 3566 961 dicitur,
3616 880 3695 952 in
3736 880 3918 971 hye-

2379 1019 2527 1080 me,
2585 998 2764 1080 dico
2834 999 3040 1090 quod
3083 998 3164 1069 in
3229 997 3520 1089 hyeme
3584 1017 3741 1069 non
3802 1001 3924 1071 est

2378 1115 3013 1207 antiperistasis,
3069 1138 3270 1209 quae.
3316 1115 3772 1208 requiritur
3830 1115 3922 1186 ad

2379 1230 2990 1322 generationem
3025 1232 3470 1322 grandinis.
3541 1311 3544 1318 ‚

2466 1352 2579 1424 Ad
2611 1356 3018 1443 quartam,
3062 1353 3352 1441 quando,
3402 1356 3556 1426 etc.
3615 1351 3918 1422 Verum

2376 1470 2526 1550 est,
2564 1467 2723 1539 nisi
2763 1468 2994 1540 calor
3027 1467 3181 1542 iste
3220 1474 3441 1544 esset
3501 1467 3745 1541 nimis
3808 1467 3917 1539 in·

2379 1586 2677 1666 tentus,
2738 1588 2820 1657 et
2874 1584 3490 1676 consumptivus
3552 1583 3915 1677 vaporis.

4019 784 4098 832 Ad
4109 783 4150 833 3.

4022 1358 4102 1409 ..la
4123 1358 4166 1407 ⁴.

2714 1892 3179 1976 QUAESTIO
3285 1893 3577 1964 XXIV.

2382 2091 2617 2159 Utrum
2654 2092 2902 2160 rubedo
2939 2093 3274 2158 matutina
3328 2093 3415 2156 sie
3460 2092 3726 2178 siynum
3773 2091 3923 2177 plu-

3063 2209 3238 2273 vioe?

2463 2400 2868 2491 Arguitur
2900 2401 3109 2492 quod
3150 2421 3335 2483 non,
3385 2401 3572 2493 quia
3617 2400 3917 2473 rubedo
4074 2415 4115 2466 ι.
4203 2481 4212 2490 ,

2375 2517 2782 2591 matutina
2849 2523 2973 2612 est
3034 2516 3356 2608 signum
3416 2517 3820 2590 siccitatis
3893 2484 4221 2594 :niissslpn'

2373 2633 2631 2722 igitur
2680 2656 2842 2708 non
2892 2641 3017 2710 est
3068 2636 3390 2726 signum
3428 2635 3741 2728 pluviae.
3779 2636 3917 2707 Te-

2370 2753 2506 2822 net
2549 2751 3155 2843 consequentia,
3220 2750 3408 2843 quia¹
3470 2751 3744 2844 pluvia
3791 2772 3920 2842 ge·

2369 2871 2714 2940 noratur
2753 2890 2853 2940 ex
2918 2888 3167 2942 causa
3218 2867 3566 2940 humida.
3603 2871 3728 2942 *Et
3783 2889 3919 2940 an·

2371 2983 2740 3055 teccdens
2775 3003 2978 3076 appa
2996 2989 3146 3066 ret,
3183 2983 3368 3076 quia
3408 2983 3702 3056 rubedo
3734 3004 3919 3056 cau-

2371 3103 2605 3174 satur
2670 3122 2769 3174 ex
2842 3100 3388 3194 permixtione
3456 3100 3661 3173 lucis
3729 3122 3920 3174 cum

2367 3215 2851 3295 humiditate
2895 3221 3207 3307 adusta,
3256 3241 3430 3311 quae
3497 3224 3622 3294 est
3661 3239 3918 3292 causa

2368 3332 2796 3415 siccitatis.

2456 3452 2840 3533 Secundo,
2890 3452 2958 3524 si
3006 3452 3145 3533 sic,
3192 3452 3342 3523 hoc
3389 3452 3739 3543 maxime
3787 3473 3910 3524 es-
3939 3485 4219 3536 smmum„

2366 3571 2487 3641 set
2521 3568 2818 3653 rubedo
2853 3568 3064 3653 Solis
3104 3568 3194 3640 dc
3243 3589 3474 3641 mane
3535 3567 3909 3651 orientis,

2362 3688 2450 3757 ut
2517 3685 3069 3758 communiter
3120 3685 3426 3760 dicitur
3492 3710 3507 3755 z
3566 3687 3697 3758 sed
3759 3684 3914 3760 lioc

2363 3820 2547 3882 non,
2597 3801 2786 3894 quia
2831 3802 3126 3874 rubedo
3186 3805 3431 3876 Lunae
3490 3824 3650 3875 non
3709 3803 3915 3877 desi-

2362 3922 2558 4008 gnat
2631 3918 3023 4010 pluviam3
3081 3919 3339 4010 igitur
3396 3943 3541 3995 nec
3610 3920 3913 4009 rubedo

2362 4034 2601 4108 Solis».
2674 4036 2921 4110 Tenet
3006 4037 3613 4130 consequentia,
3715 4036 3932 4129 quia¹

2359 4150 2562 4223 idem
2606 4150 2930 4227 videtur
2960 4174 3138 4238 esse
3173 4153 3910 4246 judiciumutrius-

2359 4287 2532 4359 que.
2591 4271 2689 4342 Et
2739 4270 3218 4343 antecedens
3279 4275 3651 4365 apparet,
3716 4272 3908 4363 quia

2355 4404 2456 4455 ex
2510 4384 2886 4457 rubedine
2955 4387 3196 4461 Lunae
3257 4389 3531 4461 nullus
3592 4388 3901 4481 accipit

2358 4501 2706 4592 signum.
3398 4588 3408 4597 ⁴

2443 4617 2746 4703 Terti0,
2848 4620 3142 4694 rubedo
3222 4623 3694 4716 vespertina·
3770 4630 3898 4701 est
3973 4655 4213 4707 res-scum.

2353 4732 2676 4825 signum
2720 4738 3236 4822 serenitatis3
3280 4739 3535 4831 igitur
3565 4746 3645 4816 et
3673 4739 3901 4815 rube-

2350 4851 2446 4924 do
2492 4856 2923 4929 matutina..
2982 4856 3230 4933 Tenet
3278 4860 3890 4951 consequentia,

2351 4966 2539 5058 quia
2608 4990 2876 5043 causae
2972 4969 3444 5046 consimiles
3516 4974 3894 5050 videntur

2347 5103 2526 5155 esse
2578 5085 3033 5178 utrobique.
3093 5088 3193 5162 Et
3225 5090 3706 5164 antecedens
3760 5110 3892 5183 ap·

2347 5206 2585 5293 paret
2626 5202 2721 5273 ad
2762 5203 3382 5295 experientiam.

2434 5319 2912 5413 Oppositum
2983 5318 3368 5414 arguitur
3434 5344 3580 5416 per
3653 5345 4211 5432 expe-oppdum

2345 5435 2758 5521 rientiam,
2818 5443 2899 5512 ct
2961 5459 3104 5531 per
3188 5439 3720 5519 Aristotelem
3798 5439 3879 5513 in

2345 5555 2650 5630 littera..
