4252 6393
324 3317 569 3441 dffp'tgr

408 3457 545 3505 qaecoe.

679 354 798 422 202

676 640 883 731 quod
987 661 1272 714 sensus
1377 635 1893 737 deciperetur
1995 647 2219 719 circa

674 777 908 830 suum
979 760 1406 853 proprium
1444 762 1872 855 objectum.
1929 768 2220 838 Conse-

679 895 929 965 quens
974 874 1299 957 falsum,
1343 879 1409 948 2.
1458 881 1539 945 de
1594 873 1865 948 Anima.
1913 884 2013 955 Et
2057 902 2218 953 ma-

673 992 891 1064 xime
932 1011 1092 1064 non
1154 993 1556 1085 decipitur
1588 995 2018 1087 judicando
2076 999 2216 1071 ali-

681 1109 867 1200 quid
931 1131 1109 1181 esse
1179 1110 1671 1194 coloratum,
1747 1114 2042 1198 album,
2103 1117 2215 1189 vi·

680 1226 883 1308 ride,
957 1233 1097 1301 aut
1174 1229 1638 1321 puniceum,
1727 1233 1912 1325 quia
1991 1235 2215 1307 visus

669 1343 982 1435 judicat
1044 1345 1368 1417 colores
1434 1348 1670 1420 Iridis
1739 1371 1917 1423 esse
1974 1372 2216 1425 veros

675 1463 1023 1545 colores,
1115 1464 1248 1555 qui
1328 1469 1601 1538 tamen
1682 1471 1869 1541 sunt
1951 1469 2217 1541 solum

674 1586 1191 1672 apparentes.

769 1699 856 1769 In
961 1698 1409 1788 quaestione
1468 1699 1734 1792 primo
1797 1699 2217 1773 videndum

672 1814 801 1886 est
864 1813 953 1885 de
1008 1815 1278 1885 causis
1348 1817 1850 1908 apparentiae
1908 1817 2217 1890 coloris

677 1928 941 2001 Iridis.
1009 1931 1396 2012 Secundo,
1469 1931 1875 2007 videbitur
1931 1934 2022 2005 de
2087 1936 2216 2007 du-

670 2044 852 2119 biis.

1169 2390 1601 2448 ARTICULUS
1679 2391 1722 2447 1.

741 2578 837 2643 De
893 2578 1110 2643 caus-is
1159 2579 1574 2664 apparentiae
1622 2579 1864 2644 coloris
1917 2579 2149 2645 iridis.

767 2781 1172 2859 Qua-ntum
1243 2777 1339 2847 ad
1401 2777 1781 2869 primum,
1865 2776 2219 2869 praemit-

674 2894 930 2965 tendae
990 2896 1175 2965 sunt
1239 2891 1867 2985 suppositiones.
1942 2894 2219 2965 Prima

675 3013 824 3089 est,
864 3009 1069 3101 quod
1116 3008 1388 3080 radius
1432 3008 1760 3080 luminis
1806 3010 2216 3081 transiens

676 3145 821 3218 per
894 3122 1386 3217 diaphanum
1448 3123 1838 3217 spissum,
1922 3130 2001 3198 et
2077 3126 2215 3199 ali-

675 3242 1033 3334 qualiter
1079 3243 1529 3322 densatum,
1575 3240 1771 3315 facit
1814 3262 2215 3335 apparere

574 3392 611 3427 a
671 3359 1059 3432 colorem.
1125 3358 1343 3430 Unde
1401 3379 1756 3450 corpora
1814 3359 2216 3452 diaphana

668 3477 1072 3558 dicuntur,
1120 3496 1266 3568 per
1318 3496 1491 3567 quae
1529 3479 1752 3568 patet
1811 3476 2214 3549 transitus

669 3593 1040 3673 luminis,
1120 3594 1331 3667 sicut
1429 3598 1617 3666 sunt
1691 3613 1858 3674 aer,
1958 3613 2209 3684 aqua,

669 3711 1142 3802 crystallus,
1185 3710 1520 3791 vitrum,
1584 3713 1663 3783 et
1720 3709 2212 3802 hujusmodi.

673 3826 1080 3900 Probatur
1155 3826 1612 3919 suppositio
1679 3827 1968 3918 primo,
2027 3826 2216 3918 quia

670 3944 803 4016 Sol
893 3943 1114 4015 visus
1186 3963 1330 4035 per
1407 3943 1716 4014 sumum
1786 3947 2215 4014 exeuntem

668 4065 760 4137 de
820 4060 1169 4139 camino,
1234 4065 1576 4152 apparet
1642 4080 1820 4130 esse
1892 4059 2211 4131 rubeus.

761 4178 1146 4259 Secundo,
1196 4175 1382 4266 quia
1427 4177 1561 4247 Sol
1594 4177 1684 4247 de
1719 4195 1951 4247 mane
1995 4176 2216 4247 visus

672 4315 819 4388 per
884 4313 1236 4385 vapores
1315 4312 1655 4383 grossos
1740 4292 2100 4364 elevatos
2171 4311 2217 4362 a

670 4415 926 4491 terra,
982 4415 1324 4504 apparet
1360 4429 1537 4480 esse
1590 4408 1911 4479 rubeus.

758 4526 1061 4608 Tertio,
1130 4526 1316 4618 quia
1360 4524 1427 4596 si
1479 4525 1611 4597 Sol
1660 4524 2033 4597 videatur
2077 4545 2219 4617 per

671 4643 1160 4735 crystallum
1238 4640 1741 4714 exactiorem
1819 4645 2219 4733 apparent

674 4761 998 4833 colores
1069 4757 1379 4831 similes
1456 4757 1875 4830 coloribus
1950 4757 2212 4828 1111113.

762 4882 1098 4960 QuartO,
1157 4874 1342 4967 quia
1386 4874 1452 4945 si
1489 4874 1621 4946 Sol
1658 4872 2033 4946 videatur
2079 4895 2220 4965 per

673 5016 817 5066 vas
861 4992 1352 5087 sphaerieum
1390 4992 1709 5083 plenum
1756 5010 1987 5080 aqua,
2026 4994 2217 5062 tunc

679 5113 759 5186 in
817 5132 1008 5183 vase
1062 5110 1200 5182 illo
1265 5112 1663 5201 apparent
1723 5105 2079 5186 colores;
2135 5111 2216 5179 et

681 5228 953 5302 omnia
988 5228 1128 5301 illa
1161 5226 1489 5317 signant
1524 5226 1730 5315 quod
1786 5224 2054 5294 lumen
2107 5222 2217 5293 vi-

680 5368 855 5419 sum
901 5366 1046 5438 per
1101 5342 1586 5435 diaphanum
1652 5342 2029 5434 spissum,
2093 5338 2221 5410 vel

680 5461 1154 5556 aliqualiter
1183 5461 1540 5539 densum,
1583 5458 1777 5530 facit
1819 5477 2222 5549 apparere

682 5582 1085 5661 colorem3
1153 5580 1232 5651 et
1283 5595 1526 5648 causa
1616 5579 1764 5657 est,
1847 5574 2032 5670 quia
2112 5573 2219 5643 lu-

1899 364 2056 431 LlB.
2103 367 2205 431 111.
2252 368 2794 437 ΜΕΤΕΟΗΟΗΗΜ

761 521 1086 606 Tertio,
1133 523 1200 597 si
1258 524 1373 600 ita
1432 529 1670 609 esset,
1739 534 2222 621 sequeretur

2333 553 2511 604 men
2553 555 2736 608 cum
2778 536 3055 613 veniat
3103 540 3196 612 de
3255 542 3515 616 medio
3568 528 3877 621 rariori

2331 651 2426 721 ad
2489 652 2834 725 medium
2895 656 3219 730 densius
3280 660 3720 754 frangitur,
3786 670 3872 740 ut

2333 773 2556 861 patet
2587 790 2685 842 ex
2717 771 2982 854 dictis,
3012 780 3090 848 et
3133 797 3229 848 ex
3269 779 3416 851 tali
3468 779 3873 856 fractione

2332 884 2919 978 incorporatur
2986 892 3256 966 lumen
3327 895 3403 968 in
3468 898 3872 991 diaphano

2332 1003 2738 1094 spissiori,
2811 1012 2891 1080 et
2970 1013 3160 1083 tunc
3234 1018 3577 1106 propter
3645 1017 3871 1090 illam

2332 1118 3117 1214 incorporationem,
3164 1133 3244 1201 et
3302 1136 3646 1223 propter
3689 1154 3873 1225 opa-

2326 1235 2659 1309 citatem
2725 1240 2945 1313 illius
3012 1244 3389 1337 diaphani
3446 1249 3694 1330 densi,
3760 1274 3874 1324 se·-

2329 1356 2674 1426 cundum
2757 1359 3122 1432 colorem
3207 1363 3416 1455 eJuS,
3522 1367 3656 1459 qui
3747 1373 3873 1443 est

2329 1472 2557 1545 valde
2655 1476 3080 1558 remissus,
3180 1488 3580 1575 apparent
3664 1486 3872 1558 tales

2330 1591 2678 1664 colores.

2422 1712 2778 1783 Secunda
2829 1716 3310 1807 suppositio,
3372 1720 3577 1808 quod
3621 1719 3688 1790 si
3743 1740 3873 1812 po·

2332 1833 2669 1901 neretur
2744 1849 3046 1923 corpus
3140 1833 3593 1918 reflectens,
3680 1837 3874 1909 talis

2331 1944 2564 2016 color
2649 1953 3089 2039 appareret
3175 1950 3253 2021 in
3326 1972 3679 2043 corpore
3757 1974 3878 2027 re-

2332 2062 2729 2143 flectente,
2815 2064 3076 2156 qualis
3148 2072 3493 2160 apparet
3570 2068 3650 2141 in
3717 2069 3878 2142 dia-

2331 2180 2598 2273 phano
2659 2183 2950 2275 spisso,
3037 2188 3116 2258 et
3192 2206 3336 2277 per
3404 2185 3881 2280 incorpora-

2330 2299 2638 2371 tionem
2690 2300 3045 2373 luminis.
3096 2303 3505 2378 Probatur
3565 2326 3710 2398 per
3749 2328 3882 2377 ex-

2336 2415 2803 2507 perientias,
2877 2417 3140 2509 primo
3201 2420 3291 2492 de
3349 2440 3542 2493 vase
3609 2421 3878 2496 vitreo

2332 2532 2763 2625 sphaerico,
2812 2534 2997 2626 quia
3049 2535 3115 2606 si
3181 2542 3406 2610 retro
3454 2538 3533 2610 in
3591 2538 3882 2611 umbra

2331 2649 2505 2740 ejus
2544 2650 2982 2742 objiciatur
3025 2672 3335 2734 manus,
3382 2655 3507 2727 vel
3550 2655 3879 2748 aliquod

2334 2786 2674 2857 opacum
2748 2768 3195 2850 reflectens,
3256 2777 3603 2863 apparet
3643 2773 3881 2845 color

2330 2882 2547 2962 talis,
2612 2885 2876 2975 qualis
2950 2886 3175 2979 prius
3237 2887 3685 2981 apparebat
3729 2911 3879 2983 per

2334 3001 2939 3085 refractionem,
2987 3011 3067 3078 et
3115 3006 3876 3100 incorporationem

2330 3120 2686 3193 luminis.
2735 3123 3118 3205 Secundo,
3158 3124 3345 3215 quia
3389 3125 3458 3195 si
3520 3130 3881 3218 ponatur

2329 3238 2636 3311 vitrum
2700 3240 3021 3332 plenum
3073 3261 3283 3332 aqua
3353 3264 3602 3335 supra
3667 3265 3881 3315 men-

2330 3376 2529 3436 sam,
2613 3361 2692 3430 et
2773 3356 3070 3430 incidat
3158 3359 3485 3433 luminis
3566 3381 3713 3453 per
3764 3360 3880 3433 vi-

2331 3477 2576 3554 trum,
2664 3478 2850 3546 tunc
2930 3474 3025 3545 ad
3115 3496 3472 3558 manum,
3566 3478 3688 3549 vel
3779 3479 3879 3550 ad

2330 3610 2691 3661 mensam
2764 3590 2842 3661 in
2905 3591 3195 3663 umbra
3271 3593 3469 3666 vitri
3529 3600 3877 3688 apparet

2328 3706 2584 3778 color.

2417 3823 2693 3896 Tertia
2736 3825 3215 3917 suppositio,
3282 3826 3469 3918 quia
3513 3828 3582 3898 si
3641 3833 3873 3901 retro

2327 3939 2813 4032 ‹liaphanum
2859 3942 3211 4033 spissum
3275 3942 3353 4013 in
3416 3942 3700 4014 umbra
3744 3964 3876 4036 po-

2330 4059 2578 4128 natur
2649 4078 2948 4149 eorpus
3013 4059 3438 4150 speculare
3498 4059 3872 4151 politum,

2329 4179 2408 4246 et
2461 4174 2866 4264 regulare,
2942 4179 3129 4247 tunc
3202 4196 3361 4247 non
3425 4176 3879 4250 reflectitur

2331 4290 2564 4362 color
2643 4290 3198 4363 indifferenter
3258 4292 3352 4362 ad
3438 4292 3878 4382 quemlibet

2333 4407 2607 4487 situm,
2664 4408 2794 4478 secl
2865 4409 2960 4479 ad
3014 4407 3369 4498 aliquem
3449 4408 3695 4480 situm
3757 4409 3881 4480 de-

2333 4525 2803 4604 terminate,
2898 4529 2977 4596 et
3069 4524 3161 4594 ad
3246 4523 3597 4616 aliquem
3686 4545 3873 4598 non.

2335 4641 2742 4714 Probatur
2824 4663 2964 4734 per
3044 4642 3649 4735 experientias:
3710 4642 3879 4714 Pri·

2336 4779 2491 4838 mo,
2549 4759 2732 4850 quia
2781 4759 2844 4831 si
2899 4759 3279 4851 capiatur
3336 4781 3480 4830 vas
3522 4759 3881 4833 vitreum

2335 4871 2823 4963 sphaudcum
2872 4875 3189 4966 plenum
3226 4894 3459 4965 aqua,
3501 4896 3642 4967 per
3675 4878 3883 4966 quod

2338 4990 2633 5063 incidat
2714 4992 2985 5063 radius
3065 4991 3420 5073 luminis,
3501 4997 3581 5066 et
3651 4998 3879 5066 retro

2338 5107 2414 5178 in
2466 5107 2753 5179 umbra
2813 5108 3033 5180 illius
3077 5110 3454 5201 corporis
3530 5115 3886 5203 pona-tur

2338 5225 2759 5297 reflectens
2796 5246 3206 5318 asperum,
3245 5231 3325 5298 et
3391 5226 3880 5318 irregulare,

2337 5343 2549 5417 sicut
2624 5349 2839 5416 esset
2930 5365 3240 5424 manus,
3324 5345 3447 5415 vel
3540 5345 3878 5435 lignum,

2338 5464 2528 5533 tunc
2602 5460 3053 5533 reflectitur
3121 5461 3590 5553 aliqualiter
3648 5462 3883 5534 color

2339 5576 2895 5655 indill'erenter
2937 5579 3028 5652 ad
3066 5599 3382 5656 omnem
3420 5577 3694 5662 situm,
3752 5580 3882 5654 sed
