4252 6393
762 395 882 461 550

744 566 934 635 tunc
971 564 1140 636 scio
1176 564 1672 657 quidsignat.
1711 569 2062 660 Propter
2095 570 2302 661 quod

747 679 1162 753 concludit
1204 681 1411 772 quod
1464 682 1992 773 originaliter
2039 686 2303 777 signa-

743 802 919 870 tum
953 796 1267 869 deducit
1327 798 1403 869 in
1457 800 2013 892 cognitionem
2057 803 2293 892 signi,

749 918 1005 1008 quoad
1041 916 1393 1009 primam
1428 917 2008 1010 cognitionem.
2077 924 2296 1012 Ergo

749 1029 1093 1112 videtur,
1168 1032 1370 1123 quod
1446 1053 1608 1105 non
1682 1055 1826 1126 per
1894 1041 2152 1117 actus,
2218 1042 2297 1112 et

745 1146 1265 1238 operationes
1346 1170 1526 1222 cum
1589 1151 1750 1223 sint
1821 1151 2052 1242 signa
2123 1155 2297 1227 sub-

746 1264 1097 1346 stantiae,
1151 1266 1557 1357 possimus
1594 1268 1674 1339 in
1742 1270 2293 1362 cognitionem

745 1381 1222 1456 substantia>
1264 1384 1661 1467 devenire,
1726 1385 1880 1458 nisi
1928 1387 2294 1462 substan-

745 1498 943 1571 tiam
988 1519 1619 1592 praenoscamus,

836 1628 935 1700 Et
976 1632 1100 1701 est
1140 1628 1581 1712 dicendum,
1630 1632 1859 1722 quod,
1933 1634 2146 1708 sicut
2185 1635 2291 1707 di-

745 1743 858 1818 cit
899 1744 1404 1835 Augustinus
1440 1748 1609 1815 libro
1630 1752 1977 1836 prceclieth,
2009 1751 2103 1821 ad
2138 1750 2287 1822 hoc

743 1860 947 1951 quod
980 1866 1530 1952 cognoscatur
1589 1885 1836 1938 causa
1878 1888 2023 1959 per
2062 1868 2287 1942 effec-

743 1980 905 2060 tus,
951 1977 1362 2069 signatum
1429 1999 1574 2071 per
1618 1981 1965 2072 signum,
2014 1985 2288 2057 anima

742 2110 889 2183 per
932 2094 1478 2184 operationes,
1524 2101 1604 2170 et
1639 2097 1966 2181 similia,
2018 2120 2286 2172 ncces-

741 2230 830 2284 se,
856 2213 980 2282 est
1013 2210 1370 2302 aliquam
1415 2214 1963 2304 cognitionem
1997 2217 2088 2287 (le
2131 2218 2283 2307 sig-

738 2329 957 2404 nato,
1025 2325 1116 2397 de
1158 2346 1432 2408 causa,
1488 2329 1578 2398 de
1629 2329 1928 2411 anima,
1989 2352 2284 2424 praecc-

735 2440 949 2523 ‹lere,
1041 2462 1214 2533 quae
1252 2443 1564 2517 scilicet
1599 2444 1898 2519 sufficit
1935 2450 2139 2539 quod
2175 2449 2283 2523 sit

738 2555 1390 2639 indeterminata,
1492 2562 1571 2633 et
1664 2563 2096 2650 generalis,
2201 2570 2280 2639 et

737 2672 970 2763 quasi
1064 2672 1500 2747 habitualis
1537 2701 1550 2757 ;
1644 2698 1818 2767 qua}
1915 2681 2277 2770 cognitio

738 2789 1257 2881 specificatur
1299 2812 1549 2884 usque
1591 2794 1687 2866 ad
1746 2797 1920 2883 quod
1986 2800 2150 2886 quid
2189 2812 2279 2865 ese

739 2926 883 2998 per
948 2907 1389 2981 essentiam
1462 2911 1909 3003 propriam.
2001 2914 2278 2986 Talem

733 3026 1006 3095 autem
1049 3025 1428 3098 notitiam
1486 3026 1724 3101 habet
1768 3031 2100 3122 quilibet
2163 3034 2278 3104 in-

733 3141 1008 3222 natam
1052 3140 1142 3212 de
1195 3141 1492 3225 anima,
1542 3165 1712 3236 quae
1758 3146 2278 3238 specificatur

733 3276 983 3347 usque
1033 3258 1127 3329 ad
1161 3261 1335 3346 quod
1373 3262 1535 3347 quid
1575 3275 1666 3329 ese
1701 3283 1843 3354 per
1876 3268 2277 3357 operatio·

732 3394 871 3444 nes
917 3374 1298 3467 proprias
1344 3404 1357 3444 :
1420 3377 1644 3449 verbi
1707 3381 2007 3470 gratia,
2045 3384 2274 3457 video

733 3496 1068 3572 motum,
1109 3492 1390 3563 statim
1432 3515 1528 3564 cx
1573 3497 1933 3583 generali
1977 3501 2276 3574 notitia

731 3605 927 3687 scic,
977 3607 1181 3698 quod
1253 3608 1552 3700 aliquid
1634 3617 1928 3697 movet,
1991 3621 2275 3706 postea

731 3722 1135 3812 investigo
1223 3723 1470 3796 donec
1570 3725 1974 3801 inveniam
2071 3734 2275 3824 quod

732 3842 1026 3919 movet,
1098 3843 1177 3912 et
1221 3840 1425 3930 quod
1496 3848 1895 3916 movetur.
1971 3849 2071 3920 Et
2118 3848 2275 3922 ista

729 3959 856 4028 cst
897 3955 1301 4028 sententia
1345 3958 1777 4048 Augustini
1818 3961 1908 4035 de
1961 3965 2273 4055 Spiritu

729 4076 808 4145 ot
843 4071 1139 4155 anima,
1187 4096 1251 4145 c.
1287 4076 1395 4145 32.
1452 4074 1791 4148 dicentis
1829 4098 1844 4139 τ
1892 4083 2055 4148 Cam
2096 4087 2270 4151 enim

724 4202 963 4286 quoeric
1003 4222 1206 4278 men-5,
1252 4203 1414 4287 quid
1450 4205 1536 4267 sil
1567 4224 1772 4283 mens,
1816 4209 2116 4293 profecto
2156 4232 2273 4277 no-

720 4326 838 4405 vit,
877 4326 1052 4413 quod
1079 4328 1367 4413 seipsam
1409 4341 1665 4413 quseral
1685 4356 1705 4414 ,-
1741 4344 1801 4396 et
1852 4336 2059 4414 novit,
2099 4338 2272 4422 quod

720 4451 870 4537 ipsa
907 4452 993 4515 sic
1026 4473 1207 4518 mens
1238 4474 1382 4539 (lace
1422 4456 1709 4541 seipsam
1759 4462 2019 4543 macrii,
2065 4483 2271 4550 neque

716 4576 894 4641 enim
932 4576 1208 4642 aliunde
1253 4598 1322 4642 se
1379 4582 1650 4665 ᾳιιωνίἰ,
1718 4604 1917 4667 quam
1954 4607 2022 4650 se
2062 4589 2209 4673 ipsa
2245 4616 2265 4654 .-

718 4722 865 4767 eum
886 4723 1040 4789 erqo
1063 4716 1463 4791 qucerenlem
1492 4728 1560 4771 se
1581 4710 1790 4787 novit,
1819 4730 1886 4774 se
1908 4713 2131 4799 utique
2153 4737 2267 4780 nc..

716 4828 834 4894 vit.
872 4824 1089 4898 Unde
1143 4832 1387 4919 patet,
1443 4832 1649 4921 quod
1695 4832 1962 4923 prima
1994 4839 2264 4927 cogni-

716 4950 833 5023 tio
877 4953 1261 5044 praecedit
1334 4952 1601 5027 istam.
1651 4956 1841 5030 Haec
1898 4963 2019 5031 est
2083 4983 2259 5035 sen-

716 5078 971 5152 tentia
1066 5080 1495 5172 Augustini
1596 5087 1703 5154 10.
1785 5084 1877 5156 ‹le
1963 5088 2250 5164 Trinit.

708 5225 881 5298 cap.
918 5208 984 5278 3.
1026 5205 1248 5278 circa
1278 5205 1543 5279 finem.
1586 5212 1726 5287 Quo
1757 5209 2073 5303 (inquit)
2102 5239 2252 5304 pac-

1940 407 2041 470 DE
2071 407 2339 473 RERUM
2381 408 2769 474 PRINCIPIO

2414 575 2628 660 iyilur
2671 578 2982 663 seipsam.
3028 579 3288 647 Deinde
3327 604 3470 649 cum
3506 605 3574 650 se
3616 590 3834 673 (puerit
3866 602 3919 656 ιιι

2413 694 2696 773 noverit,
2732 707 3132 780 qnoerenlem
3170 719 3238 764 se
3266 703 3418 787 jam
3448 703 3655 768 novit.
3705 703 3795 775 Et
3830 725 3921 778 sc-

2415 805 2695 896 quitur
2759 809 2859 880 ad
2934 813 3500 904 propositum:
3544 821 3925 908 Quapropter

2413 946 2551 991 non
2577 938 2788 1011 potest
2818 932 3090 996 omnino
3122 934 3375 999 nescire
3401 955 3491 1014 se,
3536 938 3654 1023 qui
3700 937 3839 1004 dum
3870 961 3924 1005 se

2409 1044 2807 1108 nescientem
2852 1047 3005 1127 seit,
3038 1068 3106 1112 se
3150 1050 3375 1137 utique
3401 1053 3547 1119 scil.
3603 1052 3803 1124 Idem
3835 1055 3925 1126 in·

2409 1154 2622 1230 dicat
2666 1156 2742 1227 in
2790 1160 3188 1254 principio
3224 1167 3632 1258 sequentis
3658 1171 3926 1263 capitu—

2413 1270 2494 1343 li.
2540 1274 2656 1345 De
2692 1272 2849 1347 isto
2894 1281 3165 1350 autem
3211 1281 3469 1363 modo,
3517 1304 3672 1374 quo
3713 1307 3925 1358 causa

2407 1390 2941 1481 cognoscitur
2984 1414 3129 1486 per
3159 1394 3561 1480 effectum,
3599 1406 3679 1474 et
3712 1423 3927 1475 econ-

2407 1506 2707 1590 trario,
2753 1509 3068 1583 dicetur
3137 1512 3217 1583 in
3273 1517 3644 1606 sequenti
3704 1540 3923 1610 quaes-

2406 1620 2650 1694 tione.

2493 1738 2636 1811 Vel
2680 1739 2920 1822 dices,
2996 1745 3201 1834 quod
3261 1745 3596 1822 effectus
3654 1751 3924 1825 ducens

2407 1853 2485 1925 in
2528 1856 2910 1931 notitiam
2970 1879 3263 1944 causac,
3309 1868 3450 1938 aut
3509 1871 3635 1941 est
3691 1889 3924 1962 perse

2403 1971 2881 2057 subsistens,
2927 1996 3088 2049 non
3148 1980 3459 2071 quidem
3513 1987 3927 2060 contermi-

2402 2094 2644 2163 natus
2688 2113 2871 2164 cum
2906 2114 3179 2179 causa,
3226 2100 3305 2169 et
3342 2098 3420 2170 in
3462 2100 3681 2175 facto
3742 2126 3922 2186 esse,

2401 2210 2489 2279 ut
2580 2208 2863 2280 domus
2941 2212 3162 2287 ducit
3243 2215 3323 2286 in
3400 2220 3929 2310 cognitionem

2396 2342 2687 2406 ‚causfa
2784 2346 2941 2398 non
3018 2330 3225 2421 quod
3312 2332 3441 2414 sit,
3529 2336 3663 2409 sed
3748 2339 3933 2430 quod

2396 2439 2614 2514 fuit:
2680 2446 2761 2517 et
2833 2443 2912 2515 in
2983 2447 3533 2539 cognitionem
3599 2457 3783 2548 quid
3840 2457 3932 2531 sit

2395 2577 2668 2640 causa,
2717 2564 3044 2653 quanta,
3096 2565 3380 2656 qualis,
3454 2571 3588 2644 sed
3648 2593 3807 2646 non
3864 2573 3933 2646 in

2396 2674 2949 2763 cognitionem
3024 2678 3521 2768 intuitivam‚
3619 2695 3711 2764 ut
3772 2710 3930 2782 cog-

2390 2793 2792 2863 noscendo
2841 2794 3196 2880 domum,
3237 2820 3642 2892 cognosco
3700 2806 3932 2880 artifi-

2390 2918 2565 2970 cem
2634 2899 2909 2974 fuisse.
2980 2905 3079 2978 Et
3156 2908 3411 2981 etiam
3478 2932 3576 2984 ex
3649 2917 3935 2987 natura

2395 3018 2665 3109 operis
2717 3039 3124 3110 cognosco
3181 3026 3362 3117 quid
3423 3029 3554 3109 sit,
3598 3031 3791 3106 licet
3832 3033 3934 3103 in-

2390 3136 2828 3227 complete,
2860 3145 3238 3231 quantus,
3270 3145 3558 3236 qualis,
3587 3171 3690 3221 ex
3714 3171 3940 3244 quan-

2386 3250 2650 3334 titate,
2687 3259 2763 3325 et
2821 3257 3211 3347 qualitate
3272 3263 3568 3354 operis,
3615 3268 3809 3360 quia
3855 3289 3941 3339 ex

2392 3389 2629 3440 manu
2676 3372 3025 3444 artificis
3064 3396 3312 3467 opera
3359 3379 3924 3459 laudabuntur.

2391 3484 2470 3557 Si
2517 3486 2620 3560 sit
2655 3487 2991 3562 effectus
3029 3492 3106 3563 in
3136 3498 3313 3580 fieri,
3352 3502 3431 3571 et
3478 3499 3557 3572 in
3588 3526 3731 3571 esse
3764 3522 3939 3576 con-

2389 3604 2783 3688 tinuatim,
2823 3628 3229 3699 cognosco
3274 3634 3418 3706 per
3459 3614 3733 3709 ipsum
3769 3641 3938 3692 cau-

2390 3737 2564 3788 sam
2634 3725 2818 3793 actu
2890 3744 3069 3797 esse
3117 3747 3132 3788 ε
3203 3732 3283 3801 et
3353 3733 3940 3808 considerando

2388 3836 2770 3908 naturam
2834 3838 3193 3925 effectus,
3258 3848 3676 3936 arguitive
3756 3870 3937 3942 cog-

2388 3970 2636 4023 nosco
2670 3954 2750 4023 et
2792 3956 3330 4047 apprehendo,
3370 3966 3574 4055 quod
3617 3968 3734 4040 sit
3768 3988 3940 4040 cau·

2389 4084 2503 4135 sa.
2552 4066 2656 4141 Ut
2690 4067 2873 4139 dum
2908 4074 3295 4164 experior
3328 4098 3452 4149 me
3486 4081 3725 4164 velle,
3777 4083 3940 4156 scio

2386 4182 2743 4256 animam
2781 4208 3039 4259 meam
3084 4192 3546 4269 certissime
3595 4220 3831 4282 essc;
3867 4204 3942 4273 et

2383 4300 2568 4371 dum
2613 4303 3065 4386 considero,
3106 4309 3311 4398 quod
3356 4316 3519 4381 velle
3551 4320 3635 4388 et
3682 4320 3941 4385 intelli-

2381 4438 2533 4502 qere
2594 4422 2778 4489 sunt
2840 4424 3072 4493 actus
3116 4423 3617 4514 spirituales,
3668 4436 3755 4503 et
3802 4431 3940 4503 im-

2385 4532 2881 4617 materiales,
2941 4538 3332 4613 concludo
3406 4545 3615 4633 quod
3660 4548 3939 4619 anima

2379 4652 2504 4720 est
2541 4649 2995 4724 substantia
3030 4654 3488 4748 spiritualis
3539 4666 3617 4735 et
3659 4663 3942 4736 imma-

2376 4764 2721 4847 terialis,
2812 4772 2892 4841 et
2960 4770 3076 4843 sic
3150 4777 3649 4865 procedendo
3717 4781 3941 4873 quid-

2378 4879 2560 4971 quid
2604 4883 2798 4955 sciri
2847 4889 3115 4977 potest
3158 4909 3302 4981 per
3340 4891 3760 4967 effectum.
3802 4899 3942 4969 Ta-

2374 4997 2471 5070 lis
2509 4999 2928 5092 inquisitio
2992 5005 3488 5081 terminatur
3520 5011 3615 5083 ad
3675 5013 3939 5107 inqui-

2372 5115 2750 5189 sitionem
2794 5119 3295 5205 substantiae,
3361 5125 3571 5202 sicut
3634 5130 3783 5203 via
3845 5132 3939 5204 ad

2370 5234 2839 5318 terminum,
2912 5241 2999 5310 ut
3065 5238 3133 5310 si
3195 5260 3760 5336 prosequerer
3821 5248 3939 5321 fu·

705 5342 769 5399 to
820 5334 1031 5420 iyitur
1065 5355 1132 5398 se
1190 5333 1455 5421 aliquid
1521 5336 1830 5403 scientem
1895 5341 2043 5417 seit,
2107 5363 2250 5427 qua·
2366 5373 2610 5433 mum,
2648 5352 3005 5427 finaliter
3072 5357 3432 5431 venirem
3513 5362 3608 5433 ad
3685 5364 3935 5439 intui-

697 5461 982 5545 seipsam
1015 5462 1244 5537 nescit,
1281 5481 1489 5547 neque
1529 5462 1704 5526 enim
1737 5464 2022 5530 alteram
2066 5488 2244 5534 men·
2362 5469 2661 5543 tionem
2735 5473 2970 5561 ignis.
3046 5476 3146 5547 Et
3215 5474 3367 5548 istc
3443 5482 3563 5551 est
3631 5486 3933 5557 modus

697 5595 825 5651 cem
866 5584 1175 5652 scientem
1213 5586 1357 5664 scil,
1420 5586 1534 5652 sed
1590 5588 1874 5675 seipsam
1911 5593 2056 5671 scic,
2119 5593 2241 5660 scic
2353 5588 2818 5682 acquirendi
2856 5612 3175 5666 omnem
3201 5593 3631 5670 scientiam
3676 5603 3928 5677 modo
