4252 6393
134 2642 182 2692 3.

18 2774 24 2784 .
70 2714 311 2766 Qualiter:

8 2897 773 3010 Jgrjueliwuraliter,
859 2897 1355 2990 intelligitur
1438 2898 1898 2991 dupliciter.

341 3015 526 3085 Uno
590 3017 852 3097 modo,
926 3016 1114 3108 quia
1170 3015 1365 3087 illud
1422 3035 1584 3089 non
1634 3020 1904 3109 potest

0 5531 219 5584 Eumelus.
240 5536 263 5583 ¹
280 5574 296 5587 .

47 5613 147 5644 Ἦ·
190 5613 301 5648 ”⁰³²
330 5598 481 5679 sio,
534 5595 744 5690 quod
799 5614 942 5667 aer
999 5613 1157 5665 non
1207 5598 1332 5667 est
1386 5592 1884 5667 naturaliter

1702 394 2065 470 QUAEs‘rlo
2106 396 2239 459 v111
3472 388 3560 471 35,

359 548 701 621 tenendo
748 551 957 640 quod
1020 554 1455 645 qualitates
1523 557 1912 646 symbolae
2029 555 2362 628 calidus.
2414 556 2676 630 Probo
2724 555 2839 628 sic
2892 579 2908 624 ε
2956 554 3145 648 quia
3195 552 3569 628 caliditas
3597 554 3673 595 ‘⁸‘
3745 555 3908 597 '²²²⁸‘-

3597 609 3795 658 raliter
3823 626 3910 661 ca·

358 665 431 736 in
464 665 820 740 diversis
861 669 1285 745 elementis
1328 678 1515 748 sunt
1555 674 1913 766 ejusdem
2028 678 2153 745 est
2208 672 2359 745 sibi
2409 676 2706 745 natura
2771 672 2867 745 ad
2914 696 3069 741 esse.
3127 671 3561 751 Probatur,
3585 669 3747 721 liclia.

360 783 689 875 speciei,
730 785 946 860 sicut
986 786 1364 863 caliditas
1398 790 1637 881 ignis,
1673 794 1753 864 et
1785 812 1909 864 ca·

364 900 635 976 liditas
667 905 916 985 aeris,
962 910 1044 979 et
1077 909 1269 980 tunc
1298 908 1478 980 dico
1513 909 1717 1000 quod
1749 909 1911 980 cui-

2031 789 2224 861 illud
2267 811 2424 862 non
2466 793 2592 863 est
2647 788 3148 862 naturaliter
3188 787 3563 869 calidum,

2029 907 2235 999 quod
2258 907 2733 999 quandoque
2764 908 2887 979 est
2911 903 3287 985 calidum,
3326 924 3565 996 quan·

358 1017 553 1091 libet
617 1018 975 1094 istorum
1038 1022 1636 1098 elementorum
1700 1024 1911 1099 inest
2024 1021 2281 1112 doque
2315 1019 2700 1112 frigidum
2738 1045 2753 1103 ;
2792 1020 2924 1092 sed
2957 1040 3101 1091 aer
3131 1024 3255 1095 est
3295 1018 3566 1111 hujus-

358 1153 514 1206 una
582 1135 943 1228 qualitas
994 1140 1287 1234 prima,
1331 1162 1428 1215 eo
1490 1142 1697 1234 quod
1749 1162 1908 1213 una

2025 1137 2238 1209 modi
2283 1163 2297 1208 :
2333 1158 2558 1229 ergo,
2594 1142 2747 1212 etc.
2789 1137 3058 1231 Major
3093 1140 3339 1229 patet,
3378 1137 3566 1228 quia

360 1249 567 1324 inest
620 1251 777 1326 sibi
831 1252 908 1325 in
952 1275 1297 1345 summo,
1351 1260 1432 1332 et
1491 1257 1654 1330 alia
1694 1257 1909 1329 citra
2025 1255 2231 1347 quod
2258 1260 2726 1348 potestesse
2759 1253 2930 1328 sine
2953 1254 3371 1330 caliditate
3399 1274 3562 1337 non

356 1389 765 1441 summum
812 1425 827 1451 ,
874 1376 957 1445 et
988 1393 1083 1445 eo
1119 1375 1422 1457 ordine,
1461 1394 1618 1467 quo
1678 1374 1906 1467 ponit

354 1485 851 1560 Aristoteles
891 1492 957 1561 2.
994 1492 1075 1558 de
1119 1493 1581 1563 Gener-atione.
1639 1493 1783 1566 Sed
1834 1491 1904 1563 si

352 1605 779 1678 teneretur
811 1606 1018 1697 quod
1051 1607 1446 1697 qualitate
1468 1609 1903 1701 ssymbolae

345 1716 871 1794 diversorum
954 1724 1548 1801 elementorum
1630 1732 1902 1802 essent

345 1834 867 1911 diversarum
910 1843 1392 1935 specierum,
1438 1848 1629 1919 tunc
1665 1865 1899 1938 opor-

346 1956 566 2028 teret
599 1958 1040 2031 concedere
1075 1961 1518 2054 quamlibet
1562 1962 1902 2055 qualita-

347 2076 515 2148 tem
559 2075 946 2151 elementi
1006 2098 1183 2149 esse
1234 2079 1314 2151 in
1374 2100 1718 2163 summe,
1785 2082 1901 2155 ita

350 2196 563 2288 quod
629 2216 860 2288 aeque
910 2196 1227 2270 intensa
1268 2201 1484 2272 esset
1526 2197 1900 2271 caliditas

347 2312 599 2394 aeris,
645 2333 741 2386 ac
790 2312 1040 2403 ignis;
1104 2333 1249 2386 nee
1303 2318 1636 2407 oportet
1696 2316 1902 2408 qued

349 2427 508 2502 ista
561 2434 1017 2522 appareant
1060 2450 1288 2522 aeque
1332 2431 1676 2514 intensa,
1725 2452 1898 2525 quae

347 2550 544 2620 sunt
584 2546 1104 2619 diversarum
1138 2548 1582 2622 rationum.

444 2664 811 2736 Secundo
861 2667 986 2738 est
1029 2663 1467 2747 sciendum,
1515 2666 1722 2757 quod
1764 2664 1902 2737 ali-

345 2799 599 2871 quam
649 2780 1131 2871 qualitatem
1177 2780 1442 2853 inesse
1482 2781 1728 2854 alicui
1770 2802 1902 2854 na-

336 3155 528 3206 esse
588 3133 762 3207 sine
834 3135 994 3210 ista
1051 3133 1474 3229 qualitate,
1531 3137 1899 3229 quemad·

338 3251 674 3324 modum
729 3252 1186 3325 diceremus
1245 3254 1451 3345 quod
1520 3254 1895 3327 caliditas

336 3367 565 3442 inest
606 3370 1111 3444 naturaliter
1150 3369 1489 3453 homini,
1550 3392 1645 3443 eo
1691 3372 1896 3462 quod

335 3487 521 3560 sine
592 3488 774 3581 ipsa
813 3508 976 3561 non
1036 3490 1309 3580 potest
1360 3487 1663 3559 vivere.
1710 3487 1893 3560 Alio

333 3604 582 3677 modo
627 3607 899 3697 potest
928 3603 1085 3676 dici
1127 3604 1333 3696 quod
1375 3603 1728 3696 qualitas
1760 3624 1893 3676 na-

334 3720 646 3793 turalis
682 3719 895 3795 inest
934 3720 1183 3795 alicui
1239 3720 1667 3804 elemento,
1733 3741 1893 3795 non

335 3837 538 3929 quia
582 3836 691 3911 sit
734 3841 927 3911 nata
979 3835 1158 3919 sibi,
1205 3836 1337 3908 sed
1387 3841 1581 3909 nata
1630 3840 1755 3913 est
1795 3838 1891 3911 ad

334 3954 469 4028 sui
503 3955 1148 4044 generationem,
1180 3974 1277 4028 eo
1312 3956 1521 4048 quod
1550 3954 1889 4028 elemen-

328 4075 513 4145 tum
557 4070 756 4143 illud
812 4091 972 4144 non
1013 4073 1287 4164 potest
1329 4070 1501 4144 sine
1546 4070 1722 4163 ipsa
1761 4090 1891 4162 ge·

322 4187 642 4262 nerari.
703 4187 930 4262 Sicut
974 4187 1318 4282 dicimus
1350 4187 1887 4279 frigiditatem

313 4304 792 4380 natura-lem
832 4324 1086 4398 aquae,
1114 4304 1302 4397 quia
1321 4304 1491 4376 sine
1523 4303 1698 4397 ipsa
1727 4323 1889 4377 non

322 4427 606 4517 potest
639 4443 851 4516 aqua
882 4423 1288 4515 generari,
1319 4423 1687 4516 quamvis
1716 4423 1886 4495 sine

324 4541 511 4633 ipsa
536 4537 801 4633 possit
827 4538 1024 4611 bene
1042 4559 1246 4620 esse,
1270 4544 1351 4614 et
1377 4557 1882 4631 permanere.

418 4657 706 4731 Tertio
763 4654 1173 4728 sciendum
1232 4660 1382 4738 est,
1439 4655 1644 4747 quod
1690 4675 1881 4727 nun·

329 4796 578 4867 quam
619 4774 1111 4849 elementum
1153 4772 1475 4864 aliquod
1516 4792 1880 4845 corrum-

326 4893 559 4985 pitur
592 4911 742 4984 per
784 4889 1324 4964 intensionem
1360 4889 1598 4961 unius
1632 4889 1880 4982 quali-

322 5009 553 5090 tatis,
594 5027 841 5099 quam
875 5006 1027 5080 sibi
1056 5004 1548 5081 determinat
1582 5005 1875 5098 primo,

324 5124 707 5219 quamvis
736 5124 934 5197 bene
977 5123 1238 5215 possit
1281 5123 1704 5216 corrumpi
1739 5144 1883 5216 per

323 5243 873 5318 intensionem
899 5241 1268 5324 alterius,
1299 5262 1541 5334 quam
1567 5239 1882 5316 scilicet

328 5360 485 5434 sibi
515 5359 1016 5434 determinat
1040 5358 1256 5432 eitra
1281 5378 1714 5431 summum.

416 5479 875 5554 Secundum
896 5476 1048 5549 hoc
1090 5476 1198 5549 sit
1249 5474 1514 5568 prima
1564 5477 1883 5549 conclu-

2020 1373 2513 1449 ‹leterminat
2557 1375 2705 1447 sibi
2739 1374 3240 1448 caliditatem
3273 1373 3368 1445 ad
3400 1395 3554 1441 esse.

2022 1489 2172 1561 sui.
2214 1493 2314 1564 Et
2348 1491 2617 1565 minor
2639 1496 2982 1584 apparet
3017 1491 3111 1563 ad
3145 1489 3559 1582 experien-

2017 1606 2245 1679 tiam.

2106 1724 2468 1795 Secunda
2499 1725 2944 1808 conclusio,
3001 1725 3207 1818 quod
3246 1744 3390 1796 aer
3431 1720 3908 1795 est0m1u³·2·

3653 1797 3767 1847 Aer
3831 1804 3909 1844 est

2014 1840 2516 1914 naturaliter
2563 1843 2964 1918 humidus
3021 1843 3313 1922 Probo,
3369 1837 3557 1933 quia
3623 1857 3904 1907 naturali.

3581 1928 3669 1971 ter
3732 1919 3908 1971 humi-

2014 1965 2328 2041 nullum
2361 1968 2850 2042 elementum
2881 1968 3351 2058 potestesse
3385 1960 3556 2035 sine
3584 1982 3703 2033 «120³.

2018 2084 2414 2175 qualitate
2449 2084 2635 2167 ista,
2673 2102 2915 2176 quam
2950 2081 3102 2157 sibi
3136 2081 3402 2176 primo
3435 2081 3557 2153 de·

2017 2201 2461 2276 terminat:
2519 2202 2653 2274 sed
2718 2220 2862 2273 aer
2930 2200 3196 2293 primo
3231 2197 3380 2271 sibi
3439 2198 3559 2270 dc·

2014 2318 2411 2393 terminat
2469 2317 3087 2393 humiditatem:
3133 2335 3360 2409 ergo,
3404 2319 3556 2389 etc.

2021 2435 2292 2528 Major
2332 2438 2556 2528 patet
2603 2435 3065 2510 inducendo.
3101 2434 3312 2508 Nam
3347 2429 3558 2523 ignis

2016 2571 2179 2625 non
2221 2557 2692 2646 potestesse
2724 2552 2896 2625 sine
2937 2550 3376 2631 caliditate,
3412 2568 3557 2620 nec

2020 2672 2250 2742 terra
2284 2668 2458 2741 sinc
2491 2669 2891 2750 siccitate,
2940 2687 3086 2740 nec
3128 2684 3340 2757 aqua
3386 2665 3555 2737 sine

2019 2785 2474 2878 frigiditate
2516 2785 2883 2867 virtuali,
2948 2782 3554 2877 cujas-signum
3655 2830 3660 2835 -

2018 2908 2167 2985 est,
2216 2901 2421 2995 quod
2453 2902 3119 2994 quandocumque
3151 2917 3363 2993 aqua
3392 2899 3554 2999 fue*

2021 3020 2134 3093 rit
2162 3019 2451 3103 calida,
2494 3019 2620 3091 vel
2666 3020 2995 3093 redacta
3044 3022 3284 3092 extra
3323 3021 3551 3091 natu-

2016 3136 2277 3211 ralem
2317 3135 2960 3230 dispositionem,
3013 3134 3267 3208 adhuc
3323 3132 3392 3206 si
3449 3129 3555 3205 di·

2016 3256 2399 3330 mittatur
2432 3254 2787 3347 propriae
2819 3258 3163 3334 naturae,
3204 3276 3286 3326 se
3331 3252 3553 3324 redu·

2012 3377 2141 3447 cet
2187 3374 2281 3445 ad
2323 3370 2882 3464 frigiditatem.
2949 3373 3049 3446 Et
3101 3371 3370 3445 minor
3419 3391 3550 3465 ap-

2012 3496 2250 3583 paret
2317 3511 2461 3582 per
2518 3489 3051 3564 Aristotelem
3118 3490 3402 3559 secundo
3467 3490 3548 3559 de

2012 3610 2471 3678 Generalione.

2099 3724 2245 3798 Sed
2312 3728 2606 3798 contra
2658 3721 3061 3798 minorem
3133 3723 3543 3817 oincitur,
3613 3715 3865 3846 objefignb·

2008 3841 2197 3935 quia
2228 3861 2438 3935 aqua
2475 3844 2602 3917 est
2642 3840 2906 3934 magis
2938 3840 3267 3914 humida
3308 3860 3551 3936 quam

2006 3977 2185 4039 aer;
2232 3956 2492 4049 igitur
2533 3977 2678 4030 aer
2719 3977 2883 4031 non
2923 3961 3048 4032 est
3099 3955 3369 4050 primo
3410 3954 3549 4031 hu-

2005 4074 2291 4147 midus.
2375 4074 2972 4168 Consequentia
3053 4078 3302 4159 tenet,
3364 4075 3552 4170 quia

2005 4190 2359 4284 qualitas
2379 4192 2645 4285 primo
2668 4191 3114 4266 inexistens
3146 4191 3548 4269 elemento

2002 4306 2231 4382 debet
2285 4330 2461 4381 esse
2531 4324 2872 4382 summa.
2924 4310 3027 4385 Et
3071 4309 3550 4383 antecedens

2002 4429 2372 4520 apparet,
2410 4443 2595 4499 nam
2630 4445 2989 4518 corpora
3040 4425 3258 4499 sicca
3300 4425 3544 4502 citius

2000 4543 2451 4619 humefiunt
2501 4543 2580 4615 in
2626 4562 2860 4636 aqua,
2908 4562 3148 4636 quam
3199 4542 3281 4615 in
3322 4563 3538 4627 aere,

2000 4665 2087 4734 ut
2129 4664 2352 4753 patet
2392 4660 2487 4733 ad
2518 4659 3133 4752 experientiam.
3513 4691 3516 4694 Δ

2086 4779 2201 4851 Ad
2235 4777 2454 4861 illud,
2491 4782 2842 4868 negatur
2874 4779 3377 4853 antecedens.
3424 4779 3537 4851 Ad
3610 4779 3837 4836 Solntt‘o·

2000 4895 2590 4988 probationem,
2628 4893 2806 4967 dieo
2842 4896 3050 4986 quod
3083 4915 3293 4988 aqua
3343 4893 3540 4968 benc

1997 5011 2178 5105 plus
2209 5009 2654 5085 humefacit
2688 5032 2834 5104 per
2869 5012 3536 5087 commixtionem

1996 5124 2255 5220 ipsius
2307 5148 2489 5201 cum
2558 5127 2831 5221 aliquo
2890 5127 3136 5212 sicco,
3203 5129 3336 5202 sed
3392 5151 3538 5223 per

1995 5244 2402 5318 actionem
2460 5263 2622 5317 non
2682 5246 2823 5328 sie,
2871 5245 3058 5337 quia
3117 5246 3536 5319 alterando

1995 5359 2433 5434 humiditas
2459 5362 2676 5434 aeris
2698 5362 2878 5454 plus
2903 5361 3370 5445 humefacit,
3402 5363 3534 5434 sed
3610 5415 3614 5419 ·

1994 5476 2588 5551 commiscendo
2618 5477 3059 5552 humiditas
3101 5499 3349 5571 aquae.

2085 5593 2357 5667 Tertia
2391 5594 2808 5668 conclusio
2843 5599 2992 5678 est,
3034 5617 3188 5688 quo
3226 5616 3368 5668 aer
3400 5600 3525 5671 est
3666 5623 3725 5673 a.
