4252 6393
463 3619 550 3670 25.

704 397 822 460 220

701 559 817 634 dit
850 563 1212 636 calorem
1256 564 1764 639 interiorem.
1815 568 1917 638 Et
1964 583 2240 635 secun-

700 675 799 749 do
862 680 1155 755 accidit
1212 682 1712 756 humefactio
1768 678 2241 775 putrefacti-

697 793 882 866 bilis
945 796 1025 869 in
1069 800 1607 891 superficiem,
1699 801 1930 892 cujus
1990 818 2239 871 causa

695 915 850 993 est,
890 914 1079 1005 quia
1109 914 1549 991 humiditas
1594 918 2041 991 intrinseca.
2076 936 2238 987 mo·

694 1034 939 1102 vetur
973 1053 1160 1104 cum
1222 1035 1498 1106 calore
1553 1034 1931 1109 interiori
1973 1034 2067 1105 ad
2109 1054 2238 1104 ex-

696 1148 1189 1232 tremitates,
1235 1156 1315 1223 et
1360 1152 1474 1225 sic
1536 1152 1640 1224 ibi
1685 1152 2234 1224 humectatur.

785 1265 1065 1338 Tertio
1101 1267 1395 1341 accidit
1428 1269 1873 1347 exsiccatio
1909 1267 2239 1340 interio-

699 1379 840 1459 ris,
904 1386 984 1455 et
1055 1381 1586 1475 infrigidatio.
1661 1384 1908 1478 Cujus
1989 1403 2239 1456 causa

694 1501 844 1578 est,
882 1499 1070 1590 quia
1102 1522 1199 1572 ex
1225 1523 1381 1594 quo
1417 1501 1854 1574 humiditas
1895 1522 2076 1574 cum
2112 1520 2237 1572 ca·

695 1612 871 1686 lore
937 1618 1303 1700 recessit,
1357 1618 1849 1711 relinquitur
1907 1616 2237 1690 siccitas

700 1729 779 1801 in
860 1731 1183 1823 frigido,
1262 1737 1450 1826 quia
1521 1756 1798 1807 omnes
1851 1735 2237 1806 humores

695 1845 973 1937 frigidi
1053 1849 1536 1941 frigidantes
1596 1852 1984 1932 calorem,
2060 1872 2235 1942 quae

693 1982 901 2037 nuuc
945 1967 1040 2037 ad
1090 1972 1464 2041 extrema
1516 1968 2029 2042 conveniunt.

810 2087 1156 2165 Quarto,
1251 2085 1438 2178 quia
1527 2085 2029 2177 infrigidatio
2106 2089 2232 2158 est

691 2219 939 2271 causa
983 2220 1234 2290 quare
1284 2202 1515 2274 calor
1575 2202 1874 2275 recedit
1914 2225 2090 2275 esse
2155 2204 2233 2275 in

689 2316 1381 2399 extremitatibuS‚
1418 2322 1499 2391 et
1530 2317 1886 2398 exhalat,
1933 2324 2013 2392 et
2039 2323 2228 2392 tunc

691 2428 955 2521 frigus
992 2431 1325 2512 obtinet,
1381 2437 1460 2506 et
1497 2432 1940 2524 infrigidat.

795 2546 1128 2628 Quinto,
1220 2548 1665 2621 exsiccatio
1756 2550 2230 2623 extremita-

691 2666 890 2744 tum,
930 2664 1117 2755 quia
1150 2665 1399 2737 etiam
1441 2664 1879 2739 humiditas
1926 2666 2040 2739 sic
2099 2688 2228 2738 ex-

690 2779 949 2852 terius
1000 2784 1271 2855 tracta
1303 2783 1819 2857 consumitur
1841 2784 2223 2865 faciliter,

689 2896 878 2988 quia
920 2917 1203 2989 pauca..

779 3017 1024 3087 Sexto
1093 3017 1643 3099 condensatio,
1717 3019 1904 3109 quia
1965 3018 2226 3109 frigus

688 3151 871 3203 cum
908 3130 1281 3207 siccitate
1323 3134 1907 3216 condensatur:
1970 3140 2050 3210 et
2110 3136 2225 3209 sic

685 3249 1051 3320 videmus
1095 3270 1451 3343 corpora
1484 3251 1903 3323 hominum
1958 3274 2226 3325 recen-

686 3369 814 3437 ter
858 3369 1213 3446 mortua,
1251 3366 1750 3440 naturaliter
1805 3371 2076 3440 tamen
2109 3390 2225 3439 es·

690 3501 773 3549 se
817 3480 1308 3563 materialia,
1355 3486 1435 3555 ct
1479 3504 1757 3575 opaca.

774 3596 1161 3688 Septimo,
1237 3598 1528 3671 accidit
1589 3600 2036 3672 exsiccatio
2100 3601 2224 3670 ad-

683 3711 837 3783 huc
903 3714 1173 3803 major
1231 3720 1311 3788 et
1373 3715 1808 3790 dissolutio
1863 3715 2221 3810 partium

679 3829 774 3900 ad
821 3828 1194 3903 invicem.
1242 3836 1504 3905 Causa
1540 3838 1689 3915 est,
1737 3833 1922 3924 quia
1965 3831 2225 3905 humi-

677 3945 889 4019 ditas
940 3951 1160 4021 tenet
1223 3949 1440 4020 sicca
1504 3949 1747 4021 simul
1806 3949 1883 4020 in
1937 3949 2218 4030 mixto,

680 4066 767 4136 ut
801 4063 1104 4137 dicitur
1137 4069 1210 4133 in
1265 4069 1331 4136 2.
1381 4070 1686 4134 Generat.
1751 4070 1830 4138 et
1885 4066 1996 4138 ita
2048 4069 2223 4138 tota

684 4181 1209 4255 consumitur
1271 4182 1350 4252 in
1420 4182 1904 4273 putrefactis
1972 4182 2225 4253 sinali-

684 4299 847 4377 ter;
898 4297 1154 4387 igitur
1182 4297 1645 4372 dividuntur
1675 4305 1951 4392 partes
1985 4300 2083 4371 ab
2116 4300 2225 4371 in-

686 4411 975 4494 vicem,
1047 4419 1126 4488 et
1196 4414 1344 4487 hoc
1400 4415 1759 4488 videmus
1810 4417 2226 4509 experien-

688 4528 829 4612 tia,
924 4530 1094 4602 ideo
1194 4552 1354 4604 non
1449 4538 1785 4625 possunt
1873 4555 2229 4626 corpora

691 4651 1179 4720 Sanctorum
1208 4648 1529 4740 integra
1562 4649 1893 4732 elevari,
1933 4652 2065 4722 sed
2110 4673 2229 4723 os-

682 4784 773 4834 sa
807 4764 1071 4835 solum
1104 4789 1118 4844 ;
1155 4770 1237 4837 et
1279 4764 1450 4835 ideo
1498 4786 1787 4837 carnes
1841 4766 2219 4851 aliorum,

683 4881 809 4953 vel
881 4880 1302 4961 cadavera,
1368 4902 1544 4972 quae
1627 4882 2224 4975 aliquantulum

682 4996 812 5070 diu
866 4997 1330 5088 jacuerunt,
1398 4998 1785 5070 facillime
1839 5000 2223 5090 frangun-

684 5115 864 5190 tur;
908 5109 1164 5201 igitur
1218 5110 1511 5184 accidit
1569 5112 1994 5200 generatio
2029 5113 2223 5184 alio-

687 5248 864 5298 rum
892 5229 1426 5317 quorumdam
1459 5228 1557 5298 ah
1591 5228 1787 5319 ipsis
1825 5229 2222 5320 putrefac-

686 5343 816 5424 tis,
873 5344 1084 5416 sicut
1144 5365 1240 5415 ex
1282 5344 1738 5416 visceribus
1781 5367 2219 5419 vaccarum

685 5463 1204 5532 mortuarum
1328 5461 1826 5534 naturaliter
1930 5462 2222 5534 accidit

686 5596 876 5671 apes
965 5577 1371 5667 generari,
1463 5582 1542 5650 et
1612 5600 1708 5648 ex
1774 5578 2220 5651 visceribus

1901 396 2044 464 [ΑΒ.
2096 402 2194 463 IV.
2245 396 2788 463 METEORORUM

2356 583 2755 653 equorum
2852 584 3168 655 vespaS,
3243 567 3330 637 ut
3397 560 3594 635 dicit
3661 564 3884 635 Com-

2356 683 2769 753 mentator
2805 683 2872 752 2.
2919 682 3206 769 Meeaph.
3276 684 3356 753 et
3409 700 3506 752 ex
3551 680 3879 753 cerebro

2354 794 2772 867 hominum
2813 796 3178 879 bufones,
3223 801 3305 870 et
3364 817 3461 868 cx
3504 796 3880 870 carnibus

2346 912 2945 986 aliivermic·1li
2990 912 3404 994 horrendi,
3442 917 3524 987 et
3569 934 3882 1006 serpen-

2353 1034 2518 1111 tcs3
2565 1035 2644 1104 et
2717 1052 2815 1101 ex
2891 1030 3153 1102 caseis
3230 1030 3742 1123 putrefactis,
3816 1033 3880 1106 si

2353 1148 2657 1222 fuerint
2698 1149 3063 1242 pingues,
3108 1148 3314 1222 fiunt
3380 1155 3720 1232 texmae;
3790 1172 3880 1223 ex

2350 1265 2711 1339 vestibus
2753 1264 2992 1338 tineae
3037 1265 3103 1337 si
3136 1265 3335 1339 fiant
3393 1288 3491 1337 ex
3551 1265 3764 1347 lana,
3808 1272 3884 1341 ct

2354 1380 2468 1454 sic
2511 1402 2607 1452 ex
2674 1382 3023 1455 materia
3059 1381 3522 1474 putrefacta
3551 1403 3649 1453 ex
3709 1404 3883 1455 ven-

2351 1503 2478 1572 tre
2516 1496 2873 1570 hominis
2921 1498 3084 1569 vivi
3142 1498 3345 1571 fiunt
3417 1500 3883 1591 quandoque

2351 1614 2754 1695 lumbrici,
2783 1619 2862 1688 et
2886 1614 3359 1706 quandoque
3387 1615 3552 1687 alia
3585 1615 3883 1688 anima·

2349 1734 2483 1805 lia.
2523 1733 2901 1808 Omnium
2936 1732 3228 1806 harum
3263 1734 3883 1824 generationum

2347 1871 2613 1923 causae
2668 1855 2856 1923 sunt
2912 1849 3261 1947 diversae
3304 1853 3884 1944 proportiones

2349 1967 2839 2058 qualitatum
2927 1967 3413 2060 primarum,
3502 1969 3598 2040 ad
3687 1990 3883 2060 quas

2341 2082 2529 2155 dum
2578 2084 2951 2157 venerint
3009 2082 3673 2175 putrefactibilia,
3730 2086 3885 2158 sor-

2348 2220 2497 2271 mae
2566 2200 2856 2273 talium
2944 2200 3421 2272 animalium
3500 2222 3885 2292 generan-

2346 2319 2507 2398 tur,
2566 2316 2779 2391 sicut
2819 2338 2915 2389 ex
2954 2316 3349 2390 mixtione
3393 2317 3684 2390 farinae
3729 2321 3884 2392 suf·

2344 2433 2692 2507 ficientis
2761 2456 2946 2506 cum
3026 2454 3239 2525 aqua
3280 2435 3368 2509 fit
3423 2440 3685 2527 pasta,
3758 2439 3882 2509 vel

2346 2551 2877 2642 pulmentum.
2918 2554 3017 2625 Et
3054 2551 3229 2626 istae
3272 2553 3879 2645 proportiones

2343 2688 2518 2759 quae
2588 2673 2798 2749 sunt,
2857 2672 2937 2740 et
3019 2669 3297 2761 quales
3384 2670 3477 2741 ad
3558 2671 3883 2762 plenum

2342 2783 2555 2857 forte
2616 2782 2714 2855 ab
2745 2782 3205 2856 hominibus
3239 2785 3744 2868 nesciuntur,
3806 2791 3885 2860 et

2343 2900 2408 2972 si
2446 2900 2882 2980 scirentur,
2928 2905 3008 2974 et
3051 2900 3302 2973 sciret
3337 2902 3515 2993 quis
3568 2904 3885 2975 reduce-

2345 3038 2455 3098 re,
2509 3016 2635 3088 vel
2678 3016 3065 3087 deducere
3097 3017 3497 3091 elementa
3538 3019 3633 3090 ad
3676 3019 3885 3092 tales

2343 3132 2922 3228 proportiones
3001 3154 3148 3227 per
3240 3139 3506 3208 artem
3577 3136 3886 3212 faceret

2340 3252 2535 3326 talia
2576 3250 2989 3330 animalia,
3030 3250 3240 3325 sicut
3279 3257 3359 3326 et
3391 3257 3740 3337 natura;
3807 3261 3886 3329 et

2342 3368 2513 3439 ideo
2561 3367 2794 3441 multi
2858 3368 3365 3442 Alchimistae
3421 3370 3713 3445 docent
3775 3372 3884 3444 fa·

2338 3501 2521 3552 cere
2575 3480 2973 3568 regulum,
3056 3481 3181 3552 vel
3250 3480 3730 3555 basiliscum
3808 3484 3885 3555 in

2338 3596 2558 3670 vitro
2604 3616 2749 3689 per
2806 3601 3098 3678 artem,
3138 3597 3490 3668 similem
3553 3598 3699 3680 illi,
3750 3600 3885 3691 qui

2337 3713 2426 3786 fit
2459 3735 2555 3784 ex
2595 3734 2747 3785 ovo
2781 3713 2975 3803 galli
3014 3733 3160 3805 per
3208 3716 3678 3787 naturalem
3751 3738 3883 3808 pu-

2339 3829 2937 3910 trefactionem,
2988 3828 3175 3901 licet
3226 3850 3383 3902 non
3439 3834 3607 3903 tam
3651 3852 3883 3904 vene-

2337 3966 2649 4016 nosum.

2430 4061 2574 4134 Sed
2617 4061 2843 4132 circa
2922 4060 3131 4133 istud
3193 4061 3558 4135 incidunt
3610 4063 3879 4144 dubia,

2336 4178 2462 4249 vel
2508 4177 2990 4269 quodlibeta.
3069 4178 3375 4259 Primo,
3453 4199 3711 4270 qua-re
3789 4201 3887 4251 ex

2340 4295 2829 4369 animalibus
2893 4295 3384 4388 putrefactis
3446 4317 3602 4368 non
3649 4317 3883 4388 gene-

2344 4417 2638 4485 rantur
2695 4411 2856 4484 alia
2928 4412 3208 4493 mixta,
3288 4417 3481 4504 puta
3550 4433 3880 4493 aurum,

2339 4530 2466 4601 vel
2524 4534 2983 4619 argentum:
3025 4528 3143 4598 vel
3198 4528 3361 4599 alia
3396 4529 3759 4611 metalla,
3806 4536 3885 4603 et

2346 4645 2495 4718 hoc
2564 4665 2748 4717 cum
2807 4644 2984 4736 plus
3053 4644 3540 4716 conveniant
3599 4645 3885 4718 metal-

2342 4764 2509 4835 lum
2561 4766 2640 4834 et
2716 4760 3062 4832 cadaver
3134 4764 3576 4842 mortuum,
3637 4783 3883 4853 quam

2343 4881 2763 4951 mortuum
2796 4880 2875 4949 et
2901 4875 3175 4948 vivum
3214 4881 3249 4946 ⁴?

4025 4070 4173 4118 26.’

3914 4136 4116 4186 Dubium
4140 4132 4173 4208 ¹,

2434 4998 2532 5067 Et
2574 4991 2964 5065 similiter
2998 5012 3252 5084 quare
3293 5013 3453 5065 non
3486 5014 3883 5084 generari·
3912 5002 4112 5054 Dubium
4135 4995 4173 5062 ²4

2341 5116 2479 5185 tur
2543 5111 2838 5203 plantfe
2880 5109 3149 5190 citius,
3216 5130 3457 5202 quam
3499 5110 3880 5184 animal?

2430 5233 2529 5302 Et
2599 5228 2871 5308 tertio,
2937 5248 3188 5318 quare
3221 5249 3381 5300 non
3424 5234 3884 5319 generatur
3912 5249 4109 5299 Dubium
4132 5241 4168 5290 3.

2341 5367 2583 5417 unum
2636 5344 3108 5416 continuum
3153 5365 3252 5415 ex
3322 5343 3669 5416 humore
3725 5366 3882 5416 uno

2339 5460 2756 5540 continuo,
2806 5461 2939 5531 sed
2981 5458 3218 5551 plura
3251 5465 3285 5529 ·?

2362 5564 2369 5572 ⁰
2428 5581 2527 5650 Et
2562 5582 2883 5670 quarto,
2932 5598 3180 5669 quare
3252 5577 3451 5651 talia·
3492 5578 3882 5654 animalia
3913 5592 4174 5655 nubtum,
