4252 6393
487 4575 574 4630 23.

380 4638 518 4693 Unio
558 4643 689 4690 am·-

747 425 865 488 404
1901 424 2005 486 DE
2042 421 2309 489 RERUM
2353 423 2744 488 PRINCIPIO

743 609 891 660 mae
934 587 1480 670 accidentaliS,
1523 590 1609 660 ut
1653 587 1735 660 in
1777 586 2161 660 albedine.
2202 587 2283 659 Si

742 710 1013 780 autem
1064 727 1257 800 pars
1301 707 1803 780 intellectiva
1841 709 1920 779 et
1964 705 2282 779 sensiti-

738 845 865 906 va,
900 844 1063 896 non
1092 827 1362 896 essent
1412 823 2071 897 substantialiter
2114 822 2284 895 uni-

737 941 843 1011 tae
888 938 970 1012 in
1000 958 1158 1010 uno
1194 939 1619 1032 supposito
1656 937 2087 1011 rationalis
2121 938 2284 1009 ani-

742 1075 919 1138 mae,
965 1076 1102 1128 seu
1148 1056 1228 1129 in
1261 1074 1417 1127 una
1452 1055 1803 1128 materia
1837 1053 2276 1147 spirituali,

741 1192 935 1266 pars
969 1171 1468 1247 intellectiva
1517 1192 1681 1243 non
1730 1174 2003 1264 posset
2060 1168 2281 1241 uniri

741 1289 1398 1363 substantialiter
1436 1289 1794 1382 corpori,
1848 1309 1991 1360 nec
2032 1287 2281 1359 etiam

743 1404 900 1498 ipsi
996 1405 1432 1479 sensitivae.
1520 1405 1920 1477 Unionem
2006 1407 2280 1475 autem

742 1522 1003 1614 partis
1090 1522 1606 1597 intellectivae
1698 1526 1776 1595 et
1866 1520 2280 1593 sensitivae

740 1639 1518 1713 consubstantialem
1613 1640 1963 1714 ostendit
2051 1640 2283 1710 natu-

739 1755 941 1829 ralis
981 1755 1330 1839 dileetio,
1396 1776 1551 1850 qua
1613 1777 1803 1849 pars
1854 1756 2279 1830 intellecti·

735 1894 839 1947 va
896 1873 1181 1947 intime
1247 1877 1326 1946 et
1394 1874 1954 1948 essentialiter
2010 1875 2280 1966 diligit

738 1991 1241 2074 sensitivam,
1282 1990 1363 2063 in
1399 1993 1745 2074 tantum,
1794 1994 1881 2064 ut
1922 2013 2280 2064 necessa-

737 2105 863 2179 rio
906 2108 1410 2201 complaceat
1462 2108 1613 2181 sibi
1667 2108 1750 2180 in
1796 2108 2006 2182 bono
2069 2109 2272 2200 eJuS,

733 2227 811 2297 et
901 2224 980 2296 in
1069 2225 1284 2297 malo
1361 2225 1536 2317 ejus
1610 2224 2021 2298 tristetur.
2106 2227 2278 2300 Hoc

733 2341 982 2413 etiam
1030 2341 1378 2415 ostendit
1420 2342 1692 2414 u'nitas
1730 2341 2038 2433 judicii,
2089 2344 2277 2435 quia

736 2477 881 2550 per
921 2457 1423 2530 intellectum
1465 2457 2003 2551 apprehende,
2070 2462 2277 2553 quod

736 2575 942 2647 idem
1006 2578 1128 2647 est
1164 2575 1296 2667 qui
1345 2575 1756 2667 intelligit,
1797 2581 1875 2649 et
1925 2578 2059 2669 qui
2103 2601 2274 2650 sen-

735 2692 875 2774 tit;
922 2696 1001 2766 et
1044 2690 1193 2767 hoc
1245 2695 1507 2766 totum
1552 2694 1943 2784 judicium
1975 2694 2272 2767 falsum

732 2812 972 2892 esset,
1044 2809 1203 2881 nisi
1274 2810 1734 2901 intelligere
1809 2815 1886 2883 et
1965 2814 2270 2886 sentire

731 2927 1000 3021 essent
1050 2925 1131 2998 in
1181 2925 1456 2998 eodem
1517 2927 1966 3020 supposito,
2025 2929 2272 3003 aliter

729 3064 1140 3136 nunquam
1235 3042 1736 3118 intellectiva
1820 3047 2270 3139 apprehen-

708 3161 952 3238 deret
1008 3165 1236 3236 actus
1298 3161 1733 3244 sensitivae,
1788 3162 1946 3236 nisi
1995 3170 2269 3241 essent

726 3279 1004 3370 partes
1082 3276 1319 3349 unius
1388 3277 1705 3350 animae.
1781 3279 1950 3351 IIoc
2016 3281 2267 3354 etiam

725 3393 1077 3467 ostendit
1119 3396 1386 3466 motus
1427 3393 1860 3476 naturalis,
1906 3416 2060 3487 quo
2105 3415 2266 3468 mo-

722 3512 962 3582 vetur
1020 3510 1402 3604 superior
1468 3512 1879 3604 appetitus
1932 3514 2027 3585 ad
2096 3534 2265 3586 mo-

721 3625 907 3698 dum
959 3626 1356 3699 sensitivi.
1412 3628 1580 3700 Hoc
1633 3626 1981 3702 ostendit
2030 3634 2266 3702 natu-

725 3741 926 3813 ralis
963 3741 1434 3823 obedientia,
1466 3763 1621 3834 qua
1654 3744 2064 3836 appetitus
2100 3766 2266 3817 sen-

723 3858 1016 3933 sitivus
1060 3863 1437 3932 movetur
1493 3859 1588 3930 ad
1644 3859 2081 3953 imperium
2134 3884 2263 3934 su-

722 3976 1105 4069 perioriS,
1144 3977 1258 4049 ita
1301 3977 1508 4067 quod
1540 3976 1712 4047 solo
1747 3976 2053 4070 impetu
2099 4000 2261 4050 mo-

717 4096 849 4165 vet
905 4093 1193 4186 ipsum.
1245 4093 1414 4164 Hoc
1466 4093 1811 4165 ostendit
1855 4095 2259 4167 naturalis

718 4208 1283 4304 apprehensiO,
1349 4229 1502 4300 qua
1553 4229 1697 4300 per
1757 4208 2259 4284 intellectum

720 4322 1231 4414 apprehendo
1280 4343 1402 4394 me
1453 4323 1726 4396 videre
1785 4328 1865 4397 et
1924 4326 2252 4408 sentire,

721 4439 933 4512 sicut
966 4442 1046 4510 et
1081 4458 1205 4509 me
1239 4436 1699 4530 intelligere
1731 4444 1811 4512 et
1841 4440 2072 4513 velle.

807 4556 949 4627 Est
982 4554 1232 4628 etiam
1275 4553 1441 4627 haec
1477 4555 1664 4627 unio
1710 4556 2035 4637 intima;
2074 4578 2255 4628 cum

368 4719 474 4753 moe
521 4703 685 4753 imei-
713 4672 928 4745 enim
995 4676 1074 4746 et
1135 4673 1617 4745 sensitivum
1686 4675 1763 4744 et
1832 4672 2254 4746 intellecti-

369 4765 491 4815 leon·
496 4780 573 4815 1>oe
609 4767 684 4816 ad

2396 585 2634 667 diate,
2697 585 2857 657 nisi
2918 571 3614 696 secundum-'quod
3665 569 3913 659 imme·

2396 702 2649 776 diatio
2682 702 2876 777 dicit
2920 703 3477 796 praescntiam3
3525 703 3715 796 quia
3753 724 3915 777 cum

2399 821 2899 895 intellectiva
2985 820 3423 924 inclinetur
3510 820 3605 906 ad
3687 821 3916 895 talem

2397 936 2901 1020 sensitivam,
2958 957 3132 1028 quae
3174 940 3299 1010 est
3333 936 3726 1030 perfectio
3758 957 3921 1009 cor·
3965 979 3970 982 -

2397 1053 2623 1146 poris
2681 1052 3038 1135 humani,
3094 1053 3564 1127 necessario
3624 1073 3768 1146 per
3824 1053 3918 1147 ip—

2397 1190 2571 1242 sam
2614 1169 3061 1243 inclinatur
3091 1170 3186 1243 ad
3226 1191 3549 1264 corpuS.

2486 1289 2631 1360 Est
2695 1288 2944 1362 etiam
3013 1287 3181 1361 haec
3249 1288 3442 1361 unio
3515 1286 3918 1369 ordinata;
3962 1309 4183 1368 ram-‹11-

2398 1402 2662 1495 qualis
2701 1407 2823 1477 est
2871 1405 3066 1476 ordo
3111 1404 3524 1477 sensitivae
3565 1403 3661 1476 ad
3711 1401 3922 1477 intel-

2393 1519 2802 1603 lectivam,
2865 1519 3058 1593 talis
3118 1524 3243 1595 est
3305 1520 3501 1593 ordo
3561 1519 3921 1613 corporis

2395 1637 2490 1708 ad
2521 1636 3049 1709 intellectum.
3087 1635 3333 1711 Ratio
3365 1639 3638 1709 autem
3686 1635 3924 1709 sensi-

2395 1752 2583 1827 tivae
2623 1757 3156 1847 comparatur
3188 1753 3283 1826 ad
3325 1752 3921 1834 intellectivam,

2396 1870 2609 1944 si„ut
2670 1891 2951 1944 ramus
2995 1872 3090 1944 ad
3142 1871 3539 1954 radicem;
3596 1871 3786 1964 quia
3835 1869 3929 1941 si·

2393 1991 2525 2060 cut
2598 2008 2876 2060 ramus
2931 2009 3091 2062 non
3152 1987 3555 2071 subsistit,
3624 1987 3787 2061 nisi
3852 1988 3925 2061 in

2394 2103 2685 2186 radice,
2753 2106 2868 2178 sic
2938 2126 3082 2178 nec
3149 2105 3545 2178 sensitiva
3602 2103 3927 2177 haberet

2393 2223 3053 2315 perpetuitatem,
3118 2243 3263 2296 nec
3325 2222 3808 2295 subsisteret
3850 2222 3926 2294 in

2394 2339 2742 2413 materia
2842 2339 3256 2432 spirituali
3350 2340 3677 2421 animae,
3777 2337 3929 2412 nisi

2392 2457 2610 2550 parti
2678 2456 3197 2531 intellectivae
3271 2457 3536 2539 unita,
3609 2459 3690 2530 et
3758 2457 3931 2551 ipsa

2388 2574 2984 2668 principaliter,
3024 2574 3339 2649 scilicet
3372 2575 3548 2668 ipsa
3583 2573 3931 2647 intellec-

2387 2690 2580 2772 tiva,
2639 2689 2719 2761 in
2763 2689 3179 2783 spirituali
3231 2690 3584 2763 materia
3641 2689 3929 2764 existe-

2389 2808 2538 2879 ret.
2575 2807 2821 2899 Cujus
2867 2805 3244 2898 probatio
3276 2809 3426 2887 est,
3465 2805 3656 2897 quia
3690 2804 3930 2879 aliter

2385 2928 2657 3017 posset
2705 2925 3052 2998 inveniri
3107 2947 3247 2998 ens
3302 2924 3739 3018 spirituale
3788 2942 3931 3017 per

2335 3041 2467 3114 'se
2546 3042 3021 3125 subsistens,
3095 3042 3302 3135 quod
3371 3043 3639 3115 solum
3717 3043 3931 3114 esset

2382 3160 2889 3242 sensitivum‚
2941 3164 3021 3235 et
3054 3159 3328 3253 aliqua
3359 3159 3634 3233 anima
3667 3159 3931 3232 solum

2382 3279 2802 3360 sensitiva,
2843 3278 3330 3371 separabilis
3362 3282 3444 3353 et
3492 3299 3656 3350 non
3701 3280 3934 3350 aeter-

2380 3415 2507 3467 na.
2582 3396 2842 3469 Habet
2911 3395 3160 3467 etiam
3222 3416 3306 3468 se
3372 3393 3774 3470 sensitiva
3841 3391 3935 3465 ad

2383 3506 2993 3588 intellectivam,
3039 3511 3119 3581 et
3158 3506 3435 3580 eodem
3489 3508 3725 3579 modo
3760 3524 3934 3580 eor-

2381 3644 2553 3717 puS,
2606 3625 2814 3698 sicut
2856 3624 3201 3698 inferius
3258 3624 3930 3703 instrumentum,

2378 3746 2457 3814 et
2526 3741 2977 3836 subjectum
3047 3742 3143 3813 ad
3211 3763 3446 3814 suum
3521 3740 3931 3834 superius.

2379 3857 2636 3931 Habet
2671 3858 2921 3933 etiam
2959 3880 3042 3931 se
3077 3858 3471 3933 sensitiva
3502 3860 3582 3931 et
3623 3877 3933 3950 corpus

2376 3974 2470 4045 ad
2531 3974 2793 4067 ipsam
2858 3975 3470 4055 intellectivam,
3518 3978 3608 4047 ut
3650 3977 3930 4067 poste-

2378 4090 2550 4163 rius
2615 4092 2714 4195 ad
2786 4092 3038 4185 prius,
3111 4091 3271 4165 nisi
3335 4092 3415 4163 in
3475 4090 3652 4172 hoc,
3723 4086 3935 4181 quod

2376 4227 2536 4279 non
2597 4207 2934 4281 haberet
2977 4206 3614 4299 perpetuitatem
3679 4201 3936 4277 sensi-

2375 4324 2567 4406 tiva,
2604 4324 2761 4398 nisi
2795 4325 3175 4397 uniretur
3205 4322 3764 4403 intellectivae,
3802 4318 3933 4393 cui

2376 4443 2641 4533 primo
2683 4446 2759 4513 et
2806 4461 2951 4536 per
2983 4464 3069 4516 se
3111 4441 3620 4535 perpetuitas
3667 4441 3927 4519 inest;

2371 4578 2514 4630 nec
2592 4557 2925 4631 liaberet
3005 4563 3427 4652 aspectum
3505 4558 3599 4630 ad
3670 4559 3934 4629 mate-

2374 4676 2584 4747 riam
2654 4675 3195 4768 spiritualem,
3270 4678 3356 4747 ut
3424 4694 3602 4747 eam
3674 4671 3933 4746 infor-

366 4842 557 4891 00,7„„
604 4838 680 4879 m
710 4809 899 4860 vum
960 4787 1121 4860 sint
1184 4788 1619 4881 simplicia,
1682 4792 1761 4861 et
1831 4788 1911 4860 in
1977 4789 2253 4860 eadem
2372 4796 2662 4874 maret,
2708 4792 2866 4865 nisi
2928 4792 3157 4885 prius
3220 4792 3300 4866 in
3360 4791 3505 4865 illa
3568 4788 3931 4862 materia

412 4890 631 4943 fnum·
712 4906 1060 4981 materia
1091 4906 1506 4999 spirituali
1538 4910 1618 4979 et
1652 4905 2004 4999 simplici
2049 4906 2251 4978 radi-

707 5027 889 5097 cata
943 5023 1022 5095 in
1066 5045 1224 5097 uno
1268 5023 1618 5118 simplici
1664 5022 2114 5116 supposito,
2156 5042 2248 5094 ac

2368 4908 2872 4982 intellectiva
2912 4909 3355 4984 extitisset.

2456 5027 2574 5095 Ex
2611 5024 2734 5098 his
2781 5025 3152 5100 omnibus
3203 5029 3452 5120 patet,
3491 5024 3706 5118 quod
3752 5040 3928 5094 om-

705 5161 851 5234 per
893 5139 1043 5214 hoc
1086 5140 1233 5213 sibi
1282 5140 1623 5212 invicem
1659 5138 2128 5211 unitissima
2168 5143 2248 5212 et
2362 5139 2498 5210 nia
2535 5139 3191 5216 inconvenientia
3233 5142 3393 5217 ista
3437 5139 3516 5214 in
3558 5140 3717 5214 hoc
3752 5137 3925 5211 fun-

701 5256 1223 5337 adhaerentia,
1260 5275 1421 5328 non
1458 5259 1722 5348 potest
1756 5254 2041 5328 intime
2076 5276 2245 5327 sen-

2357 5255 2679 5339 dantur,
2721 5259 2927 5350 quod
2971 5259 3158 5351 quia
3201 5258 3472 5331 forma
3513 5260 3796 5331 actum
3839 5257 3920 5326 et

697 5375 943 5449 sitiva
984 5375 1335 5447 humano
1382 5372 1718 5466 corpori
1762 5372 2004 5455 uniri,
2053 5373 2245 5466 quin
2361 5374 2922 5465 operationem
2957 5374 3506 5449 communicat
3541 5370 3922 5446 materiae

692 5493 943 5565 etiam
1008 5493 1263 5566 eidem
1332 5488 1663 5582 corpori
1741 5489 2242 5563 intellectiva
2358 5510 2547 5570 sua‘,
2611 5495 2688 5562 et
2750 5491 2972 5563 nulla
3038 5492 3391 5566 materia
3441 5487 3917 5583 corporalis

694 5609 979 5684 intime
1021 5609 1379 5691 uniatur,
1433 5627 1594 5680 non
1637 5611 1909 5681 tamen
1959 5607 2240 5678 imme-
2352 5609 2474 5680 est
2520 5609 2984 5702 susceptiva
3034 5608 3604 5705 operationum
3670 5604 3917 5680 intel-

4015 1380 4136 1421 ’‘flla-

4061 5040 4127 5088 24.
