4252 6393
249 1189 405 1262 om

202 1251 458 1306 Amcennoe.
525 1291 537 1303 .

1808 402 2169 489 QUAEs'rlo
2217 402 2294 475 IV

960 798 1392 857 ARTICULUS
1467 798 1513 852 Ι.

731 980 1045 1064 Refertur
1082 979 1317 1066 opinio
1357 977 1741 1043 Avicennoe.

562 1174 797 1247 Circa
865 1172 1222 1266 primum
1310 1169 1747 1249 sciendum,
1814 1167 2017 1260 quod

479 1295 679 1364 sicut
743 1293 967 1383 patet
1024 1311 1124 1362 ex
1158 1293 1226 1361 9.
1292 1291 1659 1377 metaphys.
1732 1307 1877 1373 cap.
1948 1287 2011 1364 1,

476 1407 881 1479 Avicenna
951 1405 1091 1487 ait,
1158 1403 1362 1496 quod
1430 1420 1612 1474 cum
1681 1398 1762 1471 in
1849 1401 2016 1472 Deo

478 1543 632 1594 non
706 1521 812 1595 sit
903 1519 1422 1594 considerare
1513 1515 1669 1588 nisi
1748 1534 2020 1587 essen-

477 1636 671 1709 tiam
780 1636 949 1709 sive
1015 1638 1425 1713 naturam,
1518 1627 2019 1701 intellectum

479 1756 551 1824 et
598 1753 1135 1833 voluntatem,
1172 1748 1485 1841 triplici
1534 1744 2021 1818 necessitate

481 1869 556 1942 in
615 1892 862 1944 unum
924 1871 1491 1947 concurrente,
1548 1867 1625 1937 et
1677 1884 1774 1936 ex
1819 1882 2023 1955 prae-

482 1984 708 2058 dictis
754 1984 1023 2058 tribus
1084 1983 1636 2078 proveniente,
1685 1978 2018 2059 scilicet,

489 2121 581 2171 ex
644 2106 977 2183 natura,
1071 2100 1490 2173 intellectu
1574 2099 1653 2169 et
1738 2093 2023 2167 volun-

492 2217 675 2297 tate,
754 2220 974 2291 Deus
1036 2216 1404 2309 producit
1476 2214 1827 2307 primam
1900 2212 2024 2282 In-

499 2333 1044 2426 telligentiam,
1108 2335 1186 2404 et
1232 2329 1612 2425 produxit
1676 2327 2026 2400 median-

503 2447 697 2522 tibus
788 2446 1359 2538 Intelligentiis
1448 2443 1744 2524 omnia,
1852 2463 2026 2533 quae

512 2556 699 2636 facta
749 2568 937 2637 sunt
1013 2566 1093 2636 et
1154 2564 1572 2655 producta,
1622 2559 1701 2631 in
1762 2557 2027 2651 prima

522 2693 763 2754 rerum
786 2686 867 2757 et
890 2680 1435 2755 essentiarum
1467 2674 2023 2771 productione.

596 2796 807 2873 Ponit
841 2799 1097 2890 igitur
1135 2795 1568 2877 Avicenna,
1606 2794 1813 2887 quod
1843 2810 2029 2865 cum

525 2905 699 2987 Deus
751 2917 857 2991 sit
924 2913 1251 2988 omnino
1307 2911 1681 3004 simplex,
1728 2932 1822 2984 ac
1884 2928 2031 3002 per

521 3015 645 3098 hoc
683 3030 760 3103 in
809 3052 907 3102 eo
949 3050 1109 3102 non
1180 3026 1505 3100 differat
1545 3024 1902 3098 essentia
1950 3026 2030 3096 et

506 3145 876 3228 Potentia,
950 3143 1324 3238 quidquid
1393 3143 1592 3234 agit,
1648 3140 1816 3232 agit
1888 3157 2033 3233 pcr

491 3260 717 3336 Suam
784 3262 1254 3337 essentiam.
1339 3260 1486 3333 Sed
1553 3279 1738 3331 cum
1815 3258 2031 3330 Deus

3550 390 3668 462 303

2125 569 2784 649 determinatum,
2841 568 3048 659 quod
3110 585 3259 637 sua
3329 561 3672 635 scientia

2126 686 2665 760 determinate
2746 683 3173 775 cognoscit
3248 701 3426 755 esse
3513 699 3676 751 me-

2128 801 2324 883 lius;
2399 806 2480 877 et
2532 802 2719 893 quia
2770 801 2983 874 sicut
3034 798 3211 874 vult
3273 794 3672 891 producit,

2132 917 2305 990 idco
2349 916 2976 992 immutabiliter
3017 914 3416 1009 producit,
3464 912 3678 1004 quid·

2131 1034 2314 1127 quid
2358 1035 2755 1127 producit.

2220 1151 2439 1232 Quod
2504 1155 2777 1224 autem
2837 1148 3334 1229 necessario,
3408 1151 3488 1220 ct
3548 1166 3678 1218 so-

2131 1266 2297 1338 lum
2335 1268 2725 1359 producat
2759 1287 3005 1337 unum
3041 1264 3524 1343 immediate,
3563 1262 3678 1335 sic

2131 1384 2411 1474 arguit
2454 1411 2467 1456 :
2534 1384 2930 1477 Quidquid
2970 1406 3016 1456 a
3060 1381 3463 1477 principio
3526 1385 3674 1462 est,

2130 1502 2688 1574 necessarium
2730 1506 2879 1583 est,
2944 1505 3339 1592 quantum
3398 1503 3523 1572 est
3581 1519 3680 1569 ex

2135 1623 2368 1709 parte
2435 1618 2624 1698 Dei;
2692 1618 2881 1709 quia
2973 1616 3041 1689 si
3102 1636 3286 1698 non,
3375 1615 3678 1688 inesset

2133 1731 2205 1803 ei
2273 1732 2727 1825 dispositio,
2806 1754 2982 1824 quae
3039 1751 3200 1803 non
3258 1736 3463 1811 crat,
3538 1748 3683 1823 per

2137 1869 2375 1940 quam
2475 1849 2807 1931 faceret,
2919 1870 3013 1921 ac
3101 1850 3195 1922 ad
3273 1848 3677 1921 actionem

2137 1965 2720 2058 applicaretur,
2753 1966 2819 2039 si
2879 1986 3041 2037 non
3082 1969 3367 2058 ageret
3406 1964 3497 2035 dc
3556 1985 3685 2035 ne·

2136 2082 2555 2163 cessitate;
2603 2088 2682 2157 et
2744 2083 2933 2174 quia
2984 2088 3284 2157 natura.
3339 2101 3501 2153 non
3559 2083 3685 2152 est

2137 2196 2295 2269 nisi
2356 2198 2452 2270 ad
2495 2219 2766 2280 unum,
2815 2198 2986 2271 ideo
3038 2197 3467 2277 concludit,
3526 2195 3688 2288 pri-

2144 2332 2364 2383 mum
2464 2333 2624 2386 non
2729 2314 2901 2404 agit
2990 2312 3450 2387 immediate
3529 2310 3686 2382 nisi

2151 2449 2424 2512 unum,
2517 2430 2722 2522 quod
2803 2430 3051 2502 ctiam
3141 2428 3514 2523 producit
3596 2428 3688 2502 de

2140 2544 2652 2619 necessitate.
2731 2547 2918 2618 Haec
2983 2549 3108 2620 est
3150 2545 3452 2639 positio
3513 2563 3684 2615 sua.

2534 2875 2785 2932 ARTIC.
2866 2876 2909 2932 1.
2987 2874 3191 2933 SECT.
3270 2875 3315 2931 1.

2143 3056 2350 3122 Deum
2380 3077 2514 3123 non
2548 3056 2917 3144 producere
2971 3068 3309 3123 creaturas
3348 3077 3431 3125 ex
3477 3077 3688 3125 neces·

2641 3174 2841 3241 silete
2899 3184 3189 3241 natm-ce.

465 3359 566 3433 *Ἣ
678 3400 937 3472 agens
1033 3397 1561 3468 cognoscens,
1647 3380 1727 3449 et
1807 3371 2034 3446 intel-

438 3457 860 3578 leaenam,
950 3500 1033 3569 et
1126 3491 1729 3572 voluntarium,
1815 3491 2033 3584 quid-

411 3591 653 3714 (ΝΞΛ
768 3613 944 3704 agit
1029 3631 1176 3703 per
1243 3629 1474 3681 suam
1566 3609 2031 3691 essentiam,

2236 3365 2544 3441 Positio
2594 3365 2762 3439 haec
2833 3367 3278 3459 tripliciter
3348 3372 3690 3445 ostendi-
3841 3406 3874 3457 2

2149 3489 2289 3558 tur
2354 3506 2533 3556 esso
2602 3484 2812 3558 falsa
2856 3511 2869 3554 ε
2918 3485 3184 3576 primo
3256 3488 3461 3579 quod
3527 3467 4041 3595 nontffsspssssssssss

2150 3602 2642 3676 necessitate
2673 3607 2991 3676 naturae
3036 3629 3050 3672 ε
3100 3606 3444 3678 secundo
3481 3609 3687 3699 quod
3721 3595 4038 3707 ᾔξζζξξῇζ,

382 3702 623 3862 ΣΒἿῈ
735 3736 818 3804 et
900 3728 1275 3822 producit
1362 3727 1794 3798 secundum
1875 3746 2037 3798 mo-

409 3811 647 3905 u¹¹l
773 3869 939 3919 suae
1016 3845 1392 3918 essentiae
1468 3843 2038 3934 cognoscentis

404 3925 543 4042 QX
628 3959 1205 4043 GiscernentiS,
1280 3965 1360 4034 et
1419 3960 1856 4032 secundum
1918 3980 2042 4032 ra-

486 4093 803 4175 ffionem
882 4098 1049 4149 suae
1124 4074 1579 4148 voluntatis
1683 4074 2043 4166 compla-

520 4195 782 4270 centis.
856 4192 1216 4268 Scientia
1284 4195 1553 4264 autem
1630 4190 1801 4270 Dei,
1858 4211 2043 4262 cum

532 4312 623 4385 sit
702 4309 1345 4404 perfectissima,
1436 4305 2046 4398 comprehendit

537 4428 924 4501 meliorem
985 4428 1374 4508 ordinem,
1423 4425 1556 4517 qui
1615 4423 1873 4516 possit
1930 4445 2047 4495 68-

545 4563 614 4612 86
663 4545 734 4616 in
795 4544 1323 4639 productione
1392 4561 1697 4614 rerum.
1753 4540 2047 4612 Volun-

551 4660 654 4730 tas
714 4667 976 4736 autcm
1025 4660 1194 4742 Dei,
1267 4678 1451 4731 cum
1535 4655 1643 4728 sit
1707 4654 2043 4746 optima,

552 4779 974 4851 necessario
1099 4773 1460 4849 scientiae
1572 4770 2043 4861 acquiescit.

557 4890 743 4968 Sicut
811 4896 1069 4987 igitur
1141 4891 1413 4965 divina
1494 4886 1851 4961 essentia
1926 4890 2051 4961 est

556 5024 705 5091 una,
749 5013 856 5084 sic
908 5009 1250 5084 scientia
1287 5003 1679 5079 discernit
1732 5020 2052 5074 omnem

560 5127 831 5202 modum
911 5130 1137 5203 circa
1223 5121 1837 5219 productionem
1934 5140 2054 5191 re-

563 5257 731 5326 rum,
778 5248 904 5320 cui
933 5247 1319 5319 voluntas
1378 5261 1563 5315 cum
1601 5237 1798 5312 velit
1844 5257 2052 5310 sem-

564 5373 679 5444 per
705 5368 893 5456 quod
935 5365 1224 5438 melius
1256 5366 1406 5442 est,
1442 5355 1859 5433 contraire
1892 5375 2053 5428 non

568 5480 824 5563 Potest3
894 5502 1095 5574 ergo
1134 5481 1514 5554 voluntas
1563 5478 1710 5551 Dei
1748 5477 1921 5551 vult
1962 5475 2054 5548 de

568 5595 1043 5679 productione
1095 5617 1399 5680 rerum,
1437 5595 1629 5669 illud
1662 5614 1909 5667 unum
1972 5596 2054 5666 et

2152 3741 2310 3791 non
2380 3719 2653 3812 aliqua
2719 3720 3212 3796 necessitate
3264 3723 3682 3799 scientiae:

2153 3838 2402 3912 tertio
2438 3838 2642 3929 quod
2674 3858 2836 3909 non
2881 3838 3154 3930 aliqua
3203 3843 3694 3917 necessitate

2152 3955 2628 4028 voluntatis.
2719 3955 2921 4036 Quia
2988 3955 3398 4030 Avicenna
3466 3961 3696 4052 ponit

2158 4070 2365 4162 quod
2463 4070 2678 4142 Deus
2805 4070 3174 4144 omnibus
3284 4077 3694 4149 creaturis

2160 4186 2451 4266 mundi,
2498 4185 2686 4257 aliis
2719 4206 2765 4258 a
2796 4188 3395 4276 generabilibus
3426 4197 3506 4266 et
3529 4214 3699 4266 cor-

2161 4304 2705 4397 ruptibilibus,
2751 4305 2885 4378 dat
2942 4327 3121 4379 esse
3188 4329 3287 4380 ex
3354 4312 3701 4384 necessi-

2161 4425 2329 4493 tate
2379 4440 2542 4492 suae
2609 4421 3009 4505 essentiae,
3069 4427 3153 4497 wet
3204 4423 3319 4498 ita
3380 4447 3702 4520 semper

2161 4534 2243 4606 in
2302 4535 2522 4608 omni
2583 4537 3054 4629 praeterito;
3129 4539 3244 4612 ita
3322 4542 3529 4631 quod
3604 4543 3704 4614 ab

2161 4656 2468 4725 aeterno
2500 4653 2636 4726 dat
2669 4637 2871 4734 csse,
2908 4657 2988 4727 et
3023 4653 3102 4725 in
3136 4655 3354 4728 omni
3386 4655 3700 4740 futuro;

2165 4769 2280 4843 ita
2323 4768 2524 4859 quod
2592 4767 2670 4840 in
2727 4772 3126 4842 aeternum
3184 4774 3707 4848 conservabit

2165 4906 2310 4978 per
2349 4883 2927 4958 necessitatem
2970 4885 3163 4957 illud
3218 4908 3420 4971 esse,
3496 4890 3706 4981 quod

2162 5002 2372 5075 dedit
2440 5002 2739 5075 talibus
2817 5005 3251 5079 creaturis.
3317 5009 3703 5092 SecundO,

2165 5120 2464 5212 posuit,
2547 5122 2752 5212 quod
2826 5121 3018 5197 licet
3097 5122 3246 5197 tali
3303 5131 3709 5202 creaturae

2167 5257 2491 5329 semper
2550 5257 2595 5308 a
2635 5238 2803 5310 Deo
2856 5259 3034 5311 esse
3093 5242 3548 5325 conveniat,
3623 5247 3703 5318 et

2166 5355 2264 5427 ab
2293 5359 2625 5437 aeterno,
2662 5359 2740 5428 et
2775 5355 2856 5427 in
2887 5361 3310 5443 aeternum,
3357 5359 3474 5432 ita
3507 5363 3712 5454 quod

2167 5492 2576 5566 nunquam
2662 5471 2842 5555 fuit,
2931 5494 3076 5547 nec
3154 5475 3314 5567 erit
3390 5475 3472 5547 in
3547 5497 3708 5549 non

2165 5612 2383 5674 6886;
2450 5589 2636 5684 quia
2704 5595 2976 5666 tamen
3051 5592 3151 5665 ab
3209 5593 3378 5666 alio
3466 5594 3709 5675 habet
