4252 6393
1709 434 2071 515 QUAEsTlo
2119 440 2138 500 1

333 607 408 672 tio
463 617 556 672 cst
617 605 981 693 possibilis,
1043 605 1257 691 iyitur
1323 615 1414 669 est
1486 603 1852 688 corruptio,

335 721 802 794 Conceditur
862 718 1468 810 consequentia,
1533 721 1615 790 et
1672 735 1882 819 con-⁶

333 857 672 928 sequens,
717 836 1103 928 capiendo
1154 838 1649 923 corruptionem
1699 831 1856 902 lar-

335 971 414 1042 ge
445 974 590 1045 pro
631 949 1188 1026 destructione
1232 946 1682 1041 qualitatis,
1727 947 1854 1018 vel

335 1068 652 1142 alterius
744 1066 1310 1160 dispositionis
1399 1066 1855 1157 cujuscum-

339 1203 467 1275 que
543 1183 933 1277 plurium,
1035 1187 1115 1255 et
1195 1181 1310 1255 sic
1395 1179 1855 1273 putrefacta

343 1303 652 1391 possunt
691 1299 850 1371 dici
909 1303 1308 1391 corrupta
1361 1297 1542 1389 pari
1586 1296 1855 1369 forma

347 1413 414 1485 in
479 1415 1003 1507 qualitatibus
1091 1415 1383 1495 solum,
1479 1415 1609 1485 sed
1697 1433 1853 1484 non

349 1551 628 1624 semper
658 1530 1352 1614 substantialiter;
1398 1535 1480 1604 et
1521 1530 1638 1603 sic
1678 1550 1858 1602 con-

356 1646 564 1737 tingit
609 1647 700 1718 de
760 1646 1112 1728 cancris,
1169 1651 1248 1719 et
1283 1646 1697 1736 anguillis,
1780 1649 1860 1718 et

361 1763 536 1836 sorte
586 1764 789 1855 quod
855 1763 1147 1856 aliqua}
1218 1767 1498 1856 partes
1567 1763 1859 1836 talium

365 1883 826 1971 putrescunt,
872 1884 954 1954 et
995 1881 1176 1952 aliae
1247 1885 1578 1954 manent
1625 1880 1853 1961 vivae,

369 1993 432 2065 in
464 1997 719 2087 quibus
772 2018 943 2077 cor,
989 1997 1115 2069 vel
1161 1997 1859 2089 proportionabile

374 2109 513 2184 loco
553 2112 812 2185 cordis
865 2116 1015 2194 est,
1049 2116 1129 2186 et
1178 2112 1372 2186 vita.
1414 2115 1512 2185 Et
1547 2115 1858 2205 quando

374 2226 618 2302 (licitur
668 2232 877 2322 quod
926 2254 1322 2319 consequens
1360 2243 1451 2298 est
1488 2235 1741 2319 salsum
1779 2254 1864 2299 ea:

375 2367 431 2411 eo
460 2350 603 2434 quod
639 2362 730 2416 est
760 2351 1128 2439 pancratio,
1166 2360 1227 2415 et
1264 2351 1363 2415 sic
1411 2370 1546 2416 non
1586 2370 1861 2437 corrup-

378 2463 467 2543 tio,
534 2464 820 2537 dicitur
881 2464 1088 2555 quod
1161 2463 1697 2536 diversimode
1737 2469 1863 2537 est

380 2582 769 2665 generatiO,
825 2585 907 2654 ct
946 2580 1484 2653 diversimode
1527 2601 1862 2674 corrup-

382 2692 489 2764 tio.
543 2697 781 2769 Unius
845 2696 1276 2790 corruptio
1357 2701 1481 2770 est
1532 2716 1864 2787 genera-

385 2809 473 2881 tio
515 2815 871 2895 alterius,
946 2819 1025 2887 et
1074 2814 1226 2887 hoc
1284 2814 1486 2886 satis
1556 2818 1681 2886 est
1737 2835 1866 2885 ex-

383 2930 684 3013 positum
735 2931 989 3024 prius.

460 3046 555 3119 Ad
645 3048 1038 3141 quintam,
1126 3052 1189 3116 si
1265 3049 1616 3136 possibile,
1706 3048 1858 3118 eto.

358 3162 623 3240 dicitur
698 3169 907 3259 quod
1004 3186 1165 3238 non
1252 3170 1376 3239 est
1459 3164 1864 3238 naturalis

359 3284 775 3375 corruptio,
862 3289 949 3357 ut
1019 3282 1248 3376 prius
1328 3282 1632 3356 dictum
1710 3281 1864 3354 fuit

360 3405 518 3473 ante
556 3401 1041 3474 solutionem
1088 3399 1527 3472 rationum.
1571 3400 1685 3471 Ad
1730 3399 1866 3470 im-

365 3517 916 3608 probationem,
988 3535 1148 3588 non
1188 3520 1312 3589 est
1367 3536 1413 3586 a
1465 3515 1866 3607 principio

368 3629 798 3714 intrinseco,
883 3633 1016 3704 sed
1101 3630 1591 3711 extrinseco,
1681 3631 1869 3722 quia

371 3746 438 3817 in
496 3750 847 3822 omnibus
931 3747 1216 3841 passis,
1289 3746 1458 3818 sive
1532 3747 1870 3839 disposi-

374 3863 680 3938 tionibus
769 3865 1091 3938 conl'ert
1168 3862 1377 3945 vim,
1465 3867 1546 3936 et
1632 3865 1868 3955 juvat

375 3998 604 4068 agens,
646 3983 840 4055 licet
871 3979 1160 4071 aliqua}
1193 3980 1368 4071 ejus
1410 3978 1870 4070 dispositio-

373 4112 486 4164 nes
531 4096 936 4175 resistant,
1015 4092 1304 4184 aliquae
1375 4097 1646 4165 tamen
1711 4113 1869 4163 non

375 4211 751 4294 resistunt,
800 4213 934 4283 sed
997 4211 1312 4303 juvant,
1365 4210 1552 4303 quia
1618 4210 1870 4283 inten-

371 4327 645 4414 duntur,
700 4337 780 4405 et
835 4327 1395 4423 perficiuntur,
1450 4333 1531 4401 et
1595 4327 1710 4400 sic
1772 4328 1870 4400 ab

368 4443 500 4520 illis
528 4449 878 4542 aliquam
911 4451 1304 4539 appetunt
1343 4450 1534 4518 natu
1551 4446 1864 4529 ralitcr,

367 4562 523 4640 licet
581 4567 846 4640 forma
895 4564 1261 4659 patiatur
1320 4564 1506 4635 vim.

209 4707 263 4763 ⁵⁵.
435 4686 524 4760 Et
566 4683 878 4778 quando
919 4681 1222 4757 dicitur
1266 4679 1639 4762 ulteriuS,
1700 4705 1868 4749 com-

356 4799 542 4869 bustio
587 4826 724 4870 non
778 4813 873 4868 cst
921 4801 1280 4878 naturali&
1337 4810 1397 4865 et
1433 4800 1529 4865 sic
1567 4821 1685 4864 ‘ncc
1746 4821 1868 4885 pn-

352 4920 658 5003 tresactio,
710 4919 1064 5006 negatur
1104 4913 1709 5005 consequentia.
1756 4914 1869 4986 Ad

354 5032 1039 5126 improbationem,
1093 5033 1368 5100 suntad
1407 5032 1704 5099 cumdem
1746 5044 1869 5100 ter·

349 5154 602 5233 minum,
645 5151 952 5224 dicitur
994 5148 1199 5241 quod
1261 5147 1411 5220 hoc
1471 5151 1595 5222 est
1642 5150 1870 5221 valde

349 5265 675 5348 difficile,
760 5266 948 5357 quia
1018 5263 1511 5358 putrefactio
1600 5269 1868 5356 potest

353 5382 534 5463 fieri,
593 5384 805 5457 sicut
879 5381 1182 5456 dictum
1238 5386 1387 5461 est,
1447 5382 1578 5453 sed
1656 5402 1867 5454 com-

359 5495 596 5572 bustio
657 5500 1121 5572 nullatenus
1193 5498 1285 5572 fit
1343 5519 1488 5590 per
1553 5503 1869 5572 extrac-

373 5612 638 5689 tionem
697 5616 1006 5690 humidi
1054 5615 1505 5698 intrinseci,
1592 5619 1672 5690 et
1723 5637 1868 5710 per

183 3056 303 3115 Ad5.

3386 438 3503 504 233

1968 598 2650 673 incinerationem
2738 597 3101 692 partium
3185 598 3514 674 interio-

1971 736 2178 798 rum,
2236 716 2399 789 imo
2440 715 3014 789 extremitates
3055 715 3515 790 combusto·

1972 854 2153 907 rum
2207 835 2797 917 incinerantur,
2855 837 2937 907 et
2988 832 3514 908 humiditates

1968 954 2065 1025 ad
2110 951 2509 1024 inferiora
2562 951 3099 1043 repelluntur,
3161 953 3245 1024 et
3297 950 3515 1024 indu-

1970 1073 2288 1150 rantur,
2351 1069 2483 1141 sed
2525 1068 2772 1142 aliter
2817 1072 2942 1143 est
2981 1067 3072 1141 de
3116 1068 3516 1163 putrefac-

1967 1185 2099 1260 tis.
2150 1189 2250 1259 Et
2302 1186 2614 1278 quando
2658 1183 3103 1259 incidenter
3142 1184 3518 1276 tangitur

1969 1302 2077 1375 ibi
2129 1302 2337 1394 quod
2392 1305 2746 1371 combustio
2803 1316 2963 1371 esset
3012 1305 3371 1385 naturalis,
3457 1317 3518 1372 et

1966 1443 2103 1489 non
2162 1422 2476 1501 violenta,
2511 1423 2669 1508 quia
2716 1421 3007 1488 velocior
3044 1421 3119 1486 in
3145 1421 3284 1504 fine
3321 1441 3515 1507 quam

1971 1539 2047 1603 in
2118 1539 2489 1625 principia,
2549 1534 2851 1608 dicitur
2908 1534 3113 1627 quod
3154 1532 3307 1606 hoo
3356 1553 3519 1606 non

1971 1655 2096 1725 est
2176 1673 2498 1745 semper
2572 1671 2884 1732 verum,
2958 1649 3120 1723 nisi
3199 1650 3518 1725 ratione

1973 1768 2595 1843 accidentalium
2662 1766 3241 1848 conditionum,
3312 1767 3522 1841 vide·

1973 1885 2166 1957 licet
2208 1886 2277 1957 si
2319 1885 2771 1977 subjectum
2817 1883 3107 1956 melius
3154 1882 3520 1977 dispona-

1973 2006 2112 2077 tur
2159 2005 2253 2075 ad
2324 2001 2997 2083 combustionem,
3064 1999 3273 2073 alias
3312 2021 3518 2081 non,

1976 2120 2090 2191 sic
2130 2123 2399 2212 potest
2442 2119 2764 2211 quidam
2809 2121 3084 2192 motus
3114 2116 3525 2199 violentus

1978 2238 2055 2309 in
2100 2236 2319 2309 facto
2365 2236 2479 2307 sic
2524 2233 2850 2308 intendi.
2890 2238 2991 2308 Et
3033 2234 3523 2308 Aristoteles

1975 2353 2345 2445 loquitur
2403 2351 2653 2425 etiam
2711 2351 2803 2424 de
2862 2350 3323 2424 conditione
3386 2351 3526 2424 illa

1977 2474 2248 2543 motus
2291 2467 2697 2543 naturalis
2731 2467 2938 2560 quod
2972 2466 3079 2541 sit
3124 2466 3526 2541 intensior

1978 2587 2062 2659 in
2114 2586 2332 2659 sacto
2395 2586 2486 2657 de
2541 2588 2765 2657 motu
2831 2583 3074 2657 locali
3133 2585 3520 2666 naturali,

1974 2707 2053 2775 et
2098 2721 2259 2772 non
2290 2699 2382 2773 de
2417 2699 2775 2792 quolibet
2807 2700 2902 2771 ad
2943 2719 3104 2772 non
3154 2700 3519 2789 gradum.

2066 2820 2173 2899 Et,
2211 2817 2523 2908 quando
2573 2815 2896 2911 dicitur,
2960 2818 3317 2886 combustio
3346 2820 3424 2902 sit
3483 2841 3527 2885 a

1970 2935 2316 3022 principio
2410 2935 2774 3001 intrinseco
2856 2954 3055 3020 passo
3139 2935 3527 3018 conserente

1975 3053 2137 3131 vim,
2190 3048 2494 3123 dicitur
2547 3047 2757 3138 quod
2810 3046 2904 3118 ad
2947 3045 3098 3119 hoc
3142 3065 3304 3119 non
3368 3047 3524 3119 sus-

1975 3164 2146 3239 ficit
2198 3166 2372 3237 sola
2424 3163 2848 3237 inclinatio
2921 3161 3315 3247 materiae,
3394 3165 3528 3237 sed

1983 3282 2517 3374 requiruntur
2568 3279 2882 3360 formae,
2937 3283 3017 3354 et
3070 3280 3526 3353 inclinatio-

1980 3418 2120 3470 nes
2207 3398 2666 3478 naturales,
2751 3401 3146 3489 quantum
3232 3399 3359 3470 est
3427 3417 3526 3468 ex

1983 3517 2218 3605 parte
2302 3513 2646 3604 subjecti
2719 3511 3339 3592 combustibilis,
3446 3514 3527 3585 et

1983 3629 2193 3701 tales
2258 3649 2418 3701 non
2481 3633 2667 3704 sunt
2748 3628 2958 3700 sicut
3017 3627 3098 3698 in
3156 3626 3525 3699 combus-

1981 3745 2226 3824 tione,
2292 3745 2583 3820 saltem
2640 3764 2800 3815 non
2870 3742 3199 3816 omnino
3243 3741 3525 3815 simili-

1983 3867 2136 3943 ter,
2176 3861 2388 3935 sicut
2423 3861 2499 3933 in
2536 3859 3161 3953 putrefactione.

2071 3981 2185 4052 Ad
2226 3982 2568 4058 sextam,
2619 3983 2682 4047 si
2715 3981 3122 4069 putrefactio
3179 3989 3270 4046 est
3306 3980 3522 4066 possi-

1980 4102 2158 4181 bilis,
2231 4123 2378 4167 cum
2433 4102 2650 4167 omnis
2716 4100 3149 4187 transpositio
3183 4097 3525 4185 possibilis

1972 4220 2182 4305 possit
2211 4217 2449 4285 habere
2492 4215 2993 4302 impedimenta,
3038 4215 3140 4282 vel
3167 4218 3523 4302 juvamen-

1981 4347 2071 4414 ta,
2138 4336 2233 4399 sic
2297 4336 2472 4418 foret
2530 4333 2611 4399 de
2662 4333 3179 4419 putrefactione,
3221 4328 3338 4396 sed
3406 4332 3527 4397 hoc

1981 4453 2233 4535 falsum
2281 4461 2464 4529 esset,
2509 4452 2662 4520 eto.
2712 4445 3012 4519 dicitur
3064 4444 3267 4536 quod
3322 4444 3514 4527 imO,

1981 4564 2220 4636 habet
2301 4561 2870 4654 impedimenta
2963 4561 3241 4642 multa,
3316 4560 3527 4634 sicut

1980 4682 2284 4753 dictum
2327 4679 2480 4752 suit
2510 4678 2760 4771 prius.
2799 4680 2943 4752 Sed
2988 4679 3299 4770 quando
3345 4698 3526 4771 pro-

1981 4799 2247 4879 batur,
2296 4796 2781 4870 admittatur
2831 4817 3261 4889 processus
3302 4800 3526 4870 totus

1984 4935 2235 5005 usque
2302 4916 2487 4987 dum
2564 4913 2904 4993 (licitur3
2979 4915 3336 5002 friqiditas
3390 4936 3529 4982 non

1985 5033 2300 5119 impedit,
2362 5035 2518 5120 quia
2570 5031 2927 5118 sriqiditas
2965 5031 3335 5097 intrinseca
3373 5051 3524 5096 cau-

1980 5161 2083 5216 sat
2138 5150 2722 5234 putrefactionem,
2798 5150 2951 5218 etc.
3020 5145 3135 5216 Ad
3204 5144 3526 5217 modum

1984 5268 2296 5337 tactum
2405 5263 2924 5353 judicandum
3040 5283 3139 5334 ex
3246 5261 3528 5335 littera

1984 5379 2486 5454 Aristotelis.
2548 5381 2693 5454 Sed
2761 5400 2941 5454 cum
2988 5379 3287 5452 dicitur
3346 5398 3527 5451 con-

1982 5503 2118 5572 tra
2163 5498 2337 5577 hoc,
2385 5501 2544 5587 quia
2602 5501 2900 5567 videmus
2961 5501 3222 5584 fructus
3268 5497 3532 5565 arboris

1983 5622 2184 5686 totius
2222 5620 2598 5708 putrefieri,
2671 5617 2938 5708 quando
3005 5618 3216 5702 fucrit
3256 5617 3532 5706 infriyi·

3630 4077 3718 4130 Ad
3752 4075 3803 4127 6.
