4252 6393
102 1191 295 1239 Primum

115 1255 279 1315 signum

72 1316 221 1376 pluoioe
240 1326 327 1373 ap-

85 1390 234 1440 parem
255 1376 308 1423 in

138 1452 249 1487 aere.

80 2011 321 2061 Secundum.

115 3163 144 3216 T
139 3167 300 3220 mium,

105 4317 311 4377 Quartum.

117 4914 318 4976 Quintum,

1658 412 2023 488 QuAEsrio
2069 415 2261 477 xxiv
2373 401 2380 404 ’

783 783 1225 842 ARTICULUS
1303 782 1403 838 111.

367 961 459 1027 De
495 959 715 1046 siquis
740 957 999 1045 pluvia.»
1034 954 1514 1044 apparentibus
1554 955 1627 1020 in
1666 975 1841 1020 aere.

428 1156 538 1230 De
580 1151 861 1234 terti0,
901 1150 1217 1224 scilicet
1256 1150 1348 1221 de
1409 1147 1668 1238 signis
1719 1146 1884 1239 plu-

346 1273 489 1346 viae
530 1268 1120 1363 apparentibus
1155 1267 1234 1339 in
1267 1286 1481 1338 aere.

429 1388 732 1468 Primo,
790 1384 1090 1457 rubedo
1131 1383 1465 1456 nubium
1518 1380 1886 1455 serotina

346 1507 611 1597 signat
642 1502 1203 1582 serenitatem,
1240 1504 1320 1574 et
1355 1495 1761 1572 matutina
1785 1496 1884 1570 si-

344 1631 531 1717 gnat
581 1625 971 1718 pluviam,
1021 1627 1101 1696 et
1152 1641 1402 1696 causa
1440 1626 1566 1697 est
1607 1621 1883 1695 eadem

341 1764 518 1816 cum
574 1762 698 1823 ea,
746 1762 922 1833 quae
974 1738 1459 1831 signabatur
1501 1738 1594 1810 de
1657 1736 1882 1810 rube-

342 1859 511 1933 dine
557 1857 799 1932 Solis,

428 1975 816 2054 Secundo,
863 1973 1244 2065 frequens
1301 1970 1651 2044 mutatio
1701 1991 1881 2043 ven-

345 2097 620 2167 torum
689 2092 966 2182 signat
1050 2088 1437 2182 pluviam,
1532 2086 1883 2160 maxime

344 2209 655 2301 quando
690 2206 935 2280 simul
966 2205 1189 2279 venti
1221 2204 1602 2277 feruntur
1633 2206 1728 2276 ad
1754 2225 1882 2297 op-

342 2325 652 2418 positas
696 2328 1000 2416 partes,
1033 2321 1262 2394 verbi
1305 2320 1603 2411 gratia,
1643 2340 1882 2412 quan-

339 2442 429 2514 do
487 2445 785 2513 ventus
847 2437 982 2510 hic
1043 2437 1385 2510 inferius
1443 2437 1668 2509 circa
1734 2457 1882 2508 nos

339 2558 552 2631 vadit
603 2557 698 2628 ad
739 2576 983 2629 unam
1035 2559 1355 2649 partem
1396 2553 1877 2637 horizontiS,

340 2682 413 2748 et
446 2674 701 2746 nubes
739 2672 1221 2746 deferuntur
1250 2671 1346 2744 ad
1387 2669 1877 2764 oppositam.

341 2794 607 2864 Causa
629 2794 778 2868 est,
819 2787 1009 2880 quia
1043 2787 1366 2877 signum
1400 2789 1525 2858 est
1568 2804 1882 2874 magnae

340 2905 850 2985 elevationis,
912 2903 1463 2977 exhalationis
1515 2906 1596 2976 et
1640 2921 1880 2994 vapo-

344 3026 476 3098 ris,

423 3142 733 3223 Tertio,
762 3140 1029 3231 caligo
1053 3137 1490 3212 ascendens
1508 3135 1884 3229 superius

344 3262 619 3351 signat
708 3258 1091 3352 pluviam,
1166 3255 1300 3326 sed
1399 3253 1884 3326 descendens

340 3377 721 3449 deorsum
747 3376 1021 3466 signat
1038 3372 1597 3445 serenitatem.
1622 3373 1885 3444 Causa

341 3500 480 3575 est,
547 3494 745 3587 quia
795 3492 1064 3581 caligo
1121 3493 1552 3583 postquam
1612 3507 1882 3559 ascen·

342 3612 448 3685 dit
476 3610 867 3703 superius
899 3605 1419 3681 convertitur
1455 3604 1532 3676 in
1564 3603 1878 3681 nubem,

347 3749 514 3819 quae
565 3731 700 3800 est
733 3724 1086 3799 materia
1130 3722 1447 3816 pluviae,
1502 3721 1635 3793 sed
1700 3740 1885 3793 cum

344 3845 550 3917 cadit
638 3845 1051 3922 deorsum,
1146 3838 1537 3930 relinquit
1607 3857 1882 3911 aerem

346 3981 751 4040 serenum,
798 3962 882 4030 et
929 3957 1160 4030 calor
1227 3956 1437 4029 Solis
1495 3959 1621 4028 est
1670 3955 1884 4027 suffi-

346 4074 561 4147 ciens
623 4093 1108 4148 consumere
1173 4091 1564 4164 vaporem
1631 4071 1887 4143 eleva-

350 4197 542 4265 tum.

432 4311 773 4390 Quarto,
860 4304 1219 4378 desectus
1302 4303 1521 4375 roris
1614 4303 1888 4393 signat

350 4426 746 4519 pluviam3
784 4427 865 4497 ct
903 4441 1155 4494 causa
1190 4420 1544 4494 sumitur
1570 4441 1714 4512 per
1758 4441 1887 4512 op-

350 4543 705 4635 positum
783 4559 1073 4617 causae,
1149 4558 1323 4629 quae
1407 4536 1889 4627 signabatur

355 4659 427 4730 in
493 4658 661 4731 alia
703 4655 1179 4749 quaestione,
1242 4674 1494 4745 quare
1566 4673 1704 4725 ros
1762 4656 1887 4726 est

355 4776 673 4865 signum
716 4769 1216 4844 serenitatis,

438 4893 764 4976 Quinto,
810 4889 1102 4962 nebula
1152 4892 1280 4962 est
1320 4887 1644 4977 signum
1679 4905 1887 4957 sere-

359 5008 679 5087 nitatis;
782 5005 915 5078 sed
991 5004 1286 5096 duplex
1357 5007 1481 5076 est
1568 5000 1883 5081 nebula,

358 5126 713 5217 quaedam
798 5121 1258 5215 praecedens
1341 5117 1726 5211 pluviam,
1807 5119 1891 5186 et

356 5245 710 5335 quaedam
755 5240 1277 5330 subsequens.
1333 5234 1645 5307 Nebula
1689 5253 1888 5325 prae-

356 5359 629 5429 cedens
675 5355 1028 5448 pluviam
1064 5354 1337 5443 signat
1382 5350 1761 5443 pluviam,
1807 5351 1887 5420 et

358 5497 596 5548 causa
655 5479 803 5554 est,
870 5473 1060 5565 quia
1118 5472 1278 5567 ista
1344 5473 1470 5542 est
1537 5468 1889 5541 materia

359 5587 642 5691 pluviae
694 5618 709 5664 ε
753 5594 833 5667 et
879 5590 1201 5684 signum
1256 5591 1407 5669 est,
1455 5587 1644 5682 quia
1697 5590 1886 5663 tunc

3393 392 3552 485 ²117

1990 593 2344 666 vapores
2378 582 3015 668 congregantur.
3059 578 3204 650 Sed
3247 580 3543 653 nebula

1997 712 2342 783 sequens
2379 692 2740 785 pluviam
2783 698 2907 768 est
2952 693 3274 784 signum
3338 718 3544 771 sere·

1992 809 2308 892 nitatis,
2346 830 2594 884 causa
2643 814 2794 891 est,
2837 812 3025 904 quia
3075 834 3258 886 curn
3300 814 3546 888 nubes

1992 930 2118 999 est
2151 947 2552 1000 conversa
2578 928 2656 1000 in
2693 947 3010 1020 aquam,
3039 928 3116 1000 in
3155 934 3547 1020 quantum

1996 1047 2293 1135 potest,
2349 1065 2509 1115 non
2571 1049 2939 1117 remanet
2992 1044 3318 1137 aliquid,
3387 1046 3546 1120 nisi

1996 1161 2204 1253 quod
2235 1166 2361 1236 est
2408 1163 2674 1254 magis
2710 1164 3046 1245 siccum,
3091 1167 3171 1236 et
3227 1181 3540 1247 rarum,

1995 1280 2075 1349 et
2112 1276 2344 1367 quasi
2397 1278 2750 1370 amplius
2797 1298 2958 1350 non
3002 1279 3543 1352 convertibile

1997 1390 2079 1464 in
2147 1413 2487 1484 aquam;
2558 1394 2791 1467 modo
2864 1398 3301 1486 postquam
3380 1416 3543 1467 non

1995 1512 2120 1582 est
2157 1509 2506 1584 materia
2539 1511 3098 1584 convertibilis
3138 1511 3214 1584 in
3247 1532 3541 1604 aquam

1998 1625 2323 1717 signum
2358 1631 2485 1700 est
2524 1628 2884 1701 desectus
2926 1628 3246 1722 pluviae.

2086 1744 2357 1824 Sexto,
2381 1743 2816 1818 multitudo
2833 1765 2980 1837 pru
2999 1744 3145 1816 inae
3169 1744 3543 1835 designat
3604 1757 3849 1807 Sextum·

1999 1859 2383 1949 pluviam,
2429 1880 2591 1933 non
2633 1866 2904 1935 tamen
2957 1861 3072 1935 ita
3129 1881 3383 1954 prope
3427 1861 3542 1933 fu-

1995 1985 2299 2054 turam.
2347 1980 2615 2050 Causa
2648 1980 2796 2056 est,
2835 1976 3024 2069 quia
3057 1996 3204 2070 per
3232 1977 3541 2069 degela-

1997 2094 2302 2169 tionem
2340 2092 2595 2185 ipsius
2654 2091 2884 2166 terra
2923 2091 3408 2184 disponitur,
3454 2095 3543 2165 ut

1996 2209 2104 2283 sit
2155 2212 2346 2300 apta
2378 2207 2473 2279 ad
2513 2206 3049 2280 elevationem
3081 2207 3445 2299 vaporis,

2084 2324 2475 2417 SeptimO,
2514 2322 2922 2416 asperitas
2952 2324 3370 2396 radiorum
3405 2328 3539 2399 So·
3569 2320 3885 2384 Sev‘fmum·

1995 2442 2122 2523 lis,
2171 2443 2287 2515 ita
2331 2440 2535 2531 quod
2568 2441 2834 2514 subito
2877 2445 3271 2533 appareat
3312 2421 3572 2515 calor*

1997 2560 2367 2633 intensus
2421 2558 2597 2651 plus
2651 2579 2893 2650 quam
2941 2558 3231 2640 solito;
3292 2579 3544 2631 causa

1995 2682 2148 2757 est,
2205 2674 2393 2766 quia
2437 2673 2671 2746 calor
2731 2673 2885 2748 iste
2943 2679 3068 2748 est
3107 2674 3339 2746 valde
3386 2675 3539 2747 ele-

1992 2793 2318 2866 vativus
2350 2791 2731 2884 vaporis;
2771 2790 3029 2880 igitur
3069 2791 3227 2863 Iris
3264 2791 3541 2881 signat

1998 2908 2356 3003 pluviam
2383 2905 2806 2986 modicam,
2843 2908 2923 2977 et
2959 2909 3232 2978 tamen
3263 2906 3354 2977 dc
3389 2904 3541 2976 hoc

1999 3027 2078 3099 in
2139 3021 2724 3116 quaestionibus
2764 3020 2854 3092 dc
2938 3020 3174 3093 Iride.
3225 3023 3323 3094 Et
3387 3020 3539 3092 hoc

1994 3145 2086 3218 de
2139 3142 2412 3218 terti0.

2496 3463 2929 3522 ARTICULUS
2971 3464 3066 3518 IV.

1997 3647 2093 3712 De
2121 3646 2333 3733 siquis
2357 3644 2611 3731 pluvia»
2649 3643 2931 3730 repertis
2963 3643 3071 3707 hic
3119 3641 3419 3725 inferius
3460 3643 3533 3706 in

2351 3760 2740 3848 corporibus
2790 3758 3189 3825 inanimatis

2088 3960 2498 4040 Quantum
2568 3954 2662 4026 ad
2760 3944 3167 4044 quartum.
3262 3949 3539 4023 Primo
3592 3987 3891 4052 smum„

1997 4073 2347 4148 elevatio
2385 4071 2810 4165 pulverum
2853 4089 2900 4140 a
2949 4073 3180 4142 terra
3240 4066 3320 4138 in
3379 4051 3893 4165 ma-{zfigssffijffi

2002 4212 2160 4283 gna
2218 4188 2736 4263 multitudine
2792 4189 2915 4258 est
2977 4185 3303 4274 signum
3367 4183 3542 4276 plu-

1997 4308 2275 4389 viae‚et
2318 4325 2568 4379 causa
2618 4308 2772 4383 est,
2824 4302 3013 4393 quia
3046 4304 3237 4373 tunc
3269 4302 3394 4373 est
3438 4300 3544 4371 si-

2002 4446 2250 4517 gnum
2313 4443 2628 4514 magnae
2669 4420 3177 4500 elevationis,
3219 4418 3546 4491 exhala-

2002 4543 2277 4625 tioniS‚
2331 4546 2411 4615 ct
2441 4539 2803 4634 vaporis.

2091 4658 2477 4738 Secundo,
2501 4657 2788 4747 fragor
2810 4655 3227 4735 arborum,
3264 4655 3345 4726 et
3379 4672 3540 4724 mo·
3568 4670 3890 4723 secunaum.

2003 4783 2135 4851 tus
2186 4774 2576 4847 soliorum
2633 4770 3025 4842 arborum
3079 4770 3251 4841 sine
3298 4772 3541 4842 vento

2003 4895 2277 4984 signat
2323 4889 2707 4982 pluviam.
2755 4891 3021 4961 Causa
3070 4891 3197 4959 est
3239 4885 3539 4967 cadem,

2004 5010 2194 5103 quia
2234 5011 2425 5080 tunc
2466 5005 2744 5099 plures
2790 5001 3354 5077 exhalationes
3394 5001 3543 5073 ele·

2003 5131 2331 5200 vantur.

2087 5239 2393 5318 Tertio,
2432 5234 2914 5309 scintillatio
2951 5233 3106 5306 olei
3142 5233 3542 5326 inlampa-
3603 5265 3865 5317 semum,

1999 5357 2090 5427 de
2122 5359 2248 5428 est
2283 5352 2603 5444 signum
2639 5350 2957 5444 pluviae.

2088 5473 2427 5552 Quarto,
2503 5466 2856 5540 mutatio
2907 5464 3216 5537 coloris
3276 5464 3536 5546 salcis,
3589 5493 3875 5548 Quartum.

2003 5606 2160 5682 qua
2222 5586 2665 5663 tondentur
2707 5586 2972 5681 prata,
3038 5581 3154 5657 ita
3209 5583 3416 5677 quod
3474 5582 3542 5659 si
3875 5586 3880 5591 ’
