4252 6393
133 1363 316 1415 eninm.

131 2425 312 2466 nanum
322 2455 335 2470 .

128 3599 334 3660 positum

1557 373 1920 449 QUAEs'rlo
1968 374 2098 435 XX!

375 531 743 623 giditate;
776 533 916 605 sed
940 553 1440 624 consequens
1472 531 1932 614 estfalsum,

374 648 551 740 quia
580 649 865 721 eadem
897 649 1216 723 ratione
1239 649 1591 722 dicerem
1612 648 1818 740 quod
1839 669 1938 719 ex

374 763 900 838 exhalatione
942 766 1319 858 superius
1359 766 1678 838 elevata
1718 766 1937 837 debe-

375 886 496 956 ret
546 884 944 973 generari
987 887 1219 957 terra
1259 905 1358 955 ex
1399 882 1938 957 conversione

376 1000 629 1093 ipsius
667 1001 751 1073 in
792 1006 1109 1076 terram
1144 1001 1794 1092 afrigiditate,et
1820 1002 1935 1074 sie

370 1117 757 1192 deberent
825 1118 1106 1212 pluere
1200 1119 1575 1211 pulveres
1656 1122 1932 1201 terrae,

377 1235 583 1327 quod
615 1240 849 1309 extat
891 1241 1184 1310 eontra
1223 1235 1843 1328 experientiam.

462 1352 776 1433 Tertio,
827 1372 1039 1444 aqua
1072 1352 1452 1444 pluvialis
1495 1354 1939 1442 generatur

373 1487 420 1538 a
459 1467 754 1548 calido,
800 1467 1058 1558 igitur
1097 1489 1256 1540 non
1299 1490 1343 1540 a
1370 1469 1690 1558 frigid0.
1739 1474 1937 1546 Con-

371 1584 803 1676 sequentia
845 1588 1091 1666 tenet,
1138 1586 1328 1677 quia
1370 1587 1573 1659 idem
1613 1609 1774 1659 non
1814 1595 1939 1664 est

367 1701 709 1774 effeetus
767 1701 1412 1774 contrariorum.
1474 1706 1574 1776 Et
1624 1709 1938 1778 antece-

367 1815 560 1887 dens
594 1821 973 1910 apparet‚
1019 1817 1207 1909 quia
1250 1821 1567 1908 grando
1602 1819 1693 1893 fit
1735 1840 1783 1892 a
1813 1843 1937 1893 ea-

369 1931 717 2016 uditate,
765 1940 855 2008 ut
890 1938 1117 2028 patet
1146 1938 1372 2024 primo
1400 1939 1641 2025 huju-n·
1685 1937 1940 2028 igitur

366 2048 435 2120 si
476 2049 797 2139 grando
819 2050 1375 2141 congelatura
1407 2050 1696 2133 calido,
1744 2051 1940 2124 mul-

368 2170 456 2238 to
507 2165 818 2240 fortius
845 2167 1117 2259 pluvia
1141 2187 1189 2238 a
1212 2168 1475 2241 calido
1500 2168 1729 2244 debet
1757 2190 1939 2241 eon·

373 2282 671 2374 gelari.

462 2406 811 2484 Quarto,
870 2401 1074 2473 idem
1121 2421 1283 2475 non
1340 2403 1720 2477 estloeus
1752 2404 1935 2475 duo-

370 2540 563 2591 rum
623 2517 1276 2600 eontrariorum;
1315 2519 1448 2590 sed
1507 2520 1762 2591 media
1816 2541 1934 2590 re-

366 2637 508 2728 gio
585 2636 805 2707 aeris
883 2638 1008 2707 est
1068 2635 1297 2709 loeus
1376 2637 1932 2726 generationis

365 2754 627 2844 ignis;
678 2753 937 2844 igitur
976 2773 1135 2824 non
1179 2772 1437 2845 aquae.
1488 2752 1759 2844 Major
1804 2772 1932 2845 pa-

363 2876 516 2951 tet,
567 2871 757 2962 quia
809 2875 999 2944 tune
1054 2870 1257 2942 idem
1302 2870 1530 2941 loeus
1571 2873 1788 2942 esset
1832 2869 1930 2941 si-

364 2986 544 3060 mul
597 2986 925 3077 utrique
983 2985 1629 3058 contrariorum.
1693 2985 1929 3057 Ante-

361 3105 663 3179 eedens
705 3105 1074 3199 apparet,
1131 3101 1320 3193 quia
1366 3101 1448 3172 in
1520 3100 1777 3173 media
1811 3122 1928 3172 re-

365 3223 618 3315 gione
642 3222 861 3294 aeris
887 3224 1392 3311 generantur
1422 3219 1928 3292 coruscatio-

361 3362 546 3421 nes,
609 3343 690 3413 et
743 3338 953 3429 ignis
1013 3338 1497 3410 descendens
1556 3358 1740 3408 eum
1785 3336 1927 3409 ful-

365 3460 620 3532 mine.

456 3576 954 3669 Oppositum
1031 3572 1209 3645 vult
1295 3570 1786 3645 Aristoteles
1845 3572 1927 3644 in

362 3695 542 3768 isto
576 3692 869 3785 primo.

455 3812 559 3882 In
621 3807 780 3881 ista
841 3805 1287 3899 quaestione
1331 3804 1597 3897 primo
1639 3805 1927 3877 videbi-

356 3934 515 4003 tur
549 3927 643 3998 de
677 3925 910 3997 modo
945 3922 1528 4014 generationis,
1557 3926 1636 3996 et
1655 3923 1924 3996 causis

358 4044 694 4139 pluviae.
733 4040 1117 4120 Secundo,
1163 4037 1568 4113 videbitur
1596 4041 1687 4112 de
1723 4040 1925 4113 aoei-

358 4160 743 4235 dentibus
778 4156 1097 4251 pluviae,
1143 4160 1223 4230 et
1256 4177 1449 4228 easu
1492 4156 1884 4250 ipsarum.

899 4483 1331 4541 ARTICULUS
1360 4485 1399 4539 1.

408 4675 504 4734 De
546 4672 735 4731 modo
778 4667 1237 4745 munerationis,
1279 4671 1334 4727 ec
1380 4665 1591 4726 causis
1623 4664 1880 4741 pluviam

461 4860 875 4942 Quantum
927 4854 1022 4926 ad
1074 4853 1454 4946 primum,
1515 4853 1923 4924 sciendum

365 4984 528 5058 est,
563 4975 771 5070 quod
788 4975 887 5045 ab
907 4971 1089 5046 istis
1124 4970 1646 5043 inferioribus
1670 4969 1925 5040 eleva-

362 5093 817 5186 turduplex
848 5086 1474 5169 fumus,seilieet
1512 5086 1925 5158 exhalatio

360 5220 446 5289 et
517 5231 822 5304 vapor;
858 5209 950 5281 de
989 5204 1539 5284 exhalatione,
1578 5224 1751 5295 quae
1801 5207 1925 5275 est

366 5330 731 5405 materia
773 5324 1408 5419 impressionum
1445 5322 1921 5413 ignitarum,

364 5447 681 5520 dietum
731 5447 857 5514 est
944 5440 1208 5534 prius;
1267 5439 1400 5509 sed
1458 5438 1548 5509 de
1618 5457 1927 5529 vapore

366 5567 502 5643 est
518 5559 926 5638 sciendum
951 5578 1047 5655 qu
1061 5556 1155 5634 od
1169 5575 1429 5655 vapor
1458 5554 1928 5651 estquidam

3519 370 3624 434 101

2053 533 2323 606 sumus
2389 509 2738 616 subtilis,
2795 536 2875 605 et
2942 531 3396 613 invisibilis,
3463 553 3606 625 per

2052 648 2555 724 caliditatem
2582 649 2818 729 Solis,
2847 654 2927 723 et
2950 653 3376 723 astrorum
3403 648 3608 721 eale-

2052 768 2557 850 faeientium,
2627 769 2996 841 elevatus
3071 766 3169 838 ab
3241 787 3450 858 aqua
3527 771 3607 839 et

2052 885 2543 978 corporibus
2609 883 2984 963 humidis,
3043 883 3402 957 retinens
3469 882 3607 954 hu-

2056 1001 2508 1074 miditatem
2540 1021 3012 1094 eorporum,
3050 1021 3096 1073 a
3140 1000 3426 1092 quibus
3455 998 3604 1071 ele-

2052 1122 2325 1200 vatur,
2390 1118 2523 1189 sed
2588 1115 2889 1189 habens
2950 1115 3477 1197 caliditatem,
3523 1120 3604 1188 et

2053 1234 2471 1307 levitatem
2531 1235 2628 1306 ab
2668 1233 3065 1306 elevante.

2144 1351 2506 1423 Secundo
2541 1349 2978 1431 sciendum,
3027 1349 3234 1442 quod
3268 1366 3603 1421 eumva-

2050 1487 2530 1559 poreaqueo
2554 1465 3603 1557 elevanturguttulaeaquae‚

2055 1583 2722 1674 quemadmodum
2820 1603 3006 1656 eum
3082 1579 3606 1656 exhalatione

1996 1763 1999 1768 .
2052 1702 2480 1774 elevantur
2513 1704 2794 1793 partes
2829 1703 3103 1780 terrae,
3140 1703 3220 1771 et
3255 1695 3603 1789 quando-

2055 1838 2207 1910 que
2239 1837 2502 1909 vapor
2531 1816 2905 1890 elevatur
2927 1837 2973 1887 a
2996 1819 3250 1896 terra,
3277 1813 3404 1885 vel
3428 1834 3603 1886 eor-

2056 1935 2390 2028 poribus
2458 1935 2839 2016 terrenis,
2897 1957 2992 2007 eo
3049 1931 3255 2025 quod
3295 1931 3413 2003 eis
3475 1932 3600 2003 ad-

2056 2052 2314 2125 mixta
2355 2057 2480 2126 est
2513 2052 2786 2144 aliqua
2812 2050 3276 2128 humiditas,
3304 2053 3384 2121 et
3415 2068 3599 2121 eum

2053 2167 2200 2240 tali
2245 2189 2554 2261 vapore
2589 2167 2959 2242 elevatur
2988 2165 3400 2238 exhalatio
3454 2165 3601 2237 sie-

2049 2306 2172 2359 ea.

2139 2404 2356 2475 Tune
2407 2404 2497 2475 de
2540 2403 2773 2474 modo
2809 2399 3367 2490 generationis
3427 2398 3592 2491 plu·
3678 2403 3944 2459 Quomodo

3626 2477 3926 2531 qam-atur

2048 2521 2225 2601 viae,
2262 2520 2439 2592 dieo
2475 2519 2678 2612 quod
2714 2522 3160 2609 generatur
3211 2537 3353 2610 per
3386 2515 3592 2587 hune
3615 2530 3830 2594 pluvia.

2052 2638 2284 2708 modu
2302 2658 2401 2717 m,
2450 2637 2637 2727 quia
2675 2656 2937 2728 vapor
2975 2634 3341 2707 elevatus
3376 2633 3474 2703 ab
3499 2632 3595 2703 is-

2049 2751 2155 2824 tis
2191 2750 2716 2823 inferioribus
2778 2772 3027 2841 usque
3088 2750 3182 2821 ad
3254 2748 3595 2822 mediam

2050 2868 2472 2957 regionem
2561 2868 2805 2950 aeris,
2895 2868 3446 2956 ingrossatur,
3514 2868 3595 2938 et

2046 2986 2550 3079 inspissatur
2621 3003 2765 3078 per
2860 2984 3423 3075 frigiditatem,
3515 2987 3594 3055 et

2043 3104 2563 3178 convertitur
2624 3102 2700 3174 in
2774 3101 3089 3182 nubem,
3174 3122 3348 3192 qua>
3404 3122 3596 3173 eon-

2041 3242 2284 3293 versa
2328 3222 2407 3293 in
2440 3220 2730 3292 nubem
2765 3240 2909 3312 per
2942 3219 3424 3292 ulteriorem
3456 3218 3593 3291 fri·

2042 3338 2590 3430 gefaetionem
2667 3336 3013 3409 ulterius
3068 3335 3585 3429 inspissatur,

2040 3459 2121 3528 et
2199 3454 2717 3528 convertitur
2749 3453 2832 3524 in
2909 3472 3228 3543 aquam,
3287 3457 3367 3525 et
3429 3452 3588 3525 ista

2041 3572 2430 3664 guttatim
2467 3570 2787 3653 eadem,
2840 3572 3188 3642 vocatur
3232 3572 3490 3658 pluvia.

2132 3689 2279 3762 Sed
2327 3686 2735 3760 sciendum
2780 3685 2986 3777 quod
3054 3685 3302 3757 nubes
3355 3705 3583 3776 gene·

2042 3812 2228 3880 rata
2260 3828 2358 3878 ex
2396 3825 2702 3898 vapore
2734 3803 3197 3897 estduplex;
3224 3805 3583 3896 quaedam

2038 3928 2166 3999 est
2215 3923 2536 3996 subtilis
2556 3927 2637 3996 et
2657 3921 2947 4002 tenuis,
2975 3925 3054 3994 et
3073 3942 3167 3994 ex
3197 3920 3337 3993 illa
3358 3942 3590 4014 prop-

2041 4046 2170 4115 ter
2209 4039 2606 4112 desectum
2651 4037 3042 4120 materiae,
3088 4038 3214 4110 vel
3250 4043 3590 4132 propter

2038 4156 2438 4231 defectum
2482 4157 2822 4229 intensae
2883 4154 3364 4243 frigiditatis
3406 4176 3587 4228 eon-

2037 4274 2477 4354 densantis,
2551 4292 2711 4344 non
2781 4276 3228 4362 generatur
3289 4272 3585 4363 pluvia.

2041 4393 2188 4465 Sed
2230 4391 2392 4463 alia
2425 4391 2674 4462 nubes
2707 4394 2831 4463 est
2867 4390 3131 4477 magis
3156 4410 3475 4479 grossa,
3507 4395 3588 4464 et

2040 4509 2330 4601 spissa,
2368 4512 2447 4581 et
2482 4506 2622 4578 illa
2658 4527 2802 4599 per
2845 4506 3382 4597 frigiditatem
3405 4528 3587 4580 eon-

2038 4623 2398 4697 vertitur
2440 4623 2517 4694 in
2561 4643 2884 4713 aquam.

2130 4741 2310 4813 Alio
2335 4739 2569 4812 modo
2596 4744 3044 4829 generatur
3070 4740 3367 4832 pluvia,
3399 4740 3586 4832 quia

2041 4857 2255 4931 sieut
2294 4856 2658 4929 videmus
2704 4856 2911 4947 quod
2962 4857 3304 4945 guttula>
3355 4879 3585 4950 aquae

2039 4977 2540 5064 generantur
2564 4991 2708 5063 per
2729 4969 3256 5046 reflexionem
3283 4974 3377 5045 ad
3403 4997 3583 5048 eoo-

2042 5089 2497 5184 pertorium
2525 5089 2705 5159 ollae
2730 5088 3222 5171 effumantis,
3268 5092 3581 5164 etsimi-

2039 5207 2233 5280 liter
2262 5225 2471 5297 aqua
2498 5226 2733 5277 rosea
2773 5226 2914 5297 per
2941 5207 3462 5280 reflexionem
3489 5210 3584 5280 ad

2040 5321 2305 5394 latera
2358 5319 2674 5400 vesicae,
2729 5321 3276 5395 consimiliter
3323 5342 3584 5415 vapor

2041 5458 2345 5528 aqueus
2396 5436 2760 5508 elevatus
2804 5437 2900 5507 ab
2943 5436 3123 5509 istis
3175 5437 3582 5510 inferiori-

2040 5555 2187 5632 bus
2222 5552 2584 5631 aseendit
2610 5575 3026 5651 quousque
3054 5555 3320 5634 obviet
3353 5555 3579 5653 frigi-
