4252 6393
276 798 364 849 Aa
396 797 437 847 1.
469 799 591 850 dub.
630 846 640 852 .

357 2819 442 2867 Aa
459 2818 509 2868 2.

417 5393 465 5443 Β.

352 5458 439 5510 Λᾶ

484 5459 532 5509 3.

629 411 745 478 204

630 578 976 649 cundum
1076 576 1436 649 ordinem
1505 575 1720 650 visui
1791 575 2164 649 determi-

624 698 934 770 natum.

714 815 828 886 Ad
874 814 1227 906 primum
1291 814 1848 905 respondetur.
1909 813 2166 905 Appa-

627 930 893 1003 rentia
989 930 1360 1001 colorum
1466 927 1704 1000 Iridis
1788 950 1948 1001 non
2041 934 2167 1003 est

623 1047 863 1128 aliud,
915 1066 1154 1139 quam
1199 1045 1359 1125 lux,
1406 1045 1531 1115 vel
1602 1045 1867 1116 lumen
1927 1066 2165 1137 appa-

628 1185 814 1237 rens
898 1185 1041 1256 per
1120 1162 1582 1253 hujusmodi
1673 1161 2163 1253 diaphanum

619 1281 977 1361 densum,
1064 1284 1144 1353 et
1220 1279 1391 1350 ideo
1482 1279 1753 1349 radius
1836 1278 2163 1350 luminis

619 1397 950 1468 veniens
993 1416 1038 1467 a
1082 1396 1290 1476 Sole,
1342 1394 1750 1468 transiens
1801 1415 1942 1486 per
1985 1416 2162 1487 par-

620 1520 784 1589 tem
828 1514 1167 1605 guttulae
1229 1512 1709 1591 tenuiorem,
1757 1510 1955 1584 facit
2032 1532 2162 1603 ap-

619 1651 911 1723 parere
988 1629 1347 1701 colorem
1453 1628 1715 1717 magis
1813 1628 2158 1708 clarum,

620 1746 935 1819 scilicet
995 1745 1461 1838 puniceu1n;
1526 1744 1706 1815 dein
1754 1743 2160 1817 transiens

621 1884 766 1954 per
851 1864 1172 1954 partem
1277 1858 1749 1951 aliqualiter
1833 1859 2161 1951 spissio-

622 1999 793 2051 rem
861 1978 1057 2051 facit
1141 1998 1540 2069 apparere
1609 1977 1972 2049 colorem
2051 1976 2161 2048 vi-

621 2096 898 2177 ridem,
1009 2099 1088 2167 et
1162 2094 1430 2165 radius
1523 2093 1932 2166 transiens
2019 2115 2164 2186 per

618 2216 991 2286 centrum
1083 2211 1450 2301 guttulae,
1525 2210 1654 2280 ubi
1725 2215 1958 2300 gutta
2037 2215 2162 2283 cst

621 2331 994 2424 spissior,
1061 2331 1256 2403 facit
1316 2351 1717 2422 apparere
1794 2330 2158 2401 colorem

617 2449 1025 2539 alurgum,
1064 2448 1196 2538 qui
1231 2453 1355 2521 est
1408 2447 1700 2518 rubeus
1737 2446 2155 2527 obscurus,

617 2571 696 2638 et
775 2565 985 2637 sicut
1060 2564 1361 2638 dicitur
1413 2565 1503 2635 dc
1582 2582 1739 2633 una
1810 2562 2155 2653 guttula,

623 2687 892 2774 potest
933 2682 1087 2753 dici
1143 2682 1233 2751 dc
1286 2679 1666 2771 quotalibet.

711 2799 826 2877 Ad
875 2799 1308 2870 secundum
1366 2796 1688 2869 dubium
1737 2800 2159 2889 responde-

618 2920 780 2997 tur,
834 2916 1046 2988 sicut
1091 2915 1392 2988 dictum
1445 2919 1624 2987 orat
1676 2914 1906 2995 alias,
1955 2915 2160 3006 quod

616 3053 776 3103 non
818 3037 942 3104 est
1001 3032 1104 3105 ibi
1163 3030 1457 3123 aliquis
1518 3030 1752 3102 color
1822 3031 2161 3103 realiter

617 3148 1003 3230 existens,
1078 3148 1213 3240 qui
1289 3148 1734 3229 videbatur,
1810 3149 1940 3219 sed
2025 3148 2159 3219 lux

621 3265 832 3339 Solis
894 3266 1213 3340 videtur
1282 3265 1387 3337 ibi
1460 3266 1778 3346 reflexe,
1844 3269 1923 3338 et
1981 3265 2159 3335 (len-

617 3383 819 3455 sitas
918 3381 1085 3453 sivc
1156 3380 1594 3473 spissitudo
1664 3380 1924 3460 nubis,
2003 3401 2162 3451 una

616 3519 799 3570 cum
897 3496 1198 3568 lumine
1311 3498 1839 3589 incorporato
1947 3495 2161 3567 infra

617 3616 933 3695 nubem,
1012 3615 1126 3688 ita
1185 3617 1390 3706 quod
1459 3615 1618 3688 ista
1686 3616 1854 3688 tria
1918 3614 2161 3686 simul

616 3731 1016 3813 videntur,
1062 3737 1141 3805 ct
1187 3754 1331 3825 per
1390 3734 1709 3803 modum
1781 3732 2016 3802 unius
2054 3733 2161 3805 vi-

617 3849 901 3931 sibilis,
963 3850 1629 3941 quemadmodum
1705 3849 2156 3930 dicebatur;

614 3969 694 4038 01
747 3967 1058 4056 quando
1095 3966 1365 4036 radius
1409 3965 1620 4036 Solis
1677 3964 1975 4037 transit
2022 3986 2163 4057 per

616 4081 926 4154 vitrum
1011 4081 1370 4158 rubeum,
1457 4081 1523 4151 si
1605 4081 1986 4153 {lectatur
2068 4082 2161 4152 ad

623 4198 1043 4289 parietem,
1115 4200 1456 4288 apparet
1519 4197 1811 4268 rubedo
1877 4197 1950 4268 111
2032 4218 2162 4288 pa-

622 4314 852 4397 riete,
926 4318 1004 4386 01
1083 4313 1275 4385 1111111
1355 4315 1559 4405 quod
1626 4314 1946 4386 videtur
2004 4335 2163 4384 non

619 4436 743 4504 est
776 4431 988 4502 aliud
1037 4451 1275 4522 quam
1323 4430 1460 4501 lux
1506 4431 1715 4503 Solis
1779 4430 2165 4504 similiter

626 4547 999 4629 reflexus,
1057 4548 1188 4618 scd
1235 4548 1464 4618 color
1528 4548 1862 4640 parietis
1925 4568 2164 4640 appa-

625 4668 752 4738 ret
793 4667 1125 4738 directe.
1177 4669 1293 4737 Ex
1354 4686 1507 4755 quo
1572 4670 1792 4755 patet
1835 4666 2038 4756 quod
2087 4665 2163 4735 in

622 4785 825 4857 nube
859 4805 1017 4856 non
1067 4789 1193 4857 est
1235 4783 1530 4874 aliquis
1563 4784 1794 4854 color
1831 4783 2166 4855 realiter

619 4903 1004 4983 existens»,
1069 4900 1199 4972 sed
1238 4921 1379 4992 per
1448 4921 1531 4970 se
1594 4900 1885 4980 lumen,
1960 4899 2165 4990 quod

619 5018 1156 5090 diversimode
1225 5019 1590 5108 apparet,
1668 5020 2004 5107 propter
2061 5015 2168 5086 di-

622 5134 1106 5207 versitatem
1196 5129 1576 5223 diaphani
1664 5131 1932 5224 spissi,
2027 5153 2168 5223 per

625 5253 833 5344 quod
863 5251 1208 5328 videtur,
1243 5249 1366 5320 vel
1404 5270 1450 5320 a
1485 5270 1639 5340 quo
1687 5248 2163 5321 reflectitur.

718 5369 831 5440 Ad
891 5365 1227 5439 tertium
1305 5363 1656 5444 dubium,
1738 5364 1910 5434 dico
1965 5363 2169 5454 quod

633 5485 711 5557 in
758 5482 1112 5576 qualibet
1157 5484 1390 5572 parte
1438 5480 1668 5551 nubis
1720 5481 1946 5550 nobis
2000 5502 2169 5550 sen-

621 5601 874 5683 sibili,
930 5603 1170 5675 natus
1213 5601 1338 5673 est
1395 5617 1793 5691 apparere
1836 5597 2171 5688 quilibet

1842 412 1984 476 ΗΒ.
2034 418 2130 477 111.
2181 414 2718 487 ME‘rEonoRUM

2279 576 2510 647 color
2565 574 2827 655 Iridis,
2903 573 3091 667 quia
3137 580 3322 651 sunt
3384 580 3638 668 guttae
3707 593 3821 651 se·

2283 692 2653 765 minatim
2726 713 3060 785 sparsae,
3142 697 3222 766 et
3284 693 3555 765 lumen
3632 694 3821 767 inci·

2276 809 2491 889 dens,
2556 809 2767 883 sicut
2837 809 2915 881 in
2967 809 3155 881 alia.
3212 813 3330 881 Ex
3391 810 3545 902 quo
3599 816 3822 905 patet

2280 925 2743 1018 opinionem
2828 926 3142 999 Alberti
3232 948 3411 999 esse
3499 926 3816 1011 salsam,

2279 1042 2413 1133 qui
2468 1042 2971 1131 imaginatur
3028 1042 3344 1124 nubem,
3422 1045 3517 1116 ad
3577 1066 3820 1136 quam

2278 1159 2732 1232 sitressexio
2789 1160 3053 1242 Iridis,
3108 1182 3284 1231 esse
3346 1183 3818 1246 concavam,

2276 1274 2511 1365 cujus
2574 1295 2730 1345 una
2802 1296 2991 1367 pars
3059 1280 3184 1348 est
3256 1278 3517 1368 magis
3600 1299 3819 1362 rara,

2277 1391 2441 1464 alia
2493 1392 2951 1473 mediocris,
2996 1398 3077 1466 et
3130 1394 3379 1467 tertia
3428 1396 3698 1477 densa,
3742 1397 3825 1468 et

2277 1510 2465 1579 tunc
2510 1512 2854 1599 apparet
2914 1509 3150 1580 color
3205 1510 3617 1602 puniceus,
3692 1511 3823 1583 ubi

2275 1624 2523 1695 nubes
2566 1629 2691 1697 est
2755 1625 3055 1704 rarior,
3134 1627 3477 1717 alurgus
3524 1627 3656 1699 ubi
3698 1632 3824 1701 est

2273 1740 2624 1821 densior,
2688 1744 2768 1813 et
2816 1739 3103 1814 viridis
3148 1742 3279 1814 ubi
3338 1748 3462 1816 051
3534 1743 3824 1815 medio-

2274 1856 2465 1939 criS,
2531 1862 2610 1930 ct
2675 1856 2854 1929 istis
2940 1857 3400 1950 imponebat
3462 1860 3819 1943 nomina,

2273 1978 2353 2046 et
2412 1980 2752 2050 naturas
2793 1977 3415 2049 elementorum.

2364 2092 2474 2163 De
2509 2099 2828 2182 quartO,
2876 2114 3126 2184 quare
3168 2098 3512 2186 apparet
3547 2115 3822 2166 sccun-

2271 2208 2453 2279 dum
2522 2210 2884 2282 ordinem
2959 2210 3616 2293 determinatum,
3696 2215 3822 2284 est

2273 2326 2501 2397 valde
2543 2326 2868 2398 difficile
2908 2327 2998 2397 da
3018 2348 3101 2398 ro
3170 2346 3531 2409 causam,
3586 2333 3666 2401 et
3706 2333 3818 2401 ta-

2277 2462 2456 2512 men
2520 2447 2787 2534 potest
2846 2442 3027 2523 dici,
3094 2444 3299 2533 quod
3354 2464 3558 2515 unus
3649 2444 3819 2516 illo-

2278 2579 2457 2629 rum
2512 2560 2882 2631 colorum
2945 2566 3183 2633 natus
3243 2566 3367 2635 cst
3419 2582 3821 2654 apparere
3893 2584 3901 2589 ·

2276 2678 2711 2749 secumdum
2782 2677 3135 2768 aliquem
3217 2679 3632 2767 angulum,
3706 2700 3822 2749 se-

2272 2795 2617 2865 cundum
2667 2815 2902 2885 quem
2960 2794 3174 2866 alter
3216 2815 3373 2865 non
3415 2801 3539 2869 est
3580 2799 3824 2867 natus

2274 2930 2699 3003 apparere,
2755 2917 2834 2984 et
2880 2911 3050 2983 ideo
3095 2931 3299 2982 unus
3351 2918 3695 3004 apparet
3743 2913 3825 2983 in

2276 3048 2432 3098 uno
2485 3026 2645 3101 situ
2703 3026 3277 3108 determinato,
3330 3033 3409 3102 et
3474 3029 3689 3103 alter
3741 3030 3825 3101 in

2274 3144 2461 3227 ali0,
2509 3144 2641 3237 qui
2694 3145 3039 3235 angulus
3108 3149 3500 3218 causatur
3548 3167 3646 3217 ex
3701 3166 3827 3219 ra-

2272 3264 2400 3334 dio
2448 3263 2897 3334 incidentiae
2980 3284 3025 3335 a
3088 3265 3271 3335 Sole
3334 3265 3429 3336 ad
3501 3265 3822 3349 nubem,

2272 3383 2353 3452 et
2409 3401 2453 3450 a
2496 3381 2697 3451 nube
2734 3380 3034 3452 reflexa
3098 3382 3191 3451 ad
3233 3368 3565 3453 nubem.⁸

2363 3495 2685 3577 Quinto,
2774 3500 3041 3588 potest
3127 3497 3479 3570 dubitari
3569 3519 3827 3589 quare

2279 3610 2550 3702 potius
2624 3634 2723 3682 ex
2802 3612 3159 3685 transitu
3266 3613 3596 3685 luminis
3679 3636 3827 3706 per

2274 3727 2766 3820 diaphanum
2822 3729 3177 3821 spissum
3247 3736 3648 3823 apparent
3702 3733 3825 3806 illi

2274 3846 2596 3918 colores
2651 3846 2914 3933 mag-is
2969 3865 3210 3938 quam
3273 3846 3464 3919 alii?

2366 3962 2873 4053 Respondctu
2892 3984 2952 4043 r,
2993 3963 3196 4053 quod
3238 3967 3362 4036 est
3401 3964 3492 4034 110
3524 3969 3830 4038 natura

2278 4080 2607 4152 luminis
2657 4082 2860 4171 quod
2908 4101 3049 4172 per
3094 4081 3536 4155 transitum
3589 4104 3827 4154 suum

2277 4202 2559 4270 natum
2632 4202 2757 4269 est
2826 4217 3170 4268 causare
3255 4198 3438 4270 illos
3499 4199 3827 4272 colores

2280 4313 2565 4400 magis,
2634 4333 2871 4403 quam
2941 4312 3182 4393 alios3
3238 4320 3317 4387 et
3375 4314 3526 4387 hoc
3580 4316 3823 4399 sorte,

2279 4430 2465 4521 quia
2516 4429 3137 4522 principaliores
3173 4436 3361 4504 sunt
3405 4431 3620 4505 inter
3663 4455 3828 4505 om-

2276 4569 2417 4620 nes
2480 4547 2801 4619 colores
2882 4548 3211 4629 modios,
3299 4550 3432 4640 qui
3504 4551 3828 4623 colores

2283 4664 2514 4737 medii
2558 4665 2728 4736 nati
2773 4671 2958 4738 sunt
3021 4666 3424 4738 resultare
3469 4689 3565 4738 cx
3614 4689 3828 4741 com-

2282 4781 2675 4853 mixtione
2760 4782 3089 4853 luminis
3170 4804 3353 4854 cum
3422 4784 3827 4876 diaphano

2281 4899 2572 4991 spisso.

2372 5017 2523 5086 Per
2574 5014 2721 5086 1100
2766 5016 2859 5086 1111
2898 5016 3282 5089 rationes.
3337 5021 3543 5092 Ante
3586 5041 3828 5113 oppo-

2282 5131 2528 5204 situm
2572 5131 2680 5202 nil
2740 5133 3053 5223 probat,
3111 5133 3236 5203 vel
3283 5135 3550 5226 potius
3586 5158 3826 5230 oppo-

2282 5248 2555 5321 situm.

2370 5364 2481 5435 Ad
2529 5363 2900 5454 primam,
2958 5367 3050 5436 ad
3097 5366 3651 5449 Aristotelem,
3694 5373 3828 5457 ful·
3863 5395 3958 5444 Aa
3992 5393 4040 5441 1.
4092 5405 4182 5462 ay·-

3859 5470 3999 5519 9um
4034 5467 4181 5518 prm·

2281 5483 2513 5569 =qidum
2554 5484 2746 5566 facie,
2813 5481 2881 5551 id
2932 5488 3079 5562 est,
3151 5483 3347 5557 facit
3395 5506 3821 5578 apparere.

2372 5598 2482 5670 Ad
2528 5599 2798 5680 aliam,
2859 5604 2950 5670 ibe·
2981 5616 3073 5670 est
3102 5607 3352 5693 aliquis
3392 5608 3594 5686 color,
3642 5604 3829 5678 ‹lici-

3930 2112 4013 2161 Ad
4048 2113 4089 2161 ⁴.

3944 3520 4030 3571 Ad
4052 3519 4095 3567 5.

3931 5518 4124 5582 cipale.

3942 5633 4034 5687 Ad
4061 5631 4110 5680 2.
