4252 6393
3535 397 3544 404 s

3525 409 3532 416 l
3635 408 3642 418 ⁸

3517 426 3556 524 ἒ
3645 467 3650 476 ›

2089 591 2320 672 idem,
2368 591 2574 683 quod
2608 591 2878 663 anima
2910 592 3209 682 absque
3253 592 3626 682 respectu

1819 430 2179 507 QUAESTIO
2225 430 2304 492 IX

423 591 795 684 junctum
855 616 953 666 ex
1004 593 1364 686 potentia
1420 593 1559 665 illa
1601 596 1680 666 ct
1736 611 1973 683 orga-

430 729 554 790 no,
621 708 729 783 sit
788 709 982 781 illud
1041 731 1198 801 quo
1241 709 1681 792 videamus,
1736 710 1975 800 juxta
2088 709 2184 779 ad
2230 727 2630 798 organum
2674 707 3133 801 corporale.
3694 743 3724 787 ι,

432 826 647 909 illud,
698 828 905 918 quod
945 827 1141 900 dicit
1184 827 1726 921 Philosophus
1766 831 1832 899 Ξ.
1895 830 1977 896 de
2179 836 2295 910 Ex
2331 854 2485 925 quo
2537 838 2903 927 apparet,
2941 832 3147 925 quod
3207 830 3452 904 aliter
3508 834 3634 903 est
3776 842 3857 895 59.

2088 950 2362 1022 anima
2397 956 2627 1023 actus
2660 950 3042 1044 corporis
3079 970 3222 1043 per
3273 947 3634 1020 substan·
3661 909 3978 1021 ‘2253‘353‘

2086 1065 2315 1147 tiam,
2381 1067 2626 1141 aliter
2699 1089 2840 1160 per
2889 1066 3380 1160 potentiam;
3446 1063 3634 1155 quia
3687 1041 3773 1083 ‘²⁴⁸
3799 1045 3979 1094 σοφὼ

3712 1097 3794 1143 ris
3818 1109 3916 1156 pec·

426 947 701 1025 Am‘ma,
746 957 907 1013 text.
962 947 1029 1016 9.
1083 949 1163 1012 Si
1205 949 1432 1013 oculus
1489 959 1648 1014 essct
1686 947 1969 1027 animal,

426 1065 606 1129 visu-s·
635 1075 799 1129 essee
837 1068 980 1148 eius
1018 1066 1273 1131 anima.

138 1161 383 1330 mazio}
518 1178 724 1251 Illud
791 1183 1089 1260 autem,
1167 1200 1323 1270 quo
1411 1179 1969 1270 intelligimus,
2088 1202 2235 1273 per
2305 1183 2847 1257 substantiam
2946 1182 3424 1273 inquantum
3509 1157 3954 1280 estnffssssf'ss'lf‘,

264 1321 273 1330 .
373 1285 401 1297 '⁶
3715 1289 3925 1342 ter-per

140 1319 223 1367 uu·
256 1335 382 1368 «mm
425 1295 675 1368 etiam
697 1300 822 1368 est
846 1296 1164 1388 duplex,
1194 1295 1509 1369 scilicet
1536 1301 1966 1376 remotum,

139 1391 195 1430 ‘⁸‘
239 1381 398 1446 “¹³⁸⁴'‘
428 1412 621 1485 illud
652 1416 778 1486 est
812 1413 1269 1487 substantia
1303 1414 1593 1485 animae
1621 1412 1971 1487 intellec-

428 1528 643 1608 tivae,
697 1533 779 1602 et
840 1528 1386 1620 propinquum
1437 1535 1517 1603 et
1571 1530 1971 1602 immedia-

430 1652 627 1727 tum,
670 1650 752 1719 et
792 1644 960 1717 haec
1011 1651 1137 1720 est
1195 1647 1556 1738 potentia
1620 1648 1971 1723 intellec-

424 1763 618 1844 tiva,
683 1764 1022 1857 praecise
1088 1764 1417 1838 fundata
1462 1766 1540 1838 in
1616 1769 1971 1842 essentia

423 1881 742 1960 animae,
835 1885 1106 1955 manet
1206 1882 1285 1954 in
1372 1881 1573 1974 ipsa,
1654 1903 1814 1955 non
1886 1890 1971 1959 ut

420 1997 678 2068 fluens
751 1997 829 2068 in
884 1997 1315 2071 materiam
1374 1998 1735 2090 aliquam
1795 2021 1970 2072 cor-

420 2111 818 2204 poralem,
865 2134 1009 2185 nec
1055 2114 1134 2186 in
1178 2132 1604 2205 organum.
1662 2119 1762 2189 Et
1795 2117 1969 2209 jam

418 2233 766 2322 apparet
797 2229 1278 2312 differentia,
1319 2252 1572 2325 quare
1608 2233 1970 2325 potentia

420 2344 813 2418 sensitiva
846 2365 1004 2417 non
1027 2351 1151 2421 est
1179 2347 1727 2421 immediatum
1759 2349 1969 2442 prin-

418 2459 726 2551 cipium
793 2461 1161 2535 eliciendi
1229 2467 1500 2536 actum
1545 2464 1963 2546 sentiendi,

423 2578 510 2648 ut
555 2575 794 2651 habet
847 2577 1167 2650 fundari
1231 2578 1305 2650 in
1375 2580 1732 2653 essentia
1798 2582 1969 2653 ani-

423 2712 602 2772 mae,
664 2694 914 2767 donec
959 2696 1155 2769 fluat
1206 2702 1285 2770 et
1364 2697 1696 2771 uniatur
1739 2719 1969 2788 orga-

421 2830 528 2880 no
589 2812 1034 2903 corporali.
1110 2813 1481 2887 Potentia
1526 2819 1797 2887 autem
1853 2815 1969 2887 in-

423 2928 837 3002 tellectiva
914 2930 1004 3000 de
1082 2953 1164 3002 se
1227 2952 1384 3003 non
1456 2932 1819 3006 radicata
1892 2934 1967 3005 in

273 3099 320 3148 Α(
424 3065 738 3135 organo
808 3047 1251 3137 corporali,
1317 3068 1461 3120 nec
1534 3054 1621 3122 ut
1682 3050 1962 3131 fluens,

323 3193 339 3211 ι
416 3161 545 3234 vel
599 3160 823 3234 unita
873 3162 1237 3235 materiae
1305 3170 1428 3240 est
1475 3164 1967 3259 principium

421 3277 984 3350 immediatum
1032 3279 1561 3371 intelligendi.

513 3394 738 3468 Licet
796 3416 995 3486 ergo
1046 3417 1204 3468 non
1250 3398 1356 3470 sit
1395 3398 1851 3472 differentia
1892 3399 1967 3471 in

418 3510 546 3582 his
581 3511 887 3583 duabus
934 3514 1319 3604 potentiis
1363 3536 1459 3586 cx
1499 3520 1730 3607 parte
1762 3516 1962 3607 ejus,

417 3625 630 3716 quod
681 3628 929 3700 sentit
985 3633 1065 3701 et
1146 3629 1556 3719 intelligit,
1603 3631 1789 3722 quia
1843 3651 1968 3701 ac-

419 3747 554 3815 tus
594 3742 906 3816 videndi
962 3749 1042 3817 et
1104 3746 1519 3829 sentiendi,
1567 3769 1798 3839 quem
1831 3748 1965 3820 eli-

418 3858 533 3932 cit
571 3860 853 3931 oculus
915 3866 1182 3935 motus
1248 3863 1346 3933 ab
1391 3862 1705 3953 objecto
1757 3864 1960 3945 viso,

421 3980 509 4048 ut
560 3974 769 4057 albo,
815 3977 1040 4049 verbi
1101 3978 1398 4065 gratia,
1445 3979 1828 4053 fundatur
1890 3982 1964 4053 in

414 4101 779 4174 essentia
820 4103 1136 4183 animae,
1199 4124 1356 4175 non
1423 4106 1786 4195 praecise,
1835 4107 1964 4177 sed

417 4229 500 4301 in
566 4228 859 4308 radice,
912 4234 991 4303 et
1065 4230 1464 4322 principio
1530 4232 1792 4323 primo
1852 4237 1966 4306 at-

415 4378 571 4449 que
644 4361 987 4438 remoto,
1063 4359 1195 4430 sed
1249 4363 1334 4431 ut
1391 4364 1515 4433 est
1575 4365 1830 4441 actus,
1887 4367 1966 4434 et

414 4483 691 4554 forma.
739 4483 1028 4571 organi
1077 4485 1542 4576 corporalis
1594 4486 1966 4559 determi-

411 4607 618 4687 nati,
691 4612 771 4680 et
845 4608 1481 4700 cornplcxionati
1529 4612 1962 4683 secundum

410 4732 1184 4807 determinationem
1222 4735 1654 4817 sensibilis,
1686 4758 1965 4809 secun-

411 4860 605 4931 dum
693 4859 899 4950 quod
994 4859 1481 4932 determinat
1568 4861 1964 4934 Aristote-

410 4986 577 5056 les'
651 5010 665 5053 :
750 4985 955 5075 quod
1018 5004 1417 5074 organum
1494 4993 1618 5059 est
1709 4988 1964 5059 media

413 5108 854 5202 proportio
917 5109 1448 5183 sensibilium.
1497 5114 1788 5184 Actum
1834 5134 1964 5183 au-

412 5243 582 5310 tem
648 5235 1136 5315 intellectus,
1195 5236 1507 5311 scilicet
1572 5238 1965 5327 intellige-

412 5384 531 5445 re,
576 5362 802 5435 elicit
838 5363 1201 5456 potentia
1247 5363 1765 5445 intellectiva,
1806 5387 1962 5438 non

409 5493 503 5561 ut
538 5488 793 5559 fluens
840 5487 917 5558 in
953 5508 1381 5578 organum,
1431 5489 1563 5561 sed
1626 5493 1712 5561 ut
1766 5510 1962 5582 prae-

403 5614 578 5687 cise
635 5615 998 5688 radicata
1044 5614 1121 5687 in
1178 5614 1471 5694 anima,
1518 5615 1644 5687 vel
1713 5621 1798 5689 ut
1840 5622 1964 5715 est

156 5014 322 5065 'zde

151 5076 329 5137 Anima,

150 5143 253 5189 text.
278 5142 329 5190 9.

2085 1298 2636 1389 compositum
2663 1296 3223 1379 substantiale,
3262 1295 3630 1378 mixtum,
3657 1344 3976 1411 poema-am·

2085 1416 2838 1507 complexionatum
2877 1416 2954 1487 in
2976 1416 3123 1489 tali
3159 1415 3410 1506 gradu
3446 1413 3630 1485 sim-

2088 1533 2438 1625 pliciter.
2489 1537 2643 1606 Per
2699 1534 3148 1628 potentiam
3208 1552 3403 1603 vero
3461 1551 3629 1603 sen-

2086 1648 2440 1731 sitivam,
2480 1650 2956 1743 inquantum
2990 1649 3211 1723 ultra
3247 1647 3633 1741 praedicta

2081 1770 2207 1838 est
2284 1766 2468 1859 quid
2539 1767 3134 1858 organizatum,
3215 1769 3296 1838 et
3374 1763 3633 1836 media

2086 1882 2517 1974 proportio
2563 1882 3093 1955 sensibilium.
3161 1883 3314 1954 Per
3356 1884 3631 1972 poten-

2086 1997 2284 2070 tiam
2329 2020 2525 2069 vero
2562 1999 3144 2073 intellectivam
3177 1997 3402 2069 nullo
3459 2016 3629 2068 mo-

2081 2113 2178 2184 do
2251 2118 2337 2186 ut
2400 2114 2996 2205 organizatum,
3063 2134 3206 2186 nec
3269 2117 3356 2186 ut
3418 2130 3629 2184 com-

2086 2229 2670 2320 plexionatum.
2741 2231 2960 2302 Unde
3020 2233 3294 2304 actum
3338 2227 3629 2302 intelli-

2083 2346 2318 2440 gendi
2372 2346 2597 2421 elicit
2660 2352 2881 2420 totus
2932 2347 3175 2418 homo
3220 2351 3490 2420 motus
3532 2344 3630 2416 ab

2083 2462 2400 2555 objecto
2471 2484 2616 2556 per
2675 2462 3125 2555 potentiam
3203 2460 3632 2535 intellecti-

2079 2599 2292 2658 vam,
2366 2582 2453 2650 ut
2536 2601 2634 2650 ex
2725 2578 2888 2659 illo,
2974 2579 3183 2669 quod
3243 2578 3630 2650 fundatur

2086 2696 2425 2789 praecise
2471 2697 2546 2768 in
2606 2696 2896 2769 animae
2955 2695 3338 2776 essentia,
3410 2700 3490 2769 et
3549 2694 3630 2766 in

2086 2819 2402 2887 remoto
2507 2813 2909 2907 principio
3015 2811 3315 2905 absque
3380 2811 3626 2894 fluxu,

2080 2930 2206 3001 vel
2287 2931 2580 3003 unione
2629 2932 2725 3002 ad
2780 2931 3139 3023 aliquam
3194 2930 3628 3003 materiam

2079 3047 2625 3138 corporalem,
2699 3047 2867 3119 sive
2939 3046 3450 3136 organicam3
3507 3066 3629 3118 ac·

2082 3167 2254 3237 tum
2305 3184 2500 3236 vero
2546 3163 2938 3238 sentiendi
2991 3161 3218 3236 elicit
3283 3183 3423 3254 per
3492 3183 3629 3255 po-

2081 3279 2423 3352 tentiam
2483 3280 2985 3360 sensitivam,
3032 3299 3192 3350 non
3235 3279 3499 3350 solum
3543 3282 3630 3352 ut

2083 3396 2533 3469 radicatam
2582 3398 2658 3467 in
2693 3397 2991 3477 anima,
3032 3397 3164 3468 sed
3200 3400 3283 3468 ut
3317 3396 3516 3477 fluit,
3546 3399 3625 3469 et

2082 3510 2365 3582 unitur
2399 3530 2709 3601 organo
2754 3512 3199 3604 corporali.

2168 3640 2269 3705 Ex
2331 3634 2482 3707 hoc
2524 3642 2892 3729 apparet,
2942 3638 3146 3728 quod
3208 3636 3397 3728 quia
3442 3656 3627 3727 ope-

2082 3751 2298 3822 ratio
2332 3754 2409 3823 et
2457 3751 2884 3843 objectum,
2957 3755 3042 3823 ut
3104 3750 3386 3824 statim
3426 3750 3626 3822 dice-

2082 3872 2242 3948 tur,
2310 3872 2635 3939 sumunt
2708 3867 3112 3939 rationem
3181 3870 3260 3938 et
3311 3886 3625 3938 mensu-

2081 4002 2260 4054 ram
2324 4004 2364 4053 a
2439 3982 2842 4075 principio
2909 3982 3387 4075 propinquo,
3463 4001 3620 4073 quo

2076 4100 2408 4174 elicitur
2439 4099 2835 4192 operatio,
2905 4100 3075 4172 ideo
3111 4099 3318 4172 sicut
3353 4103 3622 4191 poten·

2080 4218 2197 4290 tia
2287 4217 2783 4291 intellectiva
2861 4237 3019 4288 non
3088 4220 3209 4288 est
3283 4215 3625 4306 alligata

2082 4353 2420 4423 organo,
2506 4354 2649 4406 nec
2728 4332 3097 4406 materiae
3174 4331 3621 4424 corporali,

2079 4450 2256 4541 ejus
2293 4450 2703 4541 objectum
2735 4469 2897 4521 non
2920 4452 3045 4521 est
3077 4450 3623 4529 contractum,

2082 4566 2215 4637 sed
2248 4569 2371 4637 est
2416 4564 2905 4646 universale,
2935 4564 3059 4635 vel
3099 4563 3624 4655 particulare,

2079 4686 2160 4755 et
2204 4702 2437 4754 omne
2494 4703 2634 4754 ens
2671 4682 2973 4774 absque
3021 4680 3630 4753 determinatio-

2081 4818 2203 4869 ne.
2297 4799 2498 4881 Quia
2565 4819 2761 4869 vero
2841 4796 3259 4879 sensitiva,
3341 4801 3429 4870 ut
3505 4799 3629 4868 est

2086 4913 2577 5007 principium
2625 4913 3037 5005 operandi,
3072 4913 3402 4986 inclu-„lit
3429 4912 3509 4984 in
3545 4934 3628 4984 se

2081 5050 2481 5119 organum
2525 5030 2981 5122 corporale,
3023 5034 3104 5102 ut
3137 5030 3442 5103 dictum
3473 5032 3621 5110 est,

2079 5148 2268 5239 quia
2359 5148 2786 5241 objectum,
2868 5152 2947 5220 et
3029 5148 3399 5240 operatio
3475 5146 3625 5219 tali

2081 5265 2536 5356 propinquo
2592 5265 2989 5357 principio
3032 5268 3109 5336 ct
3154 5263 3622 5336 immediato

2078 5380 2789 5473 proportionatur,
2886 5379 3055 5451 ideo
3126 5381 3300 5472 ejus
3372 5378 3627 5471 objec-

2077 5501 2251 5570 tum
2313 5500 2435 5569 est
2501 5498 2770 5589 portio
2824 5497 3185 5587 quaedam
3235 5496 3472 5577 entis,
3544 5499 3625 5571 et

2080 5613 2452 5706 operatio
2496 5614 2954 5705 conjuncta.
