4252 6393
425 1303 683 1356 Tertium.

551 3428 578 3476 4

722 429 860 510 ἢιιβ
1887 427 2031 488 ιιΒ.
2085 428 2130 488 ι.
2179 425 2721 490 Mss'rssonoaum

730 588 940 678 quod
980 587 1212 659 calor
1248 587 1463 661 Solis
1497 591 1622 661 est
1656 587 2060 679 impotens
2093 605 2277 659 eon-

732 724 1056 776 sumere
1122 704 1372 778 istum
1430 725 1851 796 vaporem,
1927 701 2118 794 quia
2184 702 2276 774 de

734 840 968 892 mane
1027 821 1258 894 calor
1304 821 1517 896 Solis
1559 825 1684 895 est
1727 819 1990 910 magis
2022 818 2281 892 eleva-

734 935 977 1018 tivuS,
1029 958 1269 1028 quam
1330 937 1997 1030 consumptivus;
2047 937 2280 1008 modo

740 1053 1231 1128 abundantia
1284 1055 1656 1128 materiae
1722 1053 2099 1146 superius
2156 1056 2285 1126 est

743 1187 990 1242 causa
1021 1169 1342 1261 pluviae.

868 1285 1171 1368 Tertio,
1229 1286 1527 1359 rubedo
1605 1286 1817 1361 Solis
1884 1286 1977 1358 de
2047 1303 2285 1356 mane

745 1401 1087 1475 orientis
1131 1402 1406 1492 signat
1451 1403 1852 1496 pluviam;
1891 1402 2025 1474 sed
2061 1401 2285 1474 rube-

740 1520 836 1591 do
880 1517 1333 1597 Occidentis
1376 1520 1650 1612 signat
1699 1518 2228 1592 serenitatem
2264 1542 2281 1600 ;

742 1654 993 1708 causa
1023 1641 1174 1718 est,
1215 1636 1561 1728 quialux
1584 1637 1763 1709 visa
1789 1655 1932 1728 per
1955 1634 2287 1725 nigrum

743 1753 1774 1846 terrestrefaeitapparere
1793 1750 2283 1833 rubedinem,

743 1870 830 1941 ut
884 1872 1107 1960 patet
1155 1870 1248 1941 de
1292 1868 1479 1943 Sole
1526 1869 1705 1942 viso
1771 1889 1917 1962 per
1974 1868 2289 1940 sumum

744 1983 994 2075 ignis;
1038 1984 1211 2057 ideo
1252 2006 1438 2057 cum
1471 1986 1564 2058 de
1601 2004 1834 2058 mane
1869 1984 2007 2058 Sol
2048 2003 2289 2077 appa-

745 2106 870 2174 ret
914 2100 1235 2182 rubeus,
1274 2100 1551 2174 multae
1582 2101 2173 2179 exhalationes,
2210 2102 2292 2172 et

741 2238 1093 2311 vapores
1121 2218 1761 2310 interponuntur
1786 2217 2001 2290 inter
2022 2216 2290 2288 visum

745 2338 1150 2417 nostrum,
1197 2338 1277 2408 et
1347 2333 1644 2415 Solem,
1693 2333 1882 2426 quia
1926 2338 2117 2407 tunc
2164 2335 2289 2404 est

745 2450 1153 2544 impotens
1221 2469 1706 2524 consumere
1785 2450 1990 2525 istos
2048 2469 2290 2542 vapo-

753 2590 911 2650 res,
950 2567 1272 2660 signum
1305 2572 1430 2641 est
1464 2567 1668 2659 quod
1700 2569 2294 2641 convertantur

753 2685 833 2757 in
868 2684 1264 2777 pluviam;
1310 2683 1442 2755 sed
1475 2702 1635 2754 non
1680 2682 1796 2756 sic
1841 2687 1966 2757 est
2013 2682 2105 2755 de
2166 2703 2292 2754 ru-

749 2801 1027 2876 bedine
1047 2799 1543 2893 vespertina,
1594 2803 1786 2873 tune
1812 2805 1937 2873 est
1970 2799 2296 2890 signum

753 2920 961 3012 quod
1000 2937 1353 3011 vapores
1400 2915 1544 2998 illi,
1609 2921 1690 2991 et
1730 2915 2294 2988 exhalationes

754 3034 1225 3128 interpositi
1268 3035 1484 3107 inter
1538 3054 1685 3107 nos
1733 3040 1813 3110 et
1857 3034 2129 3108 Solem
2170 3052 2295 3105 ca-

752 3154 947 3227 dunt
1016 3171 1260 3245 super
1319 3154 1635 3226 terram
1681 3156 2021 3246 propter
2070 3147 2297 3241 frigi-

753 3269 1092 3343 ditatem
1126 3266 1417 3341 noctis.

845 3387 1179 3466 Quarto,
1225 3382 1516 3476 pallor,
1562 3382 1690 3454 vel
1731 3382 2053 3457 flavitas
2085 3382 2298 3456 Solis

430 3493 720 3548 ΟΜΝΗ·
758 3500 1099 3574 orientis
1139 3499 1508 3591 designat
1589 3499 1970 3592 pluviam.
2036 3503 2301 3574 Causa

434 4112 709 4169 Quintum.

753 3622 903 3700 est,
950 3618 1137 3710 quia
1178 3614 1371 3693 tunc
1424 3616 1662 3689 multi
1727 3636 2079 3709 vapores
2147 3616 2299 3689 ele·

752 3733 925 3809 vati
985 3737 1173 3808 sunt
1244 3732 1461 3806 inter
1501 3752 1676 3815 nos,
1731 3738 1813 3806 et
1874 3733 2170 3815 Solem,
2219 3735 2302 3806 et

757 3854 1099 3943 propter
1134 3868 1531 3942 pororum
1564 3850 2120 3942 aquositatem
2167 3869 2299 3942 ap-

758 3971 995 4059 paret
1037 3966 1332 4059 pallor,
1371 3971 1451 4041 et
1493 3987 1656 4039 non
1693 3967 2017 4040 rubedo.

849 4083 1171 4165 Quinto,
1221 4085 1453 4156 ortus
1490 4082 1701 4155 Solis
1748 4082 1991 4156 nimis
2046 4089 2302 4159 matu-

756 4199 979 4274 tinus
1046 4199 1416 4291 designat
1477 4199 1862 4291 pluviam,
1921 4199 2036 4275 ita
2094 4201 2303 4293 quod

755 4316 1198 4389 diluculum
1270 4316 1765 4390 matutinum
1848 4316 1955 4391 sit
2035 4316 2302 4390 minus

759 4435 1030 4510 solito.
1079 4438 1343 4508 Causa
1384 4438 1534 4516 est,
1572 4433 1760 4525 quia
1811 4438 2003 4509 tunc
2045 4435 2302 4507 eleva-

761 4552 824 4627 ti
879 4556 1065 4625 sunt
1125 4550 1364 4625 multi
1405 4571 1754 4643 vapores
1800 4550 2177 4643 superius
2222 4551 2303 4624 in

759 4689 973 4751 aere,
1025 4669 1119 4740 ad
1153 4688 1353 4760 quos
1387 4667 2003 4759 refranguntur,
2038 4672 2120 4742 et
2150 4669 2303 4742 dis·

761 4787 1221 4878 perguntur
1310 4782 1514 4857 radii
1612 4784 1849 4865 Solis,
1960 4789 2301 4877 propter

763 4925 1110 4995 quorum
1156 4902 1735 4978 refractionem
1763 4903 1898 4976 Sol
1939 4906 2299 4978 existens

763 5019 908 5091 sub
947 5018 1373 5092 horizonte
1414 5020 1759 5110 apparet
1795 5039 2040 5111 super
2080 5019 2297 5092 hori·

754 5140 1102 5218 zontem,
1159 5135 1370 5208 sieut
1405 5136 1628 5227 patet
1667 5134 1759 5206 de
1798 5134 2131 5207 denario
2168 5156 2297 5227 po·

755 5253 914 5327 sito
968 5253 1046 5326 in
1080 5251 1294 5345 pelvi
1328 5250 1564 5343 plena
1597 5272 1830 5343 aqua,
1879 5251 2015 5342 qui
2056 5272 2299 5344 appa-

756 5373 879 5442 ret
921 5368 1134 5440 visui
1176 5368 1274 5438 ab
1323 5368 1596 5459 aliqua
1630 5366 2024 5441 distantia
2059 5389 2294 5461 prop-

751 5489 880 5558 ter
919 5483 1536 5577 dispersionem,
1584 5488 1663 5557 et
1710 5484 2295 5557 refractionem

754 5602 1171 5675 radiorum
1212 5598 1524 5673 denarii
1556 5601 1651 5671 ad
1683 5620 2001 5691 aquam,
2049 5622 2095 5674 a
2139 5624 2295 5694 qua

2389 583 2782 658 distantia
2812 602 2974 656 non
3005 583 3447 662 videretur,
3486 580 3555 652 si
3600 579 3676 653 in
3721 580 3927 672 pelvi

2390 703 2608 773 esset
2637 719 2781 772 aer
2810 705 2891 774 et
2923 719 3084 771 non
3115 719 3350 790 aqua.
3929 689 3934 698 ’

2481 820 2755 900 Sext0‚
2815 836 3125 889 corona
3174 814 3400 888 circa
3452 816 3745 896 Solem,
3807 813 3930 885 vel
3987 832 4181 880 sescum.

2396 934 2733 1015 Lunam,
2772 938 2898 1008 est
2943 933 3271 1024 signum
3305 935 3765 1012 ventorum,
3809 930 3934 1002 vel

2395 1049 2690 1142 pluviae
2744 1074 2759 1119 ε
2846 1069 3096 1122 eausa
3163 1053 3314 1130 est,
3390 1047 3578 1139 quia
3636 1066 3940 1120 corona

2397 1165 2566 1239 sive
2597 1165 2786 1238 halo
2818 1169 3216 1239 causatur
3245 1185 3345 1236 ex
3387 1163 3939 1257 interpositio-

2397 1301 2498 1354 ne
2535 1282 2874 1375 vaporis
2911 1282 3168 1356 roridi
3201 1281 3421 1355 inter
3464 1280 3732 1353 visum
3765 1300 3940 1352 nos-

2399 1404 2648 1479 trum,
2695 1403 2775 1473 et
2817 1405 3139 1474 astrum
3171 1398 3402 1471 circa
3446 1396 3656 1489 quod
3706 1416 3942 1488 appa·

2401 1520 2562 1598 ret;
2606 1519 2689 1590 et
2732 1515 3083 1589 maxime
3117 1515 3441 1607 signum
3471 1518 3596 1589 est
3625 1531 3938 1595 verum,

2403 1631 2472 1704 si
2504 1651 2814 1705 corona
2842 1631 3002 1705 ista
3021 1634 3367 1725 apparet
3391 1629 3617 1703 circa
3645 1629 3939 1708 Solem,

2404 1750 2594 1843 quia
2637 1750 2713 1821 si
2757 1754 3155 1844 appareat
3201 1751 3428 1822 circa
3470 1751 3804 1829 Lunam,
3867 1750 3946 1820 et

2401 1867 2931 1958 disgregetur
2990 1865 3133 1938 illa
3191 1883 3525 1946 corona,
3575 1869 3764 1938 tunc
3822 1867 3946 1936 est

2405 1983 2730 2075 signum
2777 1987 3240 2063 ventorum,
3293 1981 3427 2054 sed
3477 1979 3550 2053 si
3589 2000 3749 2051 non
3795 1978 3946 2053 dis-

2406 2104 2826 2190 gregetur,
2874 2104 3064 2173 tunc
3097 2104 3224 2173 est
3267 2099 3592 2191 signum
3627 2097 3943 2191 pluviae.

2531 2216 2921 2310 Septimo,
2969 2216 3371 2309 parahelii
3423 2217 3751 2308 signant
3786 2215 4209 2308 plu-Septimum

2404 2331 2647 2416 viam,
2731 2333 2896 2405 imo
2977 2333 3303 2425 signant
3377 2332 3953 2406 abundantiam

2405 2448 2922 2522 humiditatis
2953 2449 3212 2523 totius
3257 2448 3644 2541 regionis,
3684 2448 3764 2520 in
3796 2467 3956 2540 qua

2403 2563 3956 2657 apparent,etdicunturparahelii‚quia

2408 2679 2652 2753 simul
2685 2685 3085 2774 apparent
3117 2680 3197 2753 in
3228 2680 3772 2762 firmamento,
3793 2680 3949 2752 duo

2407 2797 2536 2869 vel
2570 2802 2744 2873 tres
2787 2797 3045 2881 Soles,
3103 2819 3352 2870 causa
3393 2802 3544 2879 est,
3592 2796 3779 2890 quia
3831 2795 3952 2868 illi

2407 2915 2808 3009 parahelii
2849 2920 3297 2989 causantur
3358 2937 3458 2988 ex
3509 2913 3954 2988 multitudi-

2409 3053 2507 3105 ne
2537 3033 2873 3125 vaporis
2903 3031 3166 3115 divisi,
3223 3033 3316 3105 ad
3361 3053 3598 3124 quem
3643 3030 3956 3104 refran-

2411 3153 2717 3241 guntur
2761 3149 2967 3223 radii
3012 3149 3259 3232 Solis;
3310 3150 3543 3222 modo
3588 3147 3955 3223 multitu-

2408 3267 2506 3338 do
2555 3286 2957 3359 vaporum
2998 3271 3123 3341 est
3166 3266 3491 3358 signum
3538 3265 3831 3359 pluviae
3874 3268 3957 3338 et

2410 3402 2685 3455 eausa.

2501 3501 2832 3582 Octavo,
2920 3499 3226 3574 raritas
3313 3499 3742 3572 stellarum
3823 3495 4209 3572 est⁰⁶²⁰⁸m¹¹¹

2417 3612 2740 3704 signum
2809 3613 3128 3707 pluviae.
3203 3618 3467 3689 Causa
3537 3619 3686 3696 est,
3760 3613 3956 3706 quia

2414 3748 2599 3801 cum
2643 3730 2901 3804 stellae
2944 3734 3344 3823 apparent
3384 3731 3651 3803 minus
3689 3730 3961 3804 densae

2416 3846 2690 3930 solito,
2739 3848 3064 3940 signum
3106 3852 3232 3920 est
3272 3849 3477 3940 quod
3521 3847 3778 3920 media
3841 3868 3963 3920 re-

2417 3962 2551 4054 gio
2595 3962 2813 4035 aeris
2867 3962 3155 4055 incipit
3196 3961 3568 4055 spissari,
3616 3966 3964 4055 propter

2416 4078 2647 4173 eujus
2680 4078 3292 4171 spissitudinem
3333 4076 3816 4171 prohibetur
3846 4079 3963 4150 vi-

2417 4194 2537 4267 sio
2593 4194 2953 4287 plurium
2996 4194 3465 4275 stellarum;
3541 4195 3776 4267 modo
3846 4193 3963 4266 in-

2417 4309 2809 4403 spissatio
2887 4311 3167 4385 mediae
3247 4308 3607 4403 regionis
3686 4310 3966 4403 signat

2415 4426 2803 4519 pluviam,
2842 4448 3004 4501 non
3037 4432 3313 4503 tamen
3341 4428 3433 4501 de
3467 4447 3719 4520 prope
3750 4427 3964 4500 futu-

2417 4563 2626 4625 ram,
2675 4544 2810 4616 sed
2847 4545 2939 4617 de
2980 4545 3255 4636 longo,
3303 4548 3391 4619 ut
3424 4544 3796 4626 secundo,
3829 4542 3966 4615 vel

2417 4661 2669 4734 tertio
2703 4661 2850 4733 die.

2502 4777 2760 4859 Nono,
2820 4776 3025 4849 idem
3080 4775 3489 4867 significat
3551 4773 3960 4848 obtusitas
4026 4786 4208 4901 mogins

2413 4911 2813 4964 cornuum
2872 4892 2953 4963 in
3014 4892 3458 4965 novilunio.
3523 4895 3786 4966 Causa
3823 4894 3958 4965 est

2409 5007 2685 5080 eadem
2721 5028 2906 5080 cum
2951 5009 3477 5101 praecedente,
3525 5007 3712 5101 quia
3752 5007 3960 5101 spis-

2411 5120 2676 5195 situdo
2765 5123 2984 5196 aeris
3072 5124 3451 5218 prohibet
3555 5123 3966 5197 visionem

2410 5238 2712 5312 acutiei
2762 5260 3190 5323 cornuum,
3247 5261 3424 5333 quae
3475 5245 3748 5315 tamen
3796 5259 3967 5313 non

2411 5355 2714 5430 sufficit
2793 5357 3231 5449 prohibere
3305 5358 3702 5432 visionem
3765 5357 3964 5429 alia-

2412 5492 2596 5543 rum
2645 5471 3033 5563 partium.
3085 5476 3186 5546 Et
3227 5472 3380 5547 hoc
3421 5475 3512 5547 de
3577 5472 3959 5547 secundO.
