4252 6393
366 4754 663 4830 Μαῃίςὴωί

384 4832 445 4865 re
439 4834 468 4881 J
475 4825 658 4868 tentur-

737 433 857 500 270

731 593 1134 689 opposita,
1203 611 1347 686 per
1406 611 1641 684 quem
1711 593 2035 665 modum
2096 592 2271 684 agit

725 731 973 784 causa
1014 708 1309 803 prima.

816 831 1046 909 Item,
1089 827 1454 900 videmus
1489 827 1695 917 quod
1730 828 1809 898 in
1853 825 2270 898 effectibus

723 949 1115 1021 causatur
1151 945 1371 1026 ordo,
1409 948 1489 1018 et
1526 944 1798 1016 unitas
1844 944 2154 1017 ordinis
2189 944 2269 1015 in

723 1065 885 1137 situ
956 1064 1055 1137 ab
1123 1063 1547 1143 efficiente,
1623 1062 1794 1135 sive
1862 1066 2055 1152 agat
2125 1082 2271 1154 per

718 1182 1140 1262 naturam,
1223 1180 1392 1251 sive
1483 1198 1629 1270 per
1714 1181 2056 1250 artem:
2125 1197 2270 1270 per

720 1299 1136 1376 naturam,
1228 1297 1319 1367 ut
1401 1294 1620 1386 patet
1711 1296 2101 1382 quantum
2174 1292 2268 1363 ad

720 1410 1341 1504 productionem
1413 1410 1494 1482 in
1554 1408 1754 1481 flore
1811 1413 1891 1482 et
1952 1407 2262 1489 fructu;

719 1529 1117 1619 quantum
1160 1524 1255 1596 ad
1288 1524 1564 1605 situm,
1604 1523 1793 1614 quia
1826 1521 2112 1595 folium
2148 1544 2268 1594 su-

721 1641 1209 1735 perponitur
1266 1638 1595 1720 fructui,
1662 1638 1889 1730 quasi
1943 1637 2036 1709 ad
2081 1655 2268 1709 con-

721 1756 1275 1830 servationem
1321 1780 1335 1824 :
1374 1757 1454 1826 et
1512 1774 1611 1825 ex
1655 1753 2027 1826 omnibus
2083 1753 2267 1825 istis

718 1873 913 1947 facit
973 1871 1400 1965 quamdam
1462 1869 1771 1942 ordinis
1836 1869 2262 1950 unitatem,

716 1995 804 2065 ut
847 1993 1067 2084 patet
1113 1989 1197 2062 in
1252 1986 1703 2068 frondibus,
1761 1985 2067 2078 stipite,
2137 2005 2267 2056 ra-

719 2106 912 2188 mis,
993 2110 1074 2179 et
1144 2102 1543 2177 fructibus
1604 2127 1619 2171 :
1684 2106 1761 2174 et
1844 2100 1992 2173 hoc
2068 2099 2265 2171 facit

716 2223 993 2296 eadem
1043 2222 1170 2296 vis
1228 2224 1547 2292 naturae
1598 2217 1892 2297 activa,
1975 2220 2056 2289 et
2113 2215 2267 2289 hoc

716 2341 943 2433 patet
1013 2338 1094 2410 in
1152 2335 1649 2410 formatione
1721 2332 2110 2413 hominis,
2184 2335 2265 2405 et

716 2453 1146 2548 cujuslibet
1203 2451 1614 2524 animalis.
1682 2452 1807 2524 Ita
1854 2449 2105 2522 etiam
2145 2449 2264 2520 vi-

720 2573 1114 2646 demusin
1158 2570 1540 2665 operibus
1584 2567 1796 2641 artis
1846 2570 1925 2639 et
1984 2567 2265 2638 volun-

601 2702 604 2705 ’
714 2688 941 2769 tatis,
1037 2690 1127 2761 ut
1204 2688 1417 2779 patet
1488 2684 1569 2756 in
1648 2680 2263 2757 constructione

715 2803 1003 2876 domus
1061 2804 1141 2874 et
1201 2801 1288 2874 in
1339 2798 1710 2870 omnibus
1761 2795 2256 2878 artificiatiS‚

714 2939 815 2992 ex
853 2918 1226 2999 diversiS,
1276 2916 1400 2988 vel
1441 2913 1894 2987 contrariis
1938 2933 2259 3004 compo-

719 3033 931 3115 sitis,
1003 3032 1193 3125 quia
1243 3054 1530 3105 eorum
1584 3030 2013 3125 productio
2064 3031 2262 3120 (ma-

712 3149 927 3224 xime
995 3150 1063 3223 si
1142 3170 1280 3223 ars
1350 3150 1741 3244 producat
1825 3145 2262 3220 materiam

712 3268 1286 3363 propinquam)
1350 3272 1429 3342 et
1495 3289 1782 3341 eorum
1854 3264 2261 3340 ordinatio

713 3384 1130 3457 reducitur
1161 3383 1256 3456 ad
1282 3403 1529 3455 unum
1562 3379 1946 3454 efficiens.
1979 3382 2262 3460 Quam·

706 3497 835 3571 vis
881 3496 1142 3588 igitur
1174 3497 1730 3571 contrarietas
1773 3494 1881 3568 sit
1917 3494 1998 3566 in
2029 3493 2260 3566 effec-

650 3611 955 3698 ‘tibus,
1031 3615 1219 3708 quia
1290 3615 1564 3687 omnia
1632 3613 2123 3688 conveniunt
2179 3612 2259 3684 in

713 3734 1054 3826 quadam
1128 3731 1444 3806 unitate
1500 3734 1578 3804 et
1615 3731 1893 3803 ordine
1947 3729 2261 3801 univer-

712 3850 808 3934 si,
844 3869 1007 3923 non
1043 3852 1367 3943 oportet
1403 3849 1609 3941 quod
1642 3867 1930 3922 eorum
1973 3847 2135 3919 sint
2157 3845 2261 3918 di-

709 3985 956 4038 versa
993 3963 1429 4038 efficientia
1464 3990 1479 4034 :
1521 3963 1681 4036 imo
1735 3960 2011 4054 potius
2055 3959 2261 4052 quod

712 4101 961 4155 unum
1022 4082 1128 4155 sit
1191 4079 1692 4175 principium
1760 4098 2046 4150 eorum
2093 4097 2262 4147 om-

712 4197 967 4281 nium,
1034 4218 1210 4291 quae
1254 4197 1334 4270 in
1378 4195 1670 4268 mundo
1726 4196 1939 4275 sunt,
1994 4195 2075 4264 et
2116 4190 2263 4263 sub

712 4314 993 4387 eodem
1037 4314 1317 4386 ordine
1358 4307 1722 4384 universi
1775 4309 2092 4388 cadunt,
2131 4327 2264 4378 cu-

708 4427 1065 4520 jusmodi
1109 4430 1294 4500 sunt
1340 4424 1612 4498 omnia
1653 4426 1955 4496 creata..

489 4566 565 4617 ιε.
818 4545 1221 4617 Motivum
1280 4541 1529 4614 etiam
1590 4540 1859 4614 tertiae
1921 4537 2264 4633 positio-

403 4631 634 4682 Funda-

390 4701 632 4742 mentum
717 4661 844 4734 nis
904 4661 1214 4733 nullum
1277 4662 1438 4741 est;
1506 4657 1694 4750 quia
1751 4655 2123 4748 quamvis
2184 4653 2266 4725 in

716 4775 1039 4849 entibus
1101 4774 1209 4847 sit
1269 4772 1567 4845 bonum
1637 4776 1715 4845 et
1762 4770 2092 4851 malum,
2159 4767 2265 4840 sit

716 4894 967 4966 etiam
1049 4889 1447 4985 perfectio
1507 4892 1587 4962 et
1644 4885 2011 4966 defectio,
2105 4902 2268 4954 non

712 5014 992 5084 tamen
1039 5010 1368 5102 oportet
1413 5005 1619 5098 quod
1679 5005 1839 5076 ista
1885 5000 2267 5073 reducan-

712 5127 853 5196 tur
893 5124 989 5196 ad
1032 5122 1355 5196 diversa
1389 5117 1851 5192 efficientia.
1887 5114 2268 5188 Defectus

710 5250 933 5324 enim
978 5251 1059 5321 et
1118 5246 1451 5327 malum,
1517 5243 1995 5333 inquantum
2037 5236 2263 5317 talia,

716 5392 878 5445 non
953 5370 1253 5442 habent
1321 5367 1807 5440 efficientem
1890 5380 2264 5441 causam,

711 5489 845 5561 sed
913 5484 1448 5564 deficientem,
1545 5483 1755 5555 sicut
1809 5479 2268 5553 claudicare

704 5614 898 5688 dicit

1889 431 1993 496 DE
2037 430 2301 498 RERUM
2349 431 2740 498 Pnlxcwlo

2386 593 2530 666 ire.
2570 595 2732 668 Nec
2762 597 3035 668 tamen
3069 596 3151 670 in
3185 599 3344 672 isto
3380 602 3592 684 actu,
3630 600 3762 692 qui
3791 609 3901 680 est

2383 717 2785 797 claudicare,
2880 721 3205 809 oportet
3291 718 3486 792 duas
3568 721 3904 799 vit-tutes

2384 831 2733 904 motivas
2793 832 3273 923 assignare:
3331 837 3463 909 sed
3532 840 3735 929 quod
3796 849 3907 919 est

2383 947 2489 1019 ibi
2537 948 3062 1039 perfectionis
3104 955 3181 1024 et
3233 954 3760 1045 operationis,
3810 964 3912 1032 at·

2378 1063 2782 1138 tribuitur
2810 1067 3139 1148 virtuti3
3179 1069 3383 1159 quod
3416 1075 3540 1144 est
3592 1070 3699 1144 ibi
3731 1075 3910 1149 mali

2378 1184 2457 1253 et
2532 1181 2914 1264 defectus,
2997 1184 3486 1260 attribuitur
3581 1188 3911 1264 defectui

2378 1298 2742 1382 virtutis,
2857 1302 3067 1376 sicut
3124 1303 3478 1376 dicerem
3546 1305 3627 1377 in
3691 1309 3910 1381 oculo

2384 1415 2590 1487 male
2673 1417 3016 1500 vidente,
3128 1441 3289 1492 non
3373 1422 3577 1512 quod
3657 1422 3910 1497 virtus

2385 1533 2668 1625 primae
2719 1555 2982 1607 causae
3036 1535 3143 1609 sit
3205 1535 3287 1607 in
3347 1536 3620 1628 aliquo
3677 1539 3915 1613 defec-

2383 1653 2647 1722 tuosa.
2711 1651 2823 1724 Ac
2886 1673 3031 1746 per
3089 1651 3273 1735 hoc,
3339 1651 3419 1724 in
3482 1653 3682 1736 illis,
3751 1677 3914 1747 quae

2379 1765 2477 1837 ab
2511 1765 2652 1838 illa
2684 1768 3084 1849 totaliter,
3130 1770 3208 1840 et
3245 1769 3712 1843 immediate
3747 1793 3916 1864 pro-

2381 1881 2689 1961 cedunt,
2764 1882 3033 1954 nullus
3100 1882 3456 1955 defectus
3523 1906 3621 1956 ex
3690 1890 3919 1979 parte

2378 1996 2806 2072 efficientis
2888 1998 3336 2091 reperitur;
3412 2000 3547 2072 sed
3617 2001 3698 2074 in
3764 2003 3917 2075 illis

2381 2111 2461 2184 in
2558 2114 2846 2205 quibus
2943 2120 3499 2208 cooperantur
3597 2121 3923 2210 agentia

2379 2235 2661 2304 creata
2701 2254 2798 2304 ex
2843 2233 3155 2306 defectu
3209 2234 3550 2309 virtutis
3610 2257 3918 2319 earum,

2377 2348 2502 2420 vel
2597 2369 2696 2419 ex
2783 2347 3407 2442 indispositione
3503 2354 3918 2434 materiae,

2379 2486 2617 2558 quam
2684 2465 3140 2555 requirunt,
3200 2466 3556 2542 defectus
3619 2469 3926 2562 aliquo·

2373 2583 2529 2655 ties
2568 2581 3006 2674 reperitur.
3055 2583 3183 2655 Sic
3241 2583 3498 2675 igitur
3559 2587 3802 2668 mala,
3845 2589 3919 2660 et

2374 2699 2729 2770 defectus
2801 2698 3296 2772 reducuntur
3365 2700 3458 2773 ad
3525 2700 3925 2775 defectum

2375 2815 2779 2888 virtutum
2858 2814 3515 2907 particularium,
3563 2823 3650 2893 ut
3711 2818 3925 2890 mala

2377 2934 2631 3005 moris
2691 2933 2787 3005 ad
2826 2932 3221 3006 defectum
3277 2934 3616 3009 virtutis
3681 2936 3928 3030 parti·

2376 3052 2681 3126 cularis
2714 3056 3057 3125 naturae.
4169 3132 4170 3135 ,

2467 3167 2952 3243 Reducimus
3005 3168 3257 3243 etiam
3332 3169 3606 3243 omnia
3680 3169 3916 3252 mala,
4047 3194 4106 3271 ¹²}-
4169 3152 4170 3240 J

2373 3290 2450 3360 et
2496 3287 2850 3360 defectus
2912 3287 3006 3358 ad
3064 3307 3314 3358 unum
3357 3288 3718 3380 primum
3760 3287 3918 3361 effi·
3949 3260 4171 3380 ῗὲῗῗῗοᾞ

2374 3404 2592 3477 ciens
2663 3403 3247 3494 quodammodo
3329 3429 3345 3473 ε
3420 3404 3626 3495 quod
3711 3380 4171 3507 sicut'ss‘ffi

2375 3519 2915 3613 perfectiones
2944 3540 3220 3591 omnes
3245 3518 3654 3612 accipiunt
3684 3540 3916 3592 suum
3956 3503 4171 3619 ffimfflg

2371 3657 2575 3717 esse,
2642 3635 2723 3707 in
2765 3635 2915 3706 hoc
2976 3635 3181 3725 quod
3240 3635 3419 3727 ipso
3471 3627 4171 3744 producunwg'ggffl

2372 3752 2538 3832 tur,
2575 3753 2652 3822 et
2690 3751 2957 3842 ipsum
3003 3749 3237 3821 modo
3271 3750 3547 3840 aliquo
3592 3750 3921 3822 imitan-
4036 3766 4120 3806 wr-

2371 3868 2536 3948 tur,
2638 3868 2830 3937 tunc
2927 3865 3225 3956 gradus
3322 3864 3926 3958 perfectionum
4169 3863 4170 3908 ¹

2376 3982 2734 4054 sumitur
2786 3986 2864 4055 et
2898 3981 3452 4072 cognoscitur,
3492 3981 3931 4054 secundum

2378 4099 2784 4191 majorem
2842 4101 2921 4171 et
3029 4097 3434 4171 minorem
3492 4095 3934 4191 appropin-

2379 4215 2849 4307 quationem
2891 4217 2986 4288 ad
3055 4216 3248 4289 illud
3311 4217 3673 4310 primum
3739 4242 3754 4286 ε
3821 4213 3933 4286 sic

2381 4334 2594 4405 mala
2687 4333 3041 4407 defectus
3140 4336 3763 4424 cognoscuntur
3854 4334 3932 4403 et

2378 4448 3015 4540 distinguuntur,
3055 4449 3490 4524 secundum
3527 4450 3934 4542 majorem

2378 4566 2458 4636 et
2523 4563 2924 4638 minorem
2977 4565 3586 4657 elongationem
3629 4565 3734 4636 ab
3795 4563 3933 4636 illo

2380 4700 2540 4750 uno
2584 4679 2851 4773 primo
2890 4681 3273 4774 perfecto,
3340 4679 3458 4753 ita
3502 4680 3714 4771 quod
3757 4698 3935 4771 per-

2381 4796 2626 4870 fectio
2671 4797 2894 4870 illius
2935 4801 3060 4871 est
3115 4817 3502 4870 mensura
3563 4794 3936 4868 omnium

2383 4913 3004 5007 perfectionum,
3044 4915 3476 4988 secundum
3521 4912 3934 4985 rationem

2383 5030 3093 5123 appropinquandi
3144 5032 3222 5102 et
3257 5028 3801 5108 assimilandi,
3855 5027 3933 5098 et

2380 5149 2505 5217 est
2578 5164 2960 5217 mensura
3063 5144 3425 5217 omnium
3522 5143 3937 5217 malorum

2383 5262 2461 5332 et
2494 5260 2976 5343 defectuum,
3023 5261 3458 5334 secundum
3522 5258 3935 5333 rationem

2384 5376 2845 5467 elongandi‚
2892 5376 3326 5450 secundum
3375 5377 3580 5468 quod
3629 5375 3935 5448 dicitur

2385 5491 2469 5563 in
2497 5493 2564 5563 2.
2608 5494 2690 5561 de
2741 5495 2977 5562 Gener.
3043 5504 3202 5561 text.
3251 5493 3363 5564 56.
3411 5495 3702 5581 Propter
3746 5493 3937 5579 lonqc

991 5614 1173 5696 duo,
1245 5614 1327 5684 et
1430 5609 1575 5692 ire,
1656 5613 1734 5682 et
1816 5606 2274 5680 defectuose
2392 5608 2652 5674 distare
2698 5631 2741 5675 α
2778 5610 3028 5697 prime,
3077 5609 3340 5697 reliquo
3392 5607 3584 5675 modo
3645 5606 3933 5696 comple·
