4252 6393
1777 415 2139 493 QUAESTIO
2183 417 2263 479 XI

167 579 231 628 2⁶·
434 577 546 650 Ad
578 598 928 670 quorum
964 576 1323 650 omnium
1368 577 1883 658 solutionem,

350 697 421 765 et
458 693 1034 787 praedictorum
1065 694 1728 776 declarationem,
1765 699 1889 767 est

352 810 778 891 sciendum,
818 812 1023 903 quod
1085 811 1359 882 anima
1407 808 1889 883 determina-

352 928 481 996 tur
536 925 633 997 ad
698 925 1066 998 diversos
1126 930 1358 999 actus
1425 925 1888 998 differentes

349 1056 662 1127 genere,
703 1062 1043 1113 numero
1085 1045 1163 1113 et
1200 1042 1497 1134 specie;
1564 1060 1883 1131 genere,

346 1154 723 1230 differunt
756 1161 1132 1247 intelliyere
1181 1172 1241 1226 ce
1282 1162 1532 1227 sentire
1550 1184 1575 1240 ,·
1620 1156 1886 1250 specio

354 1274 573 1339 videre
628 1287 689 1341 ec
728 1275 1016 1352 audire,·
1088 1293 1456 1355 numero,
1511 1278 1888 1364 intelliyere

347 1388 458 1454 hoc
485 1389 566 1458 et
611 1390 988 1477 intelliqerc
1033 1390 1209 1456 illud
1247 1392 1328 1461 et
1359 1392 1587 1458 videre
1636 1394 1755 1458 hoc
1806 1396 1886 1466 ct

346 1507 564 1571 videre
594 1507 792 1586 ill-ud,
866 1503 1222 1576 maxime
1292 1507 1359 1578 si
1419 1506 1661 1580 simul
1725 1530 1885 1581 non

345 1623 679 1713 possunt
713 1619 949 1691 ambo
984 1620 1359 1711 intelligi,
1393 1624 1520 1695 vel
1569 1626 1852 1699 videri.

159 1754 291 1827 lade-
427 1745 505 1819 Si
542 1745 804 1837 igitur
847 1745 1173 1837 quaeriS,
1241 1748 1441 1819 unde
1511 1750 1884 1824 determi-

159 1831 319 1926 ἶῖἒῖἶῖα
344 1861 753 1935 nationem
795 1861 1035 1935 habet
1068 1860 1341 1934 anima
1384 1866 1479 1936 ad
1521 1865 1679 1939 ista
1702 1873 1735 1938 ἱ)
1768 1869 1883 1941 di-

159 1955 274 2051 κίῗῖ
344 1996 453 2057 co,
501 1975 713 2067 quod
746 1971 1249 2049 sufficienter
1284 1978 1883 2056 determinatur

342 2091 429 2162 ad
485 2096 721 2166 aetus
789 2113 1109 2183 genere,
1154 2094 1284 2167 vel
1345 2097 1611 2188 specie
1667 2099 1881 2172 diffe-

343 2210 607 2279 rentes
656 2208 755 2279 ab
814 2209 1002 2292 alio,
1075 2213 1209 2304 qui
1252 2231 1432 2284 eam
1474 2215 1877 2306 produxit,

342 2324 467 2415 qui
500 2324 684 2406 sibi,
735 2326 1214 2418 inquantum
1257 2333 1382 2402 est
1422 2330 1614 2402 talis
1658 2333 1882 2405 nobi-

342 2439 619 2522 litatis,
686 2442 964 2516 indidit
1007 2446 1213 2536 quod
1290 2450 1576 2538 potens
1638 2449 1745 2522 sit
1786 2450 1881 2522 ad

340 2555 477 2629 hos
520 2564 756 2632 actus
805 2582 1052 2653 super
1090 2565 1469 2654 aspectus
1528 2548 1880 2638 aliarum

342 2674 698 2747 omnium
740 2675 1226 2749 formarum.
1265 2680 1379 2752 Ad
1412 2685 1641 2752 actus
1684 2704 1879 2754 vcro

341 2807 675 2861 numero
744 2790 1206 2866 differentes
1282 2795 1880 2870 determinatur

336 2905 429 2976 ab
492 2907 832 2999 objectis
894 2930 1236 2982 numero
1288 2912 1871 2998 differentibus,

338 3027 411 3095 et
454 3024 707 3096 etiam
780 3025 878 3097 ab
950 3026 1123 3118 ipso
1187 3030 1380 3111 Dec,
1428 3029 1559 3122 qui
1627 3032 1874 3103 talem

336 3138 491 3212 vim
545 3141 617 3214 ei
653 3141 887 3216 dedit.

419 3267 497 3339 Si
532 3271 807 3339 autem
855 3269 1178 3359 quaeris,
1245 3292 1388 3362 per
1441 3273 1644 3364 quod
1705 3274 1873 3345 ani-

338 3404 456 3453 ma
518 3404 696 3475 quae
738 3385 827 3456 de
863 3407 947 3456 se
979 3389 1104 3458 est
1139 3405 1320 3467 una,
1368 3387 1678 3459 nullam
1739 3410 1873 3460 va-

340 3497 710 3574 rietatem
756 3501 1054 3575 habens
1093 3504 1582 3588 formaliter,
1620 3506 1874 3578 ‹leter-

338 3614 693 3691 minatur
725 3617 819 3689 ad
854 3616 999 3690 has
1049 3620 1508 3711 potentias?
1549 3643 1873 3715 respon-

159 3732 495 3824 mma-dec,
530 3734 947 3805 dicendum
989 3741 1112 3809 est
1153 3736 1308 3818 hic,
1356 3740 1562 3830 quod
1602 3740 1874 3812 anima

159 3824 321 3949 ἶῗᾶἷῖα,
342 3847 767 3941 dupliciter
797 3852 1300 3925 considerari
1348 3860 1659 3948 potest:
1697 3858 1871 3929 Uno

159 3950 317 4052 ’ρ’ᾆζῗω·
344 3966 591 4047 modo,
657 3970 744 4040 ut
804 3966 1042 4042 habet
1083 3974 1497 4063 aspectum
1543 3974 1636 4044 ad
1698 3995 1874 4046 cor-

334 4100 473 4171 pus
527 4083 732 4173 quod
784 4083 1131 4175 perficit,
1195 4090 1274 4158 et
1328 4087 1649 4161 ratione
1709 4088 1871 4161 for-

335 4217 470 4269 mae
493 4198 1059 4274 substantialis
1084 4202 1279 4274 dans
1304 4203 1375 4275 ei
1403 4229 1535 4272 esse
1568 4205 1870 4298 simpli-

331 4310 576 4385 citer:
628 4317 707 4388 et
762 4318 1195 4389 secundum
1256 4321 1577 4392 modum
1624 4323 1868 4394 istum

335 4448 479 4501 uno
515 4431 908 4504 uniformi
967 4434 1199 4533 modo
1256 4435 1555 4527 absque
1615 4438 1869 4510 deter-

336 4546 770 4620 minatione
858 4552 937 4622 et
997 4550 1548 4634 distinctione,
1604 4559 1727 4627 est
1790 4555 1866 4628 in

332 4663 496 4733 toto
538 4684 912 4756 corpore,
949 4668 1030 4737 et
1072 4664 1151 4735 in
1186 4667 1583 4750 omnibus,
1636 4673 1866 4761 parte

336 4778 802 4868 organizata
868 4784 946 4852 et
998 4800 1157 4852 non
1226 4784 1732 4874 organizata,
1781 4791 1867 4860 ut

334 4891 740 4981 perfectio.
796 4896 893 4966 Et
969 4895 1144 4968 dico
1181 4898 1385 4989 quod
1430 4899 1589 4971 isto
1636 4902 1865 4973 modo

332 5011 444 5080 est
514 5010 590 5080 in
657 5010 1010 5103 qualibet
1076 5018 1307 5104 parte
1386 5016 1867 5106 organizata

333 5123 870 5208 uniformiter,
935 5126 1414 5219 inquantum
1469 5151 1661 5222 pars
1735 5153 1864 5204 or-

334 5240 604 5327 ganica
664 5241 1089 5333 accipitur,
1153 5248 1242 5317 ut
1300 5265 1599 5337 corpus
1675 5247 1865 5319 mix-

334 5355 495 5426 tum
558 5361 634 5429 et
720 5358 1494 5450 complexionatum,
1589 5384 1862 5435 secun-

332 5465 506 5539 dum
540 5473 740 5562 quod
784 5472 1240 5548 substantia
1276 5477 1566 5549 animae
1605 5480 1863 5570 requi-

339 5583 436 5655 rit
460 5608 750 5680 corpus
790 5589 867 5661 in
893 5590 1040 5664 tali
1067 5593 1320 5683 gradu
1346 5594 1859 5686 dispositum.

3455 407 3572 473 475

2004 580 2104 651 Et
2149 575 2582 649 secundum
2624 573 2835 646 hunc
2899 573 3219 645 modum
3272 569 3547 643 eadem

2000 699 2081 768 et
2105 692 2538 765 uniformis
2563 689 2989 783 dispositio
3020 693 3144 761 est
3177 687 3259 759 in
3287 685 3545 767 ocu10‚

1999 810 2195 884 etin
2229 829 2452 888 aure,
2491 808 2685 881 etin
2735 807 2950 899 pede,
3041 809 3122 878 et
3170 824 3317 897 per
3358 823 3548 875 con-

2002 949 2342 1020 sequens
2385 925 2657 999 anima
2707 925 3139 1018 perficiens
3202 921 3361 995 ista
3421 940 3548 993 or-

2000 1066 2236 1137 gana,
2311 1045 2508 1116 dans
2576 1041 2694 1117 eis
2762 1063 2939 1114 esse
3008 1038 3382 1133 speciale,
3457 1040 3546 1110 ut

2001 1166 2189 1236 sunt
2241 1168 2517 1255 partes
2569 1160 2852 1241 totius,
2906 1159 3180 1231 eadem
3229 1160 3309 1229 et
3377 1154 3543 1225 uni-

1999 1279 2317 1361 formis,
2372 1283 2452 1352 et
2505 1277 2974 1351 indistincto
3019 1275 3252 1346 modo
3294 1276 3420 1346 est
3462 1270 3543 1344 in

1997 1396 2141 1468 eis.
2206 1396 2289 1469 Si
2342 1401 2614 1469 autem
2677 1413 2988 1484 organa
3037 1390 3542 1465 consideren-

1998 1515 2159 1594 tur,
2233 1516 2322 1586 ut
2390 1510 2923 1604 perficiuntur
2983 1527 3127 1600 per
3183 1505 3538 1577 animam

1998 1630 2476 1722 inquantum
2522 1648 2667 1721 per
2711 1626 2849 1699 illa
2893 1627 3312 1718 operatur,
3349 1626 3540 1696 tunc

1995 1746 2268 1819 anima
2330 1745 2610 1819 unitur
2662 1744 2805 1825 eis,
2870 1748 2958 1816 ut
3015 1739 3318 1814 artifex
3378 1738 3541 1810 ins-

1996 1866 2440 1937 trumento.
2479 1865 2578 1936 Et
2612 1860 2772 1935 isto
2809 1861 3042 1934 modo
3088 1856 3541 1948 requiritur

1997 1981 2075 2053 in
2126 2000 2438 2071 organo
2482 1980 2644 2051 alia
2693 1984 2772 2052 et
2834 1977 2997 2050 alia
3046 1974 3474 2068 dispositio
3519 2000 3532 2043 :

1995 2117 2154 2168 una
2224 2096 2681 2188 requiritur
2739 2095 2820 2166 in
2881 2093 3116 2166 oculo
3185 2093 3282 2165 ad
3344 2091 3539 2163 reci-

1996 2212 2371 2306 piendum
2442 2211 2749 2304 species
2818 2211 3212 2289 colorum,
3287 2211 3374 2281 ut
3433 2208 3540 2280 sit

1996 2330 2489 2424 principium
2552 2333 2784 2403 actus
2842 2325 3180 2408 videndi,
3239 2330 3319 2400 et
3376 2324 3541 2397 alia

1996 2446 2074 2517 in
2109 2467 2308 2518 aure
2341 2447 2437 2519 ad
2470 2445 3018 2537 recipiendum
3082 2463 3395 2523 sonum,
3458 2446 3539 2515 et

1997 2563 2110 2635 sic
2151 2564 2243 2635 de
2296 2563 2481 2635 aliis
2535 2561 2977 2655 speciebus.
3044 2561 3144 2632 Et
3192 2564 3318 2632 est
3381 2558 3538 2632 ista

1991 2680 2420 2772 dispositio
2493 2677 2808 2769 organi,
2883 2675 3097 2749 ratio
3165 2674 3539 2748 determi-

1993 2819 2196 2871 nans
2234 2799 2591 2871 animam
2635 2797 2714 2868 in
2760 2794 3079 2867 ratione
3123 2794 3533 2886 potentiae,

1993 2921 2080 2990 ut
2135 2916 2240 2990 sit
2291 2915 2452 2987 alia
2494 2919 2572 2988 et
2615 2914 2778 2986 alia
2823 2911 3190 3006 potentia
3236 2911 3317 2982 in
3368 2932 3537 3004 spe·

1988 3034 2132 3116 cie,
2173 3032 2608 3104 seeundum
2658 3031 2864 3122 quod
2914 3030 3076 3102 ista
3107 3028 3534 3120 dispositio

1990 3150 2280 3241 organi
2333 3153 2456 3223 cst
2513 3147 2770 3221 media
2820 3146 3252 3240 proportio
3290 3145 3534 3218 sensi-

1986 3267 2268 3338 bilium
2347 3266 2988 3344 contrariorum,
3073 3283 3218 3355 per
3294 3283 3534 3353 quam

1987 3387 2111 3455 est
2192 3381 2742 3473 susceptivum
2824 3380 3282 3472 specierum
3359 3399 3534 3450 con-

1989 3499 2471 3579 trariarum,
2547 3501 2632 3570 ut
2690 3496 2849 3569 albi
2929 3500 3008 3569 et
3098 3494 3363 3585 nigri;
3453 3499 3532 3567 et

1989 3615 2172 3687 hinc
2241 3618 2394 3695 cst,
2472 3614 2678 3704 quod
2748 3612 2936 3703 quia
3005 3612 3303 3704 plantae
3373 3630 3535 3682 non

1987 3731 2283 3804 habent
2334 3730 2579 3803 talem
2643 3728 3286 3821 dispositionem,
3362 3726 3533 3799 sine

1988 3867 2144 3940 qua
2185 3867 2345 3919 non
2384 3850 2508 3919 cst
2561 3867 2869 3926 sensus,
2934 3845 3107 3917 ideo
3159 3865 3318 3916 non
3363 3863 3531 3915 sen·

1988 3963 2224 4045 tiunt,
2298 3967 2377 4035 et
2453 3961 2956 4035 excellentiae
3028 3959 3531 4033 sensibilium

1984 4082 2528 4171 corrumpunt
2587 4078 2833 4152 istam
2883 4075 3524 4169 dispositionem,

1984 4201 2063 4270 et
2111 4217 2254 4288 per
2296 4215 2799 4286 consequens
2835 4194 3318 4286 subjectum.

2075 4312 2156 4383 Si
2200 4311 2456 4402 igitur
2497 4311 2769 4383 anima
2801 4311 3395 4392 consideratur,
3441 4313 3528 4382 ut

1984 4428 2255 4501 forma
2309 4428 2879 4502 substantialis
2928 4430 3124 4500 dans
3172 4453 3307 4497 esse
3354 4448 3527 4501 cor-

1983 4547 2192 4638 pori,
2254 4546 2637 4638 potentiae
2698 4566 2858 4617 non
2914 4545 3529 4636 distinguuntur

1981 4665 2079 4735 ab
2111 4686 2230 4744 ea,
2268 4685 2412 4737 nec
2448 4665 2664 4737 inter
2698 4685 2780 4735 se
2815 4668 3002 4737 sunt
3031 4663 3520 4745 differenteS,

1983 4783 2113 4853 sed
2167 4785 2352 4855 sunt
2416 4782 2754 4856 realiter
2824 4783 3028 4854 idem
3083 4782 3288 4874 quod
3353 4782 3524 4854 sub-

1982 4899 2287 4971 stantia
2330 4898 2646 4980 animae,
2695 4898 2880 4990 quia
2905 4919 3048 4970 nec
3093 4898 3254 4972 isto
3291 4900 3522 4971 modo

1982 5013 2196 5087 ratio
2235 5014 2617 5107 potentiae
2650 5015 2731 5086 in
2773 5015 3043 5087 anima
3080 5014 3518 5088 invenitur.

1978 5133 2094 5201 Ex
2131 5152 2285 5222 quo
2324 5136 2569 5223 patet,
2608 5132 2814 5223 quod
2847 5135 3280 5206 secundum
3313 5132 3522 5204 hunc

1980 5248 2327 5329 modum,
2394 5268 2554 5319 non
2622 5247 2864 5322 habet
2924 5270 3249 5341 corpuS,
3316 5250 3521 5340 quod

1975 5368 2098 5437 est
2162 5364 2510 5437 materia
2567 5365 2881 5447 animae,
2955 5366 3161 5457 quod
3229 5365 3518 5438 habeat

1976 5479 2291 5571 aliquas
2355 5488 2630 5573 partes
2685 5483 3142 5574 organicaS,
3200 5484 3517 5576 aliquas

1978 5618 2138 5670 non
2202 5600 2660 5691 organicas,
2729 5601 2940 5678 sicut
3004 5623 3147 5677 nec
3213 5602 3511 5687 anima,
