4252 6393
684 384 795 447 106

684 546 765 617 in
800 545 1058 618 media
1106 547 1442 638 regione
1487 547 1704 619 aeris
1782 553 2230 638 generatur

684 662 980 755 pluvia,
1017 662 1179 736 nisi
1212 685 1499 757 vapor,
1548 686 1646 736 ex
1710 687 1866 757 quo
1900 685 2226 756 genere-

678 788 841 863 tur,
866 782 1098 875 prius
1138 787 1679 857 convertatur
1711 784 1791 858 in
1814 785 2109 868 nivem,
2147 789 2229 859 et

675 900 883 990 quod
925 898 1064 972 nix
1110 900 1270 975 ista
1310 901 1603 974 cadens
1653 903 2038 975 deorsum
2098 924 2227 975 us-

676 1038 827 1110 que
858 1018 954 1090 ad
986 1039 1135 1091 nos
1173 1024 1500 1095 maneat
1553 1020 1719 1104 nix,
1760 1021 2220 1114 requiritur

676 1135 996 1207 intensa
1044 1134 1458 1226 frigiditas
1504 1137 1948 1228 congelans
1982 1156 2226 1230 vapo-

677 1271 876 1333 rem,
970 1252 1449 1344 priusquam
1519 1259 2066 1330 convertatur
2146 1254 2225 1326 in

675 1387 998 1459 aquam,
1027 1372 1109 1441 et
1150 1368 1566 1442 sufficiens
1607 1370 2021 1460 frigiditas
2076 1393 2225 1465 per

676 1488 956 1560 totum·
983 1485 1359 1568 medium,
1390 1507 1549 1578 quo
1608 1488 1747 1559 nix
1799 1488 2029 1562 debet
2056 1490 2225 1561 ‹les-

677 1600 1040 1684 cendere‚
1089 1602 1203 1676 ita
1248 1603 1456 1693 quod
1498 1603 1731 1675 calor
1775 1604 2012 1677 medii
2059 1625 2225 1678 non

681 1716 1150 1809 liquefaciat
1182 1718 1474 1791 nivem.

330 1842 653 1967 mut-plu·
768 1836 984 1906 Tunc
1016 1834 1111 1906 dc
1148 1833 1628 1909 differentiis
1670 1836 1881 1909 nivis
1931 1843 2013 1912 et
2058 1838 2226 1930 plu-

356 1965 451 2014 via
477 1969 633 2032 aeffe-
680 1950 856 2031 viae,
917 1949 1096 2022 dico
1166 1952 1372 2042 quod
1448 1951 1832 2026 differunt
1921 1953 2217 2047 primo,

327 2033 657 2158 ’ῗὲἷιῖἶῗῗά
682 2066 941 2158 quoad
1000 2070 1320 2160 tempus
1398 2090 1562 2141 suae
1633 2071 2216 2160 generationiS‚

679 2183 868 2274 quia
918 2182 1055 2256 nix
1109 2184 1375 2257 solum
1424 2191 1874 2276 generatur
1918 2188 1995 2260 in
2037 2187 2221 2278 hye-

675 2318 825 2380 me,
873 2298 1007 2369 sed
1042 2299 1316 2391 pluvia
1360 2299 1914 2376 indifferenter
1976 2302 2055 2374 in
2112 2303 2220 2375 di-

670 2412 935 2485 versis
984 2414 1357 2507 partibus
1437 2417 1651 2489 anni.
1722 2420 1987 2492 Causa
2061 2422 2215 2501 est,

672 2531 861 2621 quia
885 2531 1025 2603 nix
1048 2551 1211 2603 non
1242 2532 1652 2607 descendit
1693 2534 1789 2605 ad
1835 2555 2015 2617 nos,
2054 2535 2219 2607 nisi

669 2646 918 2720 fuerit
969 2647 1360 2721 continua
1411 2648 1822 2739 frigiditas
1878 2672 1926 2722 a
1986 2656 2220 2725 terra

671 2785 923 2857 usque
952 2765 1048 2836 ad
1085 2764 1428 2838 mediam
1483 2767 1940 2858 regionem3
1980 2770 2216 2842 modo

668 2880 860 2955 talis
913 2881 1354 2973 frigiditas,
1395 2883 1691 2956 saltem
1771 2884 2212 2966 sufficiens,

667 3017 829 3069 non
926 3004 1198 3091 potest
1309 3001 1805 3083 continuari,
1902 3002 2061 3075 nisi
2134 3002 2214 3074 in

668 3119 980 3206 hyeme.

760 3234 1122 3307 Secundo
1153 3233 1537 3308 differunt
1565 3234 1643 3306 in
1691 3235 1929 3308 modo
1983 3256 2213 3328 gene-

672 3350 1047 3431 rationis,
1104 3351 1292 3444 quia
1333 3351 1471 3425 nix
1540 3357 1992 3443 generatur
2068 3376 2214 3447 per

664 3466 1325 3558 congelationem
1409 3468 1773 3560 vaporiS,
1841 3470 1975 3542 sed
2045 3471 2213 3564 plu-

663 3582 797 3656 via
840 3604 987 3676 per
1034 3584 1663 3657 conversionem
1721 3587 2059 3678 vaporis
2135 3589 2212 3661 in

663 3720 982 3790 aquam.

747 3815 1024 3889 Tertio
1079 3815 1462 3890 differunt
1530 3816 1607 3887 in
1658 3816 1960 3900 calore,
2024 3820 2214 3910 quia

666 3931 942 4024 pluvia
964 3931 1591 4006 habetcolorem
1617 3952 1871 4025 aquae,
1915 3936 2095 4008 salt·
2134 3957 2211 4008 m

661 4051 748 4120 ut
810 4048 888 4120 in
928 4050 1315 4142 pluribus,
1390 4049 1525 4120 sed
1592 4049 1731 4121 nix
1792 4055 1918 4124 est
1962 4051 2204 4123 alba:

658 4163 893 4254 cujus
962 4182 1211 4234 causa
1277 4167 1403 4235 est
1499 4162 1819 4256 duplex,
1910 4166 2205 4258 primo,

661 4277 848 4369 quia
914 4278 1005 4351 fit
1053 4298 1151 4349 ex
1222 4278 1572 4352 materia
1623 4284 2207 4373 transparente

661 4392 2205 4487 quodammodo,etdispositaadlucem,

658 4514 738 4582 et
772 4509 962 4583 talis
1004 4510 1234 4582 debet
1292 4531 1695 4603 apparere
1765 4512 1972 4583 alba.
2030 4512 2211 4584 Alia

660 4646 936 4708 causa,
964 4625 1155 4718 quia
1185 4626 1599 4716 frigiditas
1629 4629 1855 4701 valde
1892 4628 2210 4701 intensa

662 4762 912 4832 agens
958 4741 1037 4813 in
1081 4742 1515 4815 materiam
1557 4742 2000 4826 humidam,
2085 4767 2210 4817 su-

663 4880 812 4953 pra
889 4880 1129 4953 quam
1197 4859 1573 4934 totaliter
1672 4860 2006 4943 obtinet,
2082 4861 2209 4934 vel

665 4976 957 5048 saltem
994 4996 1142 5067 pro
1205 4974 1504 5068 majori
1551 4981 1812 5069 parte,
1851 4981 2044 5050 nata
2085 4983 2211 5051 est

668 5091 1143 5171 albefacere‚
1205 5091 1375 5165 ideo
1436 5092 1799 5165 videmus
1863 5096 2072 5185 quod
2130 5096 2212 5168 in

668 5208 2212 5307 partibusseptentrionalibuscorpora

663 5325 1142 5402 animalium
1177 5329 1365 5398 sunt
1400 5326 1661 5414 magis
1713 5327 1922 5409 alba,
1969 5350 2211 5421 quam

668 5445 747 5516 in
792 5444 1160 5537 partibus
1205 5440 1911 5525 meridionalibus;
1973 5445 2208 5517 modo

669 5561 748 5632 in
790 5560 1322 5651 generatione
1355 5558 1566 5631 nivis
1601 5558 2016 5651 frigiditas
2085 5565 2211 5634 est

390 3250 460 3300 In
488 3253 640 3328 medo

312 3328 348 3377 9
358 3323 635 3389 qnerauo-

316 3388 429 3429 ms.

330 3823 396 3872 In
424 3829 613 3878 colore.

1869 387 2014 451 LlB.
2064 389 2107 450 1.
2155 387 2697 455 ME'OEORORUM

2339 549 2571 622 valde
2632 552 2976 634 intensa,
3035 556 3115 625 et
3185 572 3450 645 vapor
3509 552 3587 624 in
3645 571 3883 644 quem

2341 665 2515 757 agit
2557 669 2681 740 est
2716 666 3122 740 humidus,

2429 787 2766 866 Quarto,
2805 785 2994 877 quia
3035 784 3419 860 differunt
3472 786 3550 857 in
3592 785 3883 876 figura,
3917 800 3983 850 101
4009 800 4196 864 Mum·

2343 899 2531 992 quia
2575 895 2851 995 pluvia
2891 903 3107 976 cadit
3167 903 3247 975 in
3303 903 3571 994 figura
3638 902 3888 996 sphae-

2343 1015 2548 1099 rica;
2625 1018 2757 1090 sed
2816 1018 2954 1091 nix
3039 1019 3257 1094 cadit
3298 1019 3890 1111 quodammodo

2339 1135 2550 1209 sicut
2583 1134 2793 1221 lana,
2822 1136 2947 1209 vel
2969 1137 3412 1230 aliquoties
3448 1138 3889 1211 secundum

2338 1249 2690 1342 figuram
2759 1253 3303 1344 quorumdam
3381 1253 3707 1335 florum,
3806 1259 3890 1327 et

2340 1367 2670 1440 reddere
2693 1388 3030 1441 causam
3047 1369 3225 1463 ejus
3256 1387 3410 1467 opo
3424 1373 3588 1442 rtet
3613 1388 3889 1442 recur-

2340 1500 2525 1552 rere
2557 1482 2654 1553 ad
2687 1481 3195 1556 influentiam
3247 1480 3457 1554 coeli.

2427 1596 2723 1679 Quinto
2813 1596 3221 1678 differunt,
3310 1597 3500 1689 quia
3565 1599 3703 1671 nix
3761 1604 3887 1672 est
4057 1593 4102 1640 ⁵·

2337 1711 2636 1802 frigida
2677 1717 2758 1787 et
2791 1712 3032 1795 sicca,
3078 1715 3159 1785 et
3218 1711 3497 1804 pluvia
3545 1717 3669 1787 est
3746 1713 3887 1785 fri-

2339 1829 2522 1919 gida
2561 1834 2641 1901 et
2681 1827 3032 1901 humida.
3081 1832 3347 1903 Causa
3405 1829 3653 1922 primi
3731 1836 3882 1913 est,

2338 1946 2525 2036 quia
2568 1943 3047 2037 priusquam
3080 1964 3341 2036 vapor
3375 1944 3484 2018 sit
3524 1943 3883 2036 perfecte

2291 2085 2294 2088 “
2337 2060 2876 2143 humefactus,
2913 2083 3012 2133 ex
3055 2081 3213 2153 quo
3234 2061 3373 2133 nix
3408 2066 3877 2153 generatur,

2334 2179 2843 2270 congelatur.

2423 2300 2669 2370 Sexto
2724 2295 3199 2369 differuntin
3231 2296 3870 2375 continuatione,
3904 2287 4223 2400 πῇζ,ξξζζ·”-

2334 2412 2522 2503 quia
2565 2412 2861 2506 saepius
2920 2412 3515 2486 continuantur
3570 2412 3876 2485 sibiin-

2331 2530 2592 2603 vicem
2635 2552 2876 2604 casus
2949 2529 3265 2623 pluviae,
3332 2548 3574 2622 quam
3634 2549 3875 2602 casus

2332 2647 2570 2720 niviS.
2617 2651 2882 2722 Causa
2921 2651 3070 2728 est,
3118 2647 3306 2739 quia
3349 2651 3580 2721 terra
3621 2648 3877 2720 made-

2332 2764 2552 2837 facta
2587 2785 2731 2857 per
2763 2765 3120 2858 pluviam
3164 2765 3429 2855 magis
3477 2764 3876 2857 disposita

2329 2886 2455 2955 est
2497 2882 2591 2953 ad
2635 2883 3250 2971 generationem
3286 2881 3610 2977 pluviae,
3648 2886 3728 2956 et
3779 2883 3878 2954 ab

2328 2998 2473 3070 illa
2532 3003 2760 3072 terra
2809 2999 3083 3091 plures
3129 3018 3486 3093 vapores
3561 3000 3874 3073 elevan-

2330 3117 2501 3195 tur;
2555 3114 2689 3186 sed
2733 3118 2820 3187 ut
2856 3114 2937 3186 in
2979 3115 3348 3207 pluribus
3383 3122 3572 3210 post
3593 3137 3872 3188 casum

2329 3232 2565 3313 nivis
2603 3232 2740 3303 nix
2773 3232 3359 3322 congelaturet
3392 3233 3876 3326 prohibetur

2328 3366 2714 3418 ascensus
2756 3346 3091 3439 vaporis
3161 3367 3262 3418 ex
3310 3346 3457 3419 tali
3502 3347 3880 3437 congela-·

2327 3458 2573 3542 tione,
2621 3460 2795 3532 ideo
2836 3460 3363 3533 terraminus
3410 3461 3875 3553 disponitur

2327 3577 2421 3648 ad
2464 3577 3081 3666 generationem
3116 3579 3352 3659 nivis,
3389 3584 3470 3654 et
3493 3600 3649 3675 per
3683 3601 3867 3654 con-

2328 3714 2672 3784 sequens
2690 3694 3448 3786 pluviadiuturnior
3486 3703 3611 3771 est
3651 3699 3860 3770 nive.

2417 3811 2806 3904 Septimo,
2847 3813 3399 3905 respondendo
3446 3814 3541 3886 ad
3583 3816 3864 3905 quaesi-
3894 3825 4018 3936 ’ξιξ
4043 3824 4208 3953 ᾖείῗζ

2326 3932 2523 4009 tum,
2601 3933 2871 4021 potest
2927 3929 3082 4003 dici
3159 3932 3367 4023 quod
3424 3951 3586 4005 non
3652 3932 4223 4014 diffewemtspeeie·

2327 4054 2518 4121 runt
2597 4051 2888 4143 specie,
2975 4053 3399 4144 probatur,
3446 4054 3636 4146 quia
3703 4072 3885 4129 non·

2327 4162 2518 4235 illud
2563 4166 2933 4257 quod'cst
2982 4167 3074 4238 de
3102 4156 3402 4240 natura
3442 4169 3662 4240 aeris
3728 4170 3865 4243 dif-

2325 4280 2487 4354 fert
2554 4281 2654 4351 ab
2710 4303 2832 4361 eo,
2908 4284 3114 4373 quod
3181 4287 3307 4355 est
3400 4282 3492 4354 de
3567 4291 3869 4359 natura

2323 4416 2584 4486 aquae;
2624 4396 2757 4467 sed
2795 4397 2932 4468 nix
2992 4402 3118 4470 est
3156 4397 3249 4468 de
3281 4402 3580 4471 natura
3621 4402 3863 4482 aeriS.

2324 4518 2405 4588 et
2481 4513 2752 4605 pluvia.
2845 4515 2935 4585 de
3003 4520 3304 4588 natura
3390 4536 3652 4608 aquam
3726 4518 3866 4609 igi-

2327 4636 2464 4702 tur
2556 4636 2710 4703 etc.
2817 4632 3089 4722 Major
3157 4635 3406 4725 patet,
3490 4633 3678 4724 quia
3720 4655 3863 4706 aer
3937 4624 3942 4629 ”

2324 4768 2484 4819 non
2559 4747 2932 4839 spe-ifice
2980 4748 3253 4822 differt
3294 4747 3394 4820 ab
3471 4770 3706 4842 aqua.
3764 4754 3864 4825 Et

2327 4861 2601 4934 minor
2645 4866 2891 4953 patet,
2940 4862 3127 4953 quia
3193 4861 3335 4934 nix
3412 4868 3539 4937 est
3604 4883 3865 4955 vapor

2325 4978 2837 5068 congelatus;
2934 4978 3169 5050 modo
3234 4998 3497 5070 vapor
3581 5000 3866 5072 conge-

2325 5094 2542 5166 latus
2621 5113 2778 5164 non
2838 5092 3109 5166 differt
3197 5093 3569 5185 specifice
3625 5115 3672 5166 a
3737 5116 3866 5167 va·

2330 5230 2524 5301 pore
2610 5229 2771 5280 non
2864 5209 3324 5299 congelato,
3416 5211 3606 5302 quia
3690 5210 3866 5282 sola

2325 5325 2788 5415 congelatio
2876 5345 3037 5397 non
3121 5324 3619 5399 diversificat
3699 5347 3866 5418 spe-

2325 5442 2563 5523 ciem;
2604 5441 2837 5513 modo
2880 5461 3140 5533 vapor
3180 5461 3344 5515 non
3383 5442 3862 5533 congelatus

2324 5565 2448 5634 est
2477 5557 2568 5629 de
2601 5563 2904 5632 natura
2945 5558 3190 5639 aeris.
