4252 6393
706 415 787 482 72
1885 419 2033 480 [ΑΒ.
2083 421 2130 481 Ι.
2177 417 2722 483 METEORORUM

703 575 1148 660 exhalatio,
1201 583 1282 652 et
1343 578 1561 651 idem¹
1604 579 1990 659 efficiens,
2039 577 2250 652 scili-

703 699 831 767 cet
878 693 1442 778 inflammatio,
1481 696 1854 788 sequitur
1886 698 2092 788 quod
2143 697 2247 770 ef·

699 807 961 885 sectus
994 811 1157 885 erit
1200 833 1432 893 unus,
1491 812 1805 887 scilicet
1840 813 1918 885 in
1953 813 2243 907 specie.

787 925 1110 1008 Quinto,
1171 933 1657 1021 sequeretur
1699 930 1909 1021 quod
1955 930 2034 1001 in
2103 952 2248 1002 aes-

576 1068 579 1071 ·
660 1045 868 1116 ¹tate
952 1043 1200 1117 citius
1280 1046 1578 1119 fierent
1655 1045 2245 1139 impressiones

689 1157 995 1248 ignitae,
1079 1180 1323 1252 quam
1410 1161 1597 1233 aliis
1667 1163 2239 1255 temporibus:

687 1295 1192 1367 consequens
1252 1283 1378 1352 est
1439 1276 1764 1360 falsum,
1808 1284 1889 1353 ct
1950 1286 2246 1356 contra

684 1392 1306 1483 experientiam,
1370 1395 1535 1467 imo
1589 1395 1862 1488 potius
1907 1398 2112 1473 fiunt
2163 1399 2244 1472 in

691 1507 1131 1582 Autumno.
1180 1511 1591 1585 Probatur
1630 1517 2238 1607 consequentia,

694 1623 882 1716 quia
942 1630 1263 1719 tempus
1325 1631 1524 1723 tunc·
1566 1634 1689 1702 est
1751 1632 2010 1722 magis
2054 1633 2242 1707 cali-

2366 599 2618 669 usque
2672 580 2768 652 ad
2838 586 3244 656 centrum.
3321 586 3469 658 Sed
3548 608 3692 679 per
3757 588 3906 664 hoc

2365 695 2570 785 quod
2619 695 2924 770 dicitur
2968 700 3174 791 quod
3212 725 3338 790 per
3401 706 3910 791 calefactionem

2361 806 2563 885 Solis,
2599 806 2971 895 tangitur
2993 826 3140 880 cau
3154 830 3242 881 sa
3264 809 3624 885 efficiens
3668 814 3908 887 exha-

2362 918 2723 994 lationis.
2755 925 3207 1017 Propterea
3233 928 3673 1013 sciendum,
3702 933 3907 1025 quod

2361 1040 2834 1132 quandoque
2865 1041 3285 1118 exhalatio
3327 1046 3472 1119 illa
3537 1048 3909 1124 elevatur

2359 1175 2504 1247 per
2546 1157 3171 1234 calefactionem
3236 1164 3450 1237 Solis
3503 1167 3906 1242 mediante

2358 1272 2686 1357 lumine,
2733 1280 2813 1349 et
2848 1278 3322 1370 quandoque
3369 1282 3655 1364 aliter;
3714 1305 3905 1357 nam

2357 1389 2574 1462 infra
2618 1395 2931 1465 terram
2982 1394 3419 1470 includitur
3466 1398 3737 1473 sumus
3778 1423 3904 1476 ca-

2357 1506 2586 1590 lidus,
2654 1510 2788 1601 qui
2847 1510 3251 1594 calefacit,
3337 1516 3756 1600 rarefacit,
3820 1526 3901 1595 et

2354 1622 2729 1699 levefacit
2776 1631 3116 1711 terram,
3171 1634 3252 1703 et
3309 1653 3408 1704 ex
3463 1632 3616 1708 hoc
3672 1655 3903 1726 gene·

366 936 641 991 Qeu’ntum.

374 1865 620 1919 Sextum.

378 2694 613 2755 Opposie.

693 1738 880 1811 dum
914 1745 998 1814 et
1029 1740 1361 1815 siccum.

2358 1748 2651 1817 rantur
2692 1743 2834 1816 alii
2880 1745 3109 1828 sumi,
3155 1752 3236 1820 et
3279 1754 3467 1822 tunc
3527 1750 3643 1823 illi
3714 1775 3898 1827 con-

700 1918 705 1925 .
783 1860 1056 1939 Sexto,
1094 1862 1962 1946 auctoritateScnecae,
1997 1887 2239 1957 quam
2346 1859 2782 1951 jungentes
2836 1883 2919 1933 so
2980 1865 3074 1936 ad
3144 1864 3487 1941 invicem
3557 1877 3902 1963 propter

689 1973 995 2065 allegat
1019 1975 1630 2068 Albertussuper
1654 1985 1779 2049 isto
1814 1987 2060 2071 primo,
2103 1984 2238 2075 qui
2353 1975 2965 2050 similitudinem
3021 1981 3118 2053 ad
3171 1986 3490 2057 modum
3543 1991 3897 2079 guttula-

683 2090 878 2166 dicit
913 2093 1121 2183 quod
1153 2114 1251 2165 ex
1278 2095 1456 2166 sola
1478 2097 2075 2172 confricatione
2110 2121 2235 2172 ae-

679 2207 796 2280 ris
839 2214 1109 2302 potest
1142 2213 1523 2303 generari
1554 2214 1988 2307 impressio
2035 2218 2234 2308 igni-

678 2326 786 2406 ta,
832 2329 912 2398 et
946 2346 1617 2419 perconsequens
1653 2330 1891 2404 istius
1911 2353 2072 2406 non
2099 2354 2233 2427 po·

679 2445 839 2515 test
871 2463 1049 2514 esse
1094 2446 1443 2517 materia
1474 2445 1736 2520 calida
1785 2448 2226 2534 exhalatiO,

674 2563 755 2633 et
797 2559 1035 2642 sicca,
1082 2560 1247 2633 imo
1282 2564 1632 2637 materia
1671 2569 1795 2637 est
1837 2587 2002 2637 aer.

772 2676 1256 2768 Oppositum
1288 2680 1675 2769 arguitur
1731 2702 1875 2773 per
1917 2682 2230 2757 Aristo·

681 2792 923 2865 telem
956 2792 1037 2863 in
1072 2793 1230 2866 isto
1266 2795 1555 2886 primo,
2071 2826 2074 2830 ’

2351 2112 2569 2175 rum;
2608 2097 2928 2168 tandem
2975 2097 3111 2172 isti
3169 2099 3370 2173 fumi
3451 2105 3529 2175 in
3600 2127 3897 2198 magna

2349 2210 2807 2301 quantitate
2848 2214 3233 2298 existunt,
3282 2222 3362 2291 et
3411 2226 3536 2294 est
3570 2222 3897 2297 axhala-

2347 2324 2461 2398 tio
2495 2326 2756 2399 calida
2796 2333 2876 2402 et
2920 2329 3160 2405 sicca.

2361 2518 2365 2529 ,
2437 2442 2583 2515 Sed
2652 2451 2991 2537 propter
3047 2448 3198 2523 hoc
3295 2454 3504 2543 quod
3570 2455 3891 2540 dicitur,

2337 2572 2618 2647 propter
2664 2565 2882 2631 mixta
2932 2569 3257 2653 perfecta,
3296 2571 3670 2661 tangitur
3707 2594 3890 2648 cau-

2347 2691 2437 2744 sa
2483 2674 2753 2749 finalis
2811 2678 3161 2757 istarum
3214 2683 3884 2779 impressionum:

2345 2808 2532 2860 nam
2587 2812 2868 2866 omnes
2922 2795 3532 2891 impressiones,
3585 2808 3713 2880 vel
3764 2830 3888 2884 ac·

451 2929 506 2982 2.
594 2992 606 3004 ,
698 2955 707 2959 >
776 2908 933 2979 Pro
978 2908 1449 2999 quaestione,
1490 2910 1899 2983 sciendum
1934 2911 2224 3004 primo,
2343 2904 2635 2988 tiones,
2717 2913 2888 2983 tam
2946 2913 3568 3004 elementorum,
3645 2945 3887 3016 quam

336 2990 634 3116 Ε’ξῖἷὲἇαὲω
685 3024 891 3114 quod
924 3024 1337 3098 exhalatio
1370 3031 1495 3099 est
1546 3028 1815 3098 fumus
1864 3028 2228 3102 eleva-tus
2346 3021 2797 3098 mixtorum
2904 3028 3599 3123 imperfectorum,
3702 3050 3889 3119 sunt

680 3160 727 3212 a
772 3146 999 3215 terra
1024 3163 1167 3234 per
1197 3144 1602 3218 actionem
1639 3145 1874 3227 Solis,
1912 3150 1992 3220 et
2034 3146 2226 3219 alia-

683 3278 864 3330 rum
889 3259 1545 3334 calefacientium
1570 3263 1998 3336 stellarum
2043 3285 2226 3357 pro-

675 3380 859 3469 pter
901 3377 1161 3453 mixta
1192 3381 1579 3472 perfecta,
1616 3381 1924 3454 calidus
1964 3388 2043 3455 et
2077 3384 2225 3456 sic-

671 3513 839 3574 cus,
880 3495 1106 3576 levis,
1138 3517 1409 3576 rarus,
1458 3502 1724 3578 tenax,
1757 3500 2103 3580 subtilis,
2143 3506 2223 3574 et

670 3611 1255 3700 quodammodo
1337 3613 1790 3687 invisibilis.
1867 3618 2021 3687 Per
2070 3617 2218 3690 hoc

669 3727 876 3817 quod
924 3727 1246 3808 dieitur,
1301 3733 1527 3816 semma
1563 3735 1852 3798 elevatus
1916 3756 1958 3799 α
2007 3746 2212 3814 terra,

671 3843 1044 3932 tangitur
1136 3844 1311 3936 ejus
1399 3866 1647 3917 causa.
1728 3849 2210 3921 materialis.

671 3960 1021 4050 Propter
1080 3960 1286 4051 quod
1334 3961 1747 4033 sciendum
1789 3967 1938 4044 cst,
2007 3966 2215 4056 quod

667 4079 894 4147 terra
937 4074 1066 4146 hic
1125 4075 1349 4147 circa
1410 4097 1556 4148 nos
1613 4097 1773 4149 non
1833 4085 1957 4153 est
2017 4102 2213 4173 pure

669 4191 1052 4282 simplex;
1144 4191 1308 4262 imo
1404 4198 1529 4265 est
1624 4195 2211 4284 quodammodo

665 4307 1113 4380 commixta
1169 4329 1379 4399 aqua
1406 4309 1765 4402 pluviali,
1791 4316 1869 4384 et
1895 4313 2210 4402 quibus-

661 4422 844 4494 dam
907 4424 1211 4504 mixtis,
1284 4431 1363 4498 et
1421 4432 1544 4499 est
1623 4429 2208 4518 quodammodo

668 4557 994 4630 porosa,
1037 4539 1207 4613 ideo
1242 4541 1503 4633 ipsam
1560 4551 1897 4635 possunt
1945 4546 2208 4618 subin-

662 4660 890 4728 trare
931 4655 1132 4729 fumi
1187 4658 1449 4739 calidi,
1500 4659 1710 4733 sicut
1759 4661 1837 4732 in
1888 4661 2201 4753 hyeme,

658 4775 738 4844 ct
773 4771 1046 4862 frigidi
1113 4779 1425 4848 aestate.
1492 4779 1593 4850 Et
1656 4785 1996 4871 propter
2055 4779 2204 4852 hoc

658 4891 867 4979 quod
932 4891 1091 4963 ista
1148 4896 1379 4964 terra
1438 4915 1597 4966 non
1641 4901 1765 4969 cst
1828 4897 2199 4989 simplex,

653 5004 848 5080 dicit
893 5011 1215 5090 Seneca,
1256 5010 1461 5100 quod
1505 5011 1662 5084 ista
1704 5017 1929 5085 terra
1964 5014 2204 5087 habet

657 5124 827 5193 tres
905 5128 1230 5196 crustas
1284 5145 1328 5195 a
1380 5127 2047 5203 circumserentia
2105 5132 2202 5203 ad

657 5244 1057 5321 centrum,
1112 5251 1459 5333 quarum
1509 5246 1773 5336 prima
1816 5253 1939 5320 est
1986 5271 2200 5321 com·

657 5354 915 5428 mixta
964 5377 1173 5448 aqua
1245 5358 1618 5450 pluviali3
1678 5366 2030 5436 secunda
2072 5370 2197 5438 est

647 5473 1095 5546 commixta
1120 5475 1671 5560 lnineralib11S‚
1722 5501 1894 5570 quae
1966 5503 2193 5570 gene-

652 5592 988 5674 mutum
1045 5596 1125 5671 et
1177 5592 1426 5671 tertia
1477 5599 1601 5670 est
1678 5616 1879 5693 pura
1940 5600 2029 5674 de
2083 5599 2191 5674 ibi

2344 3145 2684 3233 propter
2746 3144 3007 3220 mixta
3066 3149 3453 3242 perfecta.
3528 3156 3675 3230 Sed
3744 3180 3888 3252 per

2340 3256 2547 3329 alias
2586 3262 3036 3351 particulas
3080 3276 3882 3366 sequentestangun-

2341 3377 2478 3448 tur
2509 3378 2978 3467 qualitateS,
3015 3387 3095 3458 ct
3137 3383 3714 3479 dispositiones
3754 3414 3883 3465 ex-

2337 3489 2806 3568 halationis.

2426 3612 2783 3704 Secundo
2836 3614 3271 3702 sciendum,
3318 3623 3523 3713 quod
3553 3624 3879 3697 exhala-

2335 3723 2580 3798 tionis
2630 3729 2906 3803 ealidae
2929 3738 3010 3807 et
3053 3735 3312 3820 siccae,
3349 3742 3710 3831 quaedam
3753 3748 3877 3817 est

2332 3842 2681 3914 materia
2714 3853 3137 3934 unctuosa,
3175 3855 3537 3944 quaedam
3568 3877 3752 3941 non,
3793 3865 3880 3934 ut

2332 3962 2680 4033 materia
2723 3967 2965 4039 venti.
3004 3969 3152 4042 Ubi
3188 3971 3620 4054 sciendum,
3669 3980 3873 4068 quod

2327 4073 2742 4152 exhalatio
2775 4083 3034 4156 calida
3086 4087 3413 4161 etsicea
3476 4095 3872 4166 unctuosa

2322 4194 2592 4267 differt
2624 4217 2670 4267 a
2720 4217 2882 4269 non
2941 4206 3360 4283 unctuosa,
3413 4209 3493 4278 et
3537 4225 3583 4277 a
3627 4226 3868 4300 vapo-

2329 4330 2413 4380 re
2448 4332 2702 4403 aqueo
2742 4314 2817 4385 in
2852 4314 3032 4394 hoc,
3066 4320 3271 4409 quod
3304 4321 3551 4394 altius
3594 4344 3864 4397 ascen·

2321 4411 2459 4502 dit.
2495 4433 2589 4503 let
2629 4433 3001 4522 assignat
3035 4438 3413 4511 ‚ilbertus
3451 4444 3521 4509 in
3564 4446 3686 4511 islo
3713 4449 3857 4532 pri·

2321 4567 2449 4625 mo,
2520 4555 2873 4638 quatuor
2930 4573 3246 4636 causas,
3304 4577 3554 4649 quare
3615 4561 3861 4634 altius

2324 4668 2682 4742 ascendit
2752 4692 2991 4762 quam
3046 4696 3329 4768 vapor.
3377 4678 3655 4752 Prima
3712 4685 3862 4758 est.

3901 3639 4064 3765 fija?
4103 3723 4210 3757 ma-

3983 3777 4117 3818 tema
4129 3808 4140 3818 .

3957 4351 4072 4402 Cm·
4127 4350 4205 4398 al-

3889 4416 4002 4464 tius
4037 4429 4226 4462 ascen-¹

3887 4478 3970 4526 dit
4053 4493 4204 4540 quam

3890 4541 4094 4603 vapor?

2322 4783 2526 4871 quod
2588 4788 2957 4875 quamvis
3011 4792 3202 4864 talis
3252 4791 3670 4867 exhalatio
3713 4799 3869 4867 ter·
3927 4835 3932 4840 -

2323 4898 2614 4970 restris
2649 4901 2755 4976 sit
2796 4923 3113 4994 grossa,
3161 4912 3241 4980 ct
3284 4909 3652 4982 materiae
3696 4909 3868 4981 sub·

2322 5011 2712 5099 tiliabilis,
2753 5023 3354 5117 tamen·1¹ecipit
3387 5026 3749 5096 calorem
3786 5025 3864 5100 in

2320 5135 2668 5205 materia
2704 5136 2869 5217 illa,
2919 5159 3092 5229 quae
3141 5145 3265 5213 est
3320 5147 3749 5221 unctuosa,
3786 5147 3866 5214 et
3963 5141 3964 5144 ’

2313 5248 2673 5323 faciliter
2721 5252 3323 5328 inflammabilis
3383 5257 3462 5328 in
3518 5258 3863 5330 materia

2313 5365 2947 5458 impressionum
2997 5373 3473 5460 ignitarum,
3547 5375 3678 5445 sed
3722 5373 3859 5445 ali-

2308 5486 2438 5555 ter
2476 5490 2603 5558 est
2640 5488 2730 5557 de
2771 5508 3100 5580 vapore,
3137 5512 3319 5563 cum
3357 5492 3705 5565 materia
3754 5491 3860 5564 sit

2310 5600 2570 5695 magis
2623 5603 2969 5684 subtilis.
3024 5608 3256 5698 Modo
3294 5609 3487 5687 illud
3528 5611 3732 5711 quod
3777 5610 3854 5688 in
