<?xml version="1.0" encoding="UTF-8"?>
<!DOCTYPE html PUBLIC "-//W3C//DTD XHTML 1.0 Transitional//EN"
    "http://www.w3.org/TR/xhtml1/DTD/xhtml1-transitional.dtd">
<html xmlns="http://www.w3.org/1999/xhtml" xml:lang="en" lang="en">
 <head>
  <title>
</title>
<meta http-equiv="Content-Type" content="text/html;charset=utf-8" />
  <meta name='ocr-system' content='tesseract 3.04.00' />
  <meta name='ocr-capabilities' content='ocr_page ocr_carea ocr_par ocr_line ocrx_word'/>
</head>
<body>
  <div class='ocr_page' id='page_1' title='image "./joannisdunsscot03waddgoog_0261.png"; bbox 0 0 4252 6393; ppageno 0'>
   <div class='ocr_carea' id='block_1_1' title="bbox 184 2573 272 2688">
    <p class='ocr_par' dir='ltr' id='par_1_1' title="bbox 184 2573 272 2688">
     <span class='ocr_line' id='line_1_1' title="bbox 184 2573 272 2688; baseline 0.057 -5"><span class='ocrx_word' id='word_1_1' title='bbox 184 2573 272 2688; x_wconf 66' lang='lat' dir='ltr'>z..</span> 
     </span>
    </p>
   </div>
   <div class='ocr_carea' id='block_1_2' title="bbox 184 2700 293 2748">
    <p class='ocr_par' dir='ltr' id='par_1_2' title="bbox 184 2700 293 2748">
     <span class='ocr_line' id='line_1_2' title="bbox 184 2700 293 2748; baseline 0.028 -3"><span class='ocrx_word' id='word_1_2' title='bbox 184 2700 293 2748; x_wconf 70' lang='lat' dir='ltr'>licer-</span> 
     </span>
    </p>
   </div>
   <div class='ocr_carea' id='block_1_3' title="bbox 184 2775 228 2811">
    <p class='ocr_par' dir='ltr' id='par_1_3' title="bbox 184 2775 228 2811">
     <span class='ocr_line' id='line_1_3' title="bbox 184 2775 228 2811; baseline 0.023 -1"><span class='ocrx_word' id='word_1_3' title='bbox 184 2775 228 2811; x_wconf 76' lang='lat' dir='ltr'>u.</span> 
     </span>
    </p>
   </div>
   <div class='ocr_carea' id='block_1_4' title="bbox 1602 422 3438 511">
    <p class='ocr_par' dir='ltr' id='par_1_4' title="bbox 1602 422 3438 511">
     <span class='ocr_line' id='line_1_4' title="bbox 1602 422 3438 511; baseline 0.009 -18"><span class='ocrx_word' id='word_1_4' title='bbox 1602 422 1965 507; x_wconf 69' lang='lat' dir='ltr'><strong>QUAES&#39;HO</strong></span> <span class='ocrx_word' id='word_1_5' title='bbox 2004 430 2057 495; x_wconf 84' lang='lat'>11</span> <span class='ocrx_word' id='word_1_6' title='bbox 3324 443 3438 511; x_wconf 78' lang='lat'>241</span> 
     </span>
    </p>
   </div>
   <div class='ocr_carea' id='block_1_5' title="bbox 1909 597 3459 1862">
    <p class='ocr_par' dir='ltr' id='par_1_5' title="bbox 1909 597 3459 1862">
     <span class='ocr_line' id='line_1_5' title="bbox 1910 597 3454 697; baseline 0.01 -33"><span class='ocrx_word' id='word_1_7' title='bbox 1910 614 2066 665; x_wconf 91' lang='lat' dir='ltr'>non</span> <span class='ocrx_word' id='word_1_8' title='bbox 2102 600 2291 670; x_wconf 89' lang='lat' dir='ltr'>sunt</span> <span class='ocrx_word' id='word_1_9' title='bbox 2334 597 2705 689; x_wconf 79' lang='lat' dir='ltr'>specifice</span> <span class='ocrx_word' id='word_1_10' title='bbox 2753 598 3161 676; x_wconf 82' lang='lat' dir='ltr'>distinctae</span> <span class='ocrx_word' id='word_1_11' title='bbox 3194 605 3454 697; x_wconf 90' lang='lat' dir='ltr'>diges-</span> 
     </span>
     <span class='ocr_line' id='line_1_6' title="bbox 1911 710 3456 810; baseline 0.008 -27"><span class='ocrx_word' id='word_1_12' title='bbox 1911 710 2201 794; x_wconf 81' lang='lat' dir='ltr'>tiones,</span> <span class='ocrx_word' id='word_1_13' title='bbox 2248 714 2340 785; x_wconf 89' lang='lat' dir='ltr'>de</span> <span class='ocrx_word' id='word_1_14' title='bbox 2383 716 2669 805; x_wconf 90' lang='lat' dir='ltr'>quibus</span> <span class='ocrx_word' id='word_1_15' title='bbox 2711 717 3086 810; x_wconf 86' lang='lat' dir='ltr'>loquitur</span> <span class='ocrx_word' id='word_1_16' title='bbox 3142 723 3456 796; x_wconf 86' lang='lat' dir='ltr'>Aristo-</span> 
     </span>
     <span class='ocr_line' id='line_1_7' title="bbox 1910 828 3458 913; baseline 0.009 -13"><span class='ocrx_word' id='word_1_17' title='bbox 1910 828 2111 902; x_wconf 91' lang='lat' dir='ltr'>teles</span> <span class='ocrx_word' id='word_1_18' title='bbox 2155 829 2286 904; x_wconf 85' lang='lat' dir='ltr'>hic</span> <span class='ocrx_word' id='word_1_19' title='bbox 2322 856 2336 900; x_wconf 76' lang='grc' dir='ltr'>ε</span> <span class='ocrx_word' id='word_1_20' title='bbox 2377 832 2511 905; x_wconf 89' lang='lat' dir='ltr'>sed</span> <span class='ocrx_word' id='word_1_21' title='bbox 2539 833 2923 911; x_wconf 83' lang='lat' dir='ltr'>differunt</span> <span class='ocrx_word' id='word_1_22' title='bbox 2953 838 3149 911; x_wconf 89' lang='lat' dir='ltr'>bene</span> <span class='ocrx_word' id='word_1_23' title='bbox 3182 862 3458 913; x_wconf 90' lang='lat' dir='ltr'>secun-</span> 
     </span>
     <span class='ocr_line' id='line_1_8' title="bbox 1909 943 3451 1045; baseline 0.01 -30"><span class='ocrx_word' id='word_1_24' title='bbox 1909 943 2096 1016; x_wconf 93' lang='lat' dir='ltr'>dum</span> <span class='ocrx_word' id='word_1_25' title='bbox 2143 947 2431 1037; x_wconf 83' lang='lat' dir='ltr'>magiS,</span> <span class='ocrx_word' id='word_1_26' title='bbox 2491 954 2571 1023; x_wconf 90' lang='lat' dir='ltr'>et</span> <span class='ocrx_word' id='word_1_27' title='bbox 2616 952 2881 1023; x_wconf 88' lang='lat' dir='ltr'>minus</span> <span class='ocrx_word' id='word_1_28' title='bbox 2953 954 3451 1045; x_wconf 78' lang='lat' dir='ltr'>perfectum3</span> 
     </span>
     <span class='ocr_line' id='line_1_9' title="bbox 1912 1064 3457 1153; baseline 0.008 -20"><span class='ocrx_word' id='word_1_29' title='bbox 1912 1064 1991 1134; x_wconf 89' lang='lat' dir='ltr'>et</span> <span class='ocrx_word' id='word_1_30' title='bbox 2053 1068 2393 1153; x_wconf 80' lang='lat' dir='ltr'>possunt</span> <span class='ocrx_word' id='word_1_31' title='bbox 2480 1066 2822 1139; x_wconf 85' lang='lat' dir='ltr'>diversae</span> <span class='ocrx_word' id='word_1_32' title='bbox 2925 1070 3213 1143; x_wconf 77' lang='lat' dir='ltr'>formae</span> <span class='ocrx_word' id='word_1_33' title='bbox 3275 1073 3457 1145; x_wconf 88' lang='lat' dir='ltr'>sub-</span> 
     </span>
     <span class='ocr_line' id='line_1_10' title="bbox 1914 1180 3456 1279; baseline 0.008 -30"><span class='ocrx_word' id='word_1_34' title='bbox 1914 1180 2343 1252; x_wconf 89' lang='lat' dir='ltr'>stantiales</span> <span class='ocrx_word' id='word_1_35' title='bbox 2397 1182 2477 1254; x_wconf 91' lang='lat' dir='ltr'>in</span> <span class='ocrx_word' id='word_1_36' title='bbox 2555 1184 2933 1258; x_wconf 90' lang='lat' dir='ltr'>terminis</span> <span class='ocrx_word' id='word_1_37' title='bbox 2992 1186 3456 1279; x_wconf 91' lang='lat' dir='ltr'>hujusmodi</span> 
     </span>
     <span class='ocr_line' id='line_1_11' title="bbox 1911 1294 3458 1386; baseline 0.008 -20"><span class='ocrx_word' id='word_1_38' title='bbox 1911 1294 2428 1370; x_wconf 88' lang='lat' dir='ltr'>diversarum</span> <span class='ocrx_word' id='word_1_39' title='bbox 2471 1303 3284 1386; x_wconf 89' lang='lat' dir='ltr'>transmutationum,</span> <span class='ocrx_word' id='word_1_40' title='bbox 3328 1306 3458 1378; x_wconf 85' lang='lat' dir='ltr'>vel</span> 
     </span>
     <span class='ocr_line' id='line_1_12' title="bbox 1913 1411 3456 1512; baseline 0.008 -30"><span class='ocrx_word' id='word_1_41' title='bbox 1913 1411 2463 1500; x_wconf 79' lang='lat' dir='ltr'>digestionum</span> <span class='ocrx_word' id='word_1_42' title='bbox 2507 1415 2711 1498; x_wconf 89' lang='lat' dir='ltr'>fieri,</span> <span class='ocrx_word' id='word_1_43' title='bbox 2751 1424 2947 1510; x_wconf 88' lang='lat' dir='ltr'>puta</span> <span class='ocrx_word' id='word_1_44' title='bbox 2980 1425 3166 1512; x_wconf 90' lang='lat' dir='ltr'>post</span> <span class='ocrx_word' id='word_1_45' title='bbox 3200 1420 3456 1511; x_wconf 90' lang='lat' dir='ltr'>diges-</span> 
     </span>
     <span class='ocr_line' id='line_1_13' title="bbox 1916 1526 3455 1628; baseline 0.008 -30"><span class='ocrx_word' id='word_1_46' title='bbox 1916 1526 2222 1601; x_wconf 78' lang='lat' dir='ltr'>tionem</span> <span class='ocrx_word' id='word_1_47' title='bbox 2282 1530 2364 1601; x_wconf 90' lang='lat' dir='ltr'>in</span> <span class='ocrx_word' id='word_1_48' title='bbox 2414 1532 2840 1606; x_wconf 87' lang='lat' dir='ltr'>stomacho</span> <span class='ocrx_word' id='word_1_49' title='bbox 2892 1555 3075 1617; x_wconf 88' lang='lat' dir='ltr'>una,</span> <span class='ocrx_word' id='word_1_50' title='bbox 3140 1540 3220 1609; x_wconf 90' lang='lat' dir='ltr'>et</span> <span class='ocrx_word' id='word_1_51' title='bbox 3273 1542 3455 1628; x_wconf 87' lang='lat' dir='ltr'>post</span> 
     </span>
     <span class='ocr_line' id='line_1_14' title="bbox 1914 1644 3459 1736; baseline 0.006 -21"><span class='ocrx_word' id='word_1_52' title='bbox 1914 1644 2454 1734; x_wconf 77' lang='lat' dir='ltr'>digestionem</span> <span class='ocrx_word' id='word_1_53' title='bbox 2507 1649 2585 1721; x_wconf 91' lang='lat' dir='ltr'>in</span> <span class='ocrx_word' id='word_1_54' title='bbox 2631 1650 3016 1723; x_wconf 75' lang='lat' dir='ltr'>membris</span> <span class='ocrx_word' id='word_1_55' title='bbox 3076 1653 3263 1736; x_wconf 91' lang='lat' dir='ltr'>alia,</span> <span class='ocrx_word' id='word_1_56' title='bbox 3323 1655 3459 1727; x_wconf 87' lang='lat' dir='ltr'>ite-</span> 
     </span>
     <span class='ocr_line' id='line_1_15' title="bbox 1919 1765 3455 1862; baseline 0.007 -32"><span class='ocrx_word' id='word_1_57' title='bbox 1919 1780 2101 1832; x_wconf 89' lang='lat' dir='ltr'>rum</span> <span class='ocrx_word' id='word_1_58' title='bbox 2146 1782 2304 1834; x_wconf 91' lang='lat' dir='ltr'>una</span> <span class='ocrx_word' id='word_1_59' title='bbox 2367 1765 2783 1855; x_wconf 72' lang='lat' dir='ltr'>prioribus</span> <span class='ocrx_word' id='word_1_60' title='bbox 2832 1770 3455 1862; x_wconf 66' lang='lat' dir='ltr'>praecorruptiS,</span> 
     </span>
    </p>
   </div>
   <div class='ocr_carea' id='block_1_6' title="bbox 303 584 3462 2440">
    <p class='ocr_par' dir='ltr' id='par_1_6' title="bbox 303 584 1802 1600">
     <span class='ocr_line' id='line_1_16' title="bbox 306 584 1799 682; baseline 0.001 -20"><span class='ocrx_word' id='word_1_61' title='bbox 306 584 510 663; x_wconf 84' lang='lat' dir='ltr'>aliter</span> <span class='ocrx_word' id='word_1_62' title='bbox 537 588 726 663; x_wconf 87' lang='lat' dir='ltr'>bene</span> <span class='ocrx_word' id='word_1_63' title='bbox 754 587 1316 682; x_wconf 78' lang='lat' dir='ltr'>distinguitur.</span> <span class='ocrx_word' id='word_1_64' title='bbox 1363 590 1582 665; x_wconf 90' lang='lat' dir='ltr'>Unde</span> <span class='ocrx_word' id='word_1_65' title='bbox 1613 612 1799 664; x_wconf 93' lang='lat' dir='ltr'>con-</span> 
     </span>
     <span class='ocr_line' id='line_1_17' title="bbox 303 706 1796 798; baseline 0.001 -20"><span class='ocrx_word' id='word_1_66' title='bbox 303 707 568 779; x_wconf 87' lang='lat' dir='ltr'>ceditur</span> <span class='ocrx_word' id='word_1_67' title='bbox 615 706 833 787; x_wconf 89' lang='lat' dir='ltr'>bene,</span> <span class='ocrx_word' id='word_1_68' title='bbox 904 706 1250 798; x_wconf 86' lang='lat' dir='ltr'>digestio</span> <span class='ocrx_word' id='word_1_69' title='bbox 1310 711 1437 780; x_wconf 90' lang='lat' dir='ltr'>est</span> <span class='ocrx_word' id='word_1_70' title='bbox 1498 707 1796 781; x_wconf 89' lang='lat' dir='ltr'>altera-</span> 
     </span>
     <span class='ocr_line' id='line_1_18' title="bbox 307 825 1797 906; baseline 0.002 -9"><span class='ocrx_word' id='word_1_71' title='bbox 307 826 416 906; x_wconf 85' lang='lat' dir='ltr'>tio,</span> <span class='ocrx_word' id='word_1_72' title='bbox 456 825 615 898; x_wconf 90' lang='lat' dir='ltr'>ideo</span> <span class='ocrx_word' id='word_1_73' title='bbox 675 846 834 899; x_wconf 91' lang='lat' dir='ltr'>non</span> <span class='ocrx_word' id='word_1_74' title='bbox 889 826 1159 900; x_wconf 84' lang='lat' dir='ltr'>differt</span> <span class='ocrx_word' id='word_1_75' title='bbox 1219 827 1319 900; x_wconf 90' lang='lat' dir='ltr'>ab</span> <span class='ocrx_word' id='word_1_76' title='bbox 1376 826 1797 901; x_wconf 88' lang='lat' dir='ltr'>alteratio-</span> 
     </span>
     <span class='ocr_line' id='line_1_19' title="bbox 304 943 1797 1036; baseline 0.003 -25"><span class='ocrx_word' id='word_1_77' title='bbox 304 962 409 1021; x_wconf 88' lang='lat' dir='ltr'>nc;</span> <span class='ocrx_word' id='word_1_78' title='bbox 451 947 707 1014; x_wconf 86' lang='lat' dir='ltr'>tamen</span> <span class='ocrx_word' id='word_1_79' title='bbox 769 943 1103 1036; x_wconf 78' lang='lat' dir='ltr'>proprie</span> <span class='ocrx_word' id='word_1_80' title='bbox 1171 944 1591 1036; x_wconf 89' lang='lat' dir='ltr'>loquendo,</span> <span class='ocrx_word' id='word_1_81' title='bbox 1637 964 1797 1015; x_wconf 91' lang='lat' dir='ltr'>non</span> 
     </span>
     <span class='ocr_line' id='line_1_20' title="bbox 304 1059 1796 1144; baseline 0.002 -14"><span class='ocrx_word' id='word_1_82' title='bbox 304 1065 479 1132; x_wconf 84' lang='lat' dir='ltr'>essct</span> <span class='ocrx_word' id='word_1_83' title='bbox 534 1059 945 1144; x_wconf 83' lang='lat' dir='ltr'>alteratiO,</span> <span class='ocrx_word' id='word_1_84' title='bbox 1040 1061 1175 1133; x_wconf 89' lang='lat' dir='ltr'>sed</span> <span class='ocrx_word' id='word_1_85' title='bbox 1255 1061 1796 1136; x_wconf 80' lang='lat' dir='ltr'>alterationes</span> 
     </span>
     <span class='ocr_line' id='line_1_21' title="bbox 305 1179 1799 1268; baseline 0.002 -22"><span class='ocrx_word' id='word_1_86' title='bbox 305 1196 431 1247; x_wconf 88' lang='lat' dir='ltr'>non</span> <span class='ocrx_word' id='word_1_87' title='bbox 481 1181 1055 1268; x_wconf 82' lang='lat' dir='ltr'>componentes</span> <span class='ocrx_word' id='word_1_88' title='bbox 1108 1197 1383 1260; x_wconf 91' lang='lat' dir='ltr'>unum,</span> <span class='ocrx_word' id='word_1_89' title='bbox 1444 1181 1525 1251; x_wconf 89' lang='lat' dir='ltr'>et</span> <span class='ocrx_word' id='word_1_90' title='bbox 1583 1179 1799 1251; x_wconf 83' lang='lat' dir='ltr'>forte</span> 
     </span>
     <span class='ocr_line' id='line_1_22' title="bbox 304 1292 1798 1400; baseline 0.003 -38"><span class='ocrx_word' id='word_1_91' title='bbox 304 1292 487 1364; x_wconf 88' lang='lat' dir='ltr'>nulla</span> <span class='ocrx_word' id='word_1_92' title='bbox 530 1294 856 1400; x_wconf 39' lang='lat' dir='ltr'>,entitas</span> <span class='ocrx_word' id='word_1_93' title='bbox 923 1298 1141 1369; x_wconf 88' lang='lat' dir='ltr'>esset</span> <span class='ocrx_word' id='word_1_94' title='bbox 1209 1294 1584 1386; x_wconf 85' lang='lat' dir='ltr'>digestio,</span> <span class='ocrx_word' id='word_1_95' title='bbox 1667 1295 1798 1367; x_wconf 88' lang='lat' dir='ltr'>sed</span> 
     </span>
     <span class='ocr_line' id='line_1_23' title="bbox 308 1408 1802 1504; baseline 0.003 -25"><span class='ocrx_word' id='word_1_96' title='bbox 308 1408 536 1501; x_wconf 87' lang='lat' dir='ltr'>plures</span> <span class='ocrx_word' id='word_1_97' title='bbox 565 1409 980 1491; x_wconf 88' lang='lat' dir='ltr'>entitates,</span> <span class='ocrx_word' id='word_1_98' title='bbox 1019 1416 1108 1485; x_wconf 92' lang='lat' dir='ltr'>ut</span> <span class='ocrx_word' id='word_1_99' title='bbox 1141 1411 1223 1483; x_wconf 90' lang='lat' dir='ltr'>in</span> <span class='ocrx_word' id='word_1_100' title='bbox 1259 1410 1524 1504; x_wconf 85' lang='lat' dir='ltr'>prima</span> <span class='ocrx_word' id='word_1_101' title='bbox 1549 1432 1802 1503; x_wconf 85' lang='lat' dir='ltr'>quaes·</span> 
     </span>
     <span class='ocr_line' id='line_1_24' title="bbox 307 1518 1056 1600; baseline -0.001 -3"><span class='ocrx_word' id='word_1_102' title='bbox 307 1525 488 1597; x_wconf 88' lang='lat' dir='ltr'>tione</span> <span class='ocrx_word' id='word_1_103' title='bbox 531 1524 685 1598; x_wconf 83' lang='lat' dir='ltr'>fuit</span> <span class='ocrx_word' id='word_1_104' title='bbox 725 1518 1056 1600; x_wconf 86' lang='lat' dir='ltr'>dictum.</span> 
     </span>
    </p>

    <p class='ocr_par' dir='ltr' id='par_1_7' title="bbox 307 1641 3462 2440">
     <span class='ocr_line' id='line_1_25' title="bbox 377 1641 1800 1734; baseline 0.002 -22"><span class='ocrx_word' id='word_1_105' title='bbox 377 1642 478 1712; x_wconf 83' lang='lat' dir='ltr'>Ex</span> <span class='ocrx_word' id='word_1_106' title='bbox 528 1641 935 1734; x_wconf 78' lang='lat' dir='ltr'>praedictis</span> <span class='ocrx_word' id='word_1_107' title='bbox 988 1641 1238 1716; x_wconf 89' lang='lat' dir='ltr'>etiam</span> <span class='ocrx_word' id='word_1_108' title='bbox 1301 1643 1500 1715; x_wconf 90' lang='lat' dir='ltr'>bene</span> <span class='ocrx_word' id='word_1_109' title='bbox 1561 1642 1800 1715; x_wconf 87' lang='lat' dir='ltr'>infer-</span> 
     </span>
     <span class='ocr_line' id='line_1_26' title="bbox 309 1758 1805 1851; baseline 0.001 -23"><span class='ocrx_word' id='word_1_110' title='bbox 309 1758 440 1837; x_wconf 88' lang='lat' dir='ltr'>tur,</span> <span class='ocrx_word' id='word_1_111' title='bbox 507 1761 584 1830; x_wconf 92' lang='lat' dir='ltr'>et</span> <span class='ocrx_word' id='word_1_112' title='bbox 656 1758 1156 1842; x_wconf 84' lang='lat' dir='ltr'>conceditur,</span> <span class='ocrx_word' id='word_1_113' title='bbox 1256 1764 1338 1833; x_wconf 90' lang='lat' dir='ltr'>et</span> <span class='ocrx_word' id='word_1_114' title='bbox 1431 1758 1805 1851; x_wconf 91' lang='lat' dir='ltr'>sequitur</span> 
     </span>
     <span class='ocr_line' id='line_1_27' title="bbox 308 1874 2535 1965; baseline 0.003 -22"><span class='ocrx_word' id='word_1_115' title='bbox 308 1874 478 1963; x_wconf 90' lang='lat' dir='ltr'>quod</span> <span class='ocrx_word' id='word_1_116' title='bbox 544 1874 1092 1965; x_wconf 90' lang='lat' dir='ltr'>digestionum</span> <span class='ocrx_word' id='word_1_117' title='bbox 1171 1876 1612 1950; x_wconf 88' lang='lat' dir='ltr'>diversitas</span> <span class='ocrx_word' id='word_1_118' title='bbox 1690 1898 1804 1949; x_wconf 89' lang='lat' dir='ltr'>se·</span> <span class='ocrx_word' id='word_1_119' title='bbox 1917 1880 1998 1950; x_wconf 92' lang='lat' dir='ltr'>et</span> <span class='ocrx_word' id='word_1_120' title='bbox 2041 1878 2158 1950; x_wconf 91' lang='lat' dir='ltr'>sic</span> <span class='ocrx_word' id='word_1_121' title='bbox 2189 1878 2280 1950; x_wconf 88' lang='lat' dir='ltr'>de</span> <span class='ocrx_word' id='word_1_122' title='bbox 2322 1879 2535 1952; x_wconf 85' lang='lat' dir='ltr'>aliis.</span> 
     </span>
     <span class='ocr_line' id='line_1_28' title="bbox 307 1986 3459 2087; baseline 0.005 -29"><span class='ocrx_word' id='word_1_123' title='bbox 307 1986 545 2078; x_wconf 85' lang='lat' dir='ltr'>quitur</span> <span class='ocrx_word' id='word_1_124' title='bbox 572 1988 1138 2063; x_wconf 84' lang='lat' dir='ltr'>diversitatem</span> <span class='ocrx_word' id='word_1_125' title='bbox 1173 1991 1806 2084; x_wconf 89' lang='lat' dir='ltr'>proportionum</span> <span class='ocrx_word' id='word_1_126' title='bbox 2011 1993 2159 2065; x_wconf 89' lang='lat' dir='ltr'>Sed</span> <span class='ocrx_word' id='word_1_127' title='bbox 2225 1993 2478 2066; x_wconf 85' lang='lat' dir='ltr'>adhuc</span> <span class='ocrx_word' id='word_1_128' title='bbox 2556 1996 3105 2087; x_wconf 88' lang='lat' dir='ltr'>digestionum</span> <span class='ocrx_word' id='word_1_129' title='bbox 3191 2000 3459 2073; x_wconf 88' lang='lat' dir='ltr'>viven-</span> 
     </span>
     <span class='ocr_line' id='line_1_29' title="bbox 307 2106 3462 2204; baseline 0.003 -27"><span class='ocrx_word' id='word_1_130' title='bbox 307 2106 726 2197; x_wconf 83' lang='lat' dir='ltr'>primarum</span> <span class='ocrx_word' id='word_1_131' title='bbox 793 2109 1313 2201; x_wconf 85' lang='lat' dir='ltr'>qualitatum.</span> <span class='ocrx_word' id='word_1_132' title='bbox 1397 2113 1498 2184; x_wconf 85' lang='lat' dir='ltr'>Et</span> <span class='ocrx_word' id='word_1_133' title='bbox 1566 2110 1808 2204; x_wconf 87' lang='lat' dir='ltr'>hujus</span> <span class='ocrx_word' id='word_1_134' title='bbox 1921 2107 2129 2183; x_wconf 91' lang='lat' dir='ltr'>tium</span> <span class='ocrx_word' id='word_1_135' title='bbox 2192 2109 2271 2181; x_wconf 91' lang='lat' dir='ltr'>in</span> <span class='ocrx_word' id='word_1_136' title='bbox 2334 2110 2632 2202; x_wconf 87' lang='lat' dir='ltr'>plantis</span> <span class='ocrx_word' id='word_1_137' title='bbox 2685 2112 2975 2196; x_wconf 91' lang='lat' dir='ltr'>solum,</span> <span class='ocrx_word' id='word_1_138' title='bbox 3041 2114 3204 2187; x_wconf 89' lang='lat' dir='ltr'>alia</span> <span class='ocrx_word' id='word_1_139' title='bbox 3247 2114 3462 2190; x_wconf 80' lang='lat' dir='ltr'>sitin</span> 
     </span>
     <span class='ocr_line' id='line_1_30' title="bbox 307 2221 3459 2320; baseline 0.004 -27"><span class='ocrx_word' id='word_1_140' title='bbox 307 2221 591 2314; x_wconf 88' lang='lat' dir='ltr'>signum</span> <span class='ocrx_word' id='word_1_141' title='bbox 636 2230 787 2307; x_wconf 90' lang='lat' dir='ltr'>est,</span> <span class='ocrx_word' id='word_1_142' title='bbox 835 2226 1024 2317; x_wconf 92' lang='lat' dir='ltr'>quia</span> <span class='ocrx_word' id='word_1_143' title='bbox 1067 2247 1212 2320; x_wconf 92' lang='lat' dir='ltr'>per</span> <span class='ocrx_word' id='word_1_144' title='bbox 1269 2227 1809 2318; x_wconf 89' lang='lat' dir='ltr'>digestionem</span> <span class='ocrx_word' id='word_1_145' title='bbox 1926 2224 2219 2308; x_wconf 84' lang='lat' dir='ltr'>radice,</span> <span class='ocrx_word' id='word_1_146' title='bbox 2285 2226 2744 2301; x_wconf 84' lang='lat' dir='ltr'>attrabitur</span> <span class='ocrx_word' id='word_1_147' title='bbox 2786 2228 3199 2304; x_wconf 88' lang='lat' dir='ltr'>humidum</span> <span class='ocrx_word' id='word_1_148' title='bbox 3251 2233 3459 2305; x_wconf 91' lang='lat' dir='ltr'>ciba-</span> 
     </span>
     <span class='ocr_line' id='line_1_31' title="bbox 308 2340 3462 2440; baseline 0.004 -32"><span class='ocrx_word' id='word_1_149' title='bbox 308 2340 647 2417; x_wconf 84' lang='lat' dir='ltr'>variatur</span> <span class='ocrx_word' id='word_1_150' title='bbox 724 2361 1001 2435; x_wconf 89' lang='lat' dir='ltr'>sapor,</span> <span class='ocrx_word' id='word_1_151' title='bbox 1088 2343 1312 2425; x_wconf 88' lang='lat' dir='ltr'>odor,</span> <span class='ocrx_word' id='word_1_152' title='bbox 1393 2349 1476 2418; x_wconf 90' lang='lat' dir='ltr'>et</span> <span class='ocrx_word' id='word_1_153' title='bbox 1553 2343 1812 2417; x_wconf 90' lang='lat' dir='ltr'>multa</span> <span class='ocrx_word' id='word_1_154' title='bbox 1927 2342 2023 2423; x_wconf 92' lang='lat' dir='ltr'>le,</span> <span class='ocrx_word' id='word_1_155' title='bbox 2069 2345 2151 2415; x_wconf 88' lang='lat' dir='ltr'>et</span> <span class='ocrx_word' id='word_1_156' title='bbox 2182 2343 2821 2427; x_wconf 88' lang='lat' dir='ltr'>nutrimentum;</span> <span class='ocrx_word' id='word_1_157' title='bbox 2888 2346 3052 2419; x_wconf 93' lang='lat' dir='ltr'>alia</span> <span class='ocrx_word' id='word_1_158' title='bbox 3098 2348 3462 2440; x_wconf 90' lang='lat' dir='ltr'>inligno,</span> 
     </span>
    </p>
   </div>
   <div class='ocr_carea' id='block_1_7' title="bbox 304 2457 1832 4651">
    <p class='ocr_par' dir='ltr' id='par_1_8' title="bbox 308 2457 1380 2552">
     <span class='ocr_line' id='line_1_32' title="bbox 308 2457 1380 2552; baseline 0.003 -26"><span class='ocrx_word' id='word_1_159' title='bbox 308 2457 739 2532; x_wconf 88' lang='lat' dir='ltr'>consimilia</span> <span class='ocrx_word' id='word_1_160' title='bbox 772 2458 1028 2552; x_wconf 91' lang='lat' dir='ltr'>ipsius</span> <span class='ocrx_word' id='word_1_161' title='bbox 1059 2459 1380 2550; x_wconf 90' lang='lat' dir='ltr'>digesti.</span> 
     </span>
    </p>

    <p class='ocr_par' dir='ltr' id='par_1_9' title="bbox 304 2575 1832 4651">
     <span class='ocr_line' id='line_1_33' title="bbox 386 2575 1816 2650; baseline -0.001 -2"><span class='ocrx_word' id='word_1_162' title='bbox 386 2577 517 2648; x_wconf 88' lang='lat' dir='ltr'>Sed</span> <span class='ocrx_word' id='word_1_163' title='bbox 594 2575 847 2648; x_wconf 85' lang='lat' dir='ltr'>adhuc</span> <span class='ocrx_word' id='word_1_164' title='bbox 915 2575 1262 2649; x_wconf 87' lang='lat' dir='ltr'>ulterius</span> <span class='ocrx_word' id='word_1_165' title='bbox 1330 2580 1456 2650; x_wconf 90' lang='lat' dir='ltr'>est</span> <span class='ocrx_word' id='word_1_166' title='bbox 1528 2580 1816 2650; x_wconf 89' lang='lat' dir='ltr'>notan-</span> 
     </span>
     <span class='ocr_line' id='line_1_34' title="bbox 310 2688 1813 2783; baseline 0.002 -23"><span class='ocrx_word' id='word_1_167' title='bbox 310 2688 492 2771; x_wconf 88' lang='lat' dir='ltr'>dum,</span> <span class='ocrx_word' id='word_1_168' title='bbox 542 2692 749 2783; x_wconf 92' lang='lat' dir='ltr'>quod</span> <span class='ocrx_word' id='word_1_169' title='bbox 794 2691 1342 2783; x_wconf 88' lang='lat' dir='ltr'>digestionum</span> <span class='ocrx_word' id='word_1_170' title='bbox 1400 2692 1813 2780; x_wconf 91' lang='lat' dir='ltr'>(sumendo</span> 
     </span>
     <span class='ocr_line' id='line_1_35' title="bbox 312 2808 1818 2901; baseline 0.005 -25"><span class='ocrx_word' id='word_1_171' title='bbox 312 2812 384 2879; x_wconf 87' lang='lat' dir='ltr'>ut</span> <span class='ocrx_word' id='word_1_172' title='bbox 441 2808 664 2901; x_wconf 90' lang='lat' dir='ltr'>prius</span> <span class='ocrx_word' id='word_1_173' title='bbox 738 2809 1089 2899; x_wconf 90' lang='lat' dir='ltr'>digestio</span> <span class='ocrx_word' id='word_1_174' title='bbox 1174 2809 1587 2901; x_wconf 90' lang='lat' dir='ltr'>descripta</span> <span class='ocrx_word' id='word_1_175' title='bbox 1663 2812 1818 2897; x_wconf 91' lang='lat' dir='ltr'>est)</span> 
     </span>
     <span class='ocr_line' id='line_1_36' title="bbox 309 2924 1819 3013; baseline 0.002 -20"><span class='ocrx_word' id='word_1_176' title='bbox 309 2925 639 3013; x_wconf 66' lang='lat' dir='ltr'>quaedam</span> <span class='ocrx_word' id='word_1_177' title='bbox 699 2924 791 2999; x_wconf 87' lang='lat' dir='ltr'>fit</span> <span class='ocrx_word' id='word_1_178' title='bbox 860 2924 940 2996; x_wconf 93' lang='lat' dir='ltr'>in</span> <span class='ocrx_word' id='word_1_179' title='bbox 980 2924 1465 3007; x_wconf 82' lang='lat' dir='ltr'>viventibus,</span> <span class='ocrx_word' id='word_1_180' title='bbox 1529 2929 1610 2998; x_wconf 88' lang='lat' dir='ltr'>et</span> <span class='ocrx_word' id='word_1_181' title='bbox 1653 2924 1819 2996; x_wconf 91' lang='lat' dir='ltr'>alia</span> 
     </span>
     <span class='ocr_line' id='line_1_37' title="bbox 309 3038 1815 3116; baseline 0.001 -6"><span class='ocrx_word' id='word_1_182' title='bbox 309 3038 376 3110; x_wconf 92' lang='lat' dir='ltr'>in</span> <span class='ocrx_word' id='word_1_183' title='bbox 425 3062 575 3114; x_wconf 92' lang='lat' dir='ltr'>non</span> <span class='ocrx_word' id='word_1_184' title='bbox 627 3042 1113 3116; x_wconf 81' lang='lat' dir='ltr'>viventibus.</span> <span class='ocrx_word' id='word_1_185' title='bbox 1193 3044 1284 3115; x_wconf 93' lang='lat' dir='ltr'>In</span> <span class='ocrx_word' id='word_1_186' title='bbox 1352 3042 1815 3116; x_wconf 82' lang='lat' dir='ltr'>viventibus</span> 
     </span>
     <span class='ocr_line' id='line_1_38' title="bbox 304 3156 1817 3254; baseline 0.001 -26"><span class='ocrx_word' id='word_1_187' title='bbox 304 3156 447 3231; x_wconf 84' lang='lat' dir='ltr'>alia</span> <span class='ocrx_word' id='word_1_188' title='bbox 487 3159 576 3234; x_wconf 86' lang='lat' dir='ltr'>fit</span> <span class='ocrx_word' id='word_1_189' title='bbox 628 3158 710 3232; x_wconf 93' lang='lat' dir='ltr'>in</span> <span class='ocrx_word' id='word_1_190' title='bbox 752 3158 1084 3254; x_wconf 91' lang='lat' dir='ltr'>plantis,</span> <span class='ocrx_word' id='word_1_191' title='bbox 1145 3159 1311 3233; x_wconf 90' lang='lat' dir='ltr'>alia</span> <span class='ocrx_word' id='word_1_192' title='bbox 1380 3160 1459 3232; x_wconf 93' lang='lat' dir='ltr'>in</span> <span class='ocrx_word' id='word_1_193' title='bbox 1511 3158 1817 3231; x_wconf 91' lang='lat' dir='ltr'>anima-</span> 
     </span>
     <span class='ocr_line' id='line_1_39' title="bbox 307 3271 1819 3370; baseline 0.003 -26"><span class='ocrx_word' id='word_1_194' title='bbox 307 3271 516 3360; x_wconf 87' lang='lat' dir='ltr'>libus,</span> <span class='ocrx_word' id='word_1_195' title='bbox 563 3297 844 3350; x_wconf 91' lang='lat' dir='ltr'>omnes</span> <span class='ocrx_word' id='word_1_196' title='bbox 901 3282 1177 3351; x_wconf 89' lang='lat' dir='ltr'>tamen</span> <span class='ocrx_word' id='word_1_197' title='bbox 1210 3276 1505 3350; x_wconf 86' lang='lat' dir='ltr'>habent</span> <span class='ocrx_word' id='word_1_198' title='bbox 1540 3295 1819 3370; x_wconf 88' lang='lat' dir='ltr'>opera-</span> 
     </span>
     <span class='ocr_line' id='line_1_40' title="bbox 308 3391 1819 3484; baseline 0.001 -20"><span class='ocrx_word' id='word_1_199' title='bbox 308 3391 545 3467; x_wconf 87' lang='lat' dir='ltr'>tiones</span> <span class='ocrx_word' id='word_1_200' title='bbox 589 3395 763 3466; x_wconf 89' lang='lat' dir='ltr'>sine</span> <span class='ocrx_word' id='word_1_201' title='bbox 795 3393 1466 3484; x_wconf 87' lang='lat' dir='ltr'>congregatione,</span> <span class='ocrx_word' id='word_1_202' title='bbox 1502 3392 1693 3467; x_wconf 88' lang='lat' dir='ltr'>licet</span> <span class='ocrx_word' id='word_1_203' title='bbox 1739 3394 1819 3465; x_wconf 90' lang='lat' dir='ltr'>in</span> 
     </span>
     <span class='ocr_line' id='line_1_41' title="bbox 307 3506 1815 3599; baseline 0.002 -23"><span class='ocrx_word' id='word_1_204' title='bbox 307 3509 739 3584; x_wconf 78' lang='lat' dir='ltr'>viventibus</span> <span class='ocrx_word' id='word_1_205' title='bbox 824 3506 1515 3599; x_wconf 89' lang='lat' dir='ltr'>cognoscibilibus</span> <span class='ocrx_word' id='word_1_206' title='bbox 1592 3508 1815 3581; x_wconf 87' lang='lat' dir='ltr'>fiant.</span> 
     </span>
     <span class='ocr_line' id='line_1_42' title="bbox 307 3625 1824 3702; baseline 0.001 -6"><span class='ocrx_word' id='word_1_207' title='bbox 307 3625 553 3700; x_wconf 85' lang='lat' dir='ltr'>Adhuc</span> <span class='ocrx_word' id='word_1_208' title='bbox 603 3629 685 3702; x_wconf 91' lang='lat' dir='ltr'>in</span> <span class='ocrx_word' id='word_1_209' title='bbox 717 3625 1210 3700; x_wconf 88' lang='lat' dir='ltr'>animalibus</span> <span class='ocrx_word' id='word_1_210' title='bbox 1249 3625 1592 3698; x_wconf 66' lang='lat' dir='ltr'>diversa}</span> <span class='ocrx_word' id='word_1_211' title='bbox 1636 3628 1824 3698; x_wconf 85' lang='lat' dir='ltr'>sunt</span> 
     </span>
     <span class='ocr_line' id='line_1_43' title="bbox 306 3740 1823 3834; baseline 0.001 -23"><span class='ocrx_word' id='word_1_212' title='bbox 306 3740 802 3832; x_wconf 85' lang='lat' dir='ltr'>digestiones,</span> <span class='ocrx_word' id='word_1_213' title='bbox 842 3743 1031 3834; x_wconf 89' lang='lat' dir='ltr'>quia</span> <span class='ocrx_word' id='word_1_214' title='bbox 1055 3742 1418 3833; x_wconf 82' lang='lat' dir='ltr'>quaedam</span> <span class='ocrx_word' id='word_1_215' title='bbox 1450 3742 1538 3814; x_wconf 83' lang='lat' dir='ltr'>fit</span> <span class='ocrx_word' id='word_1_216' title='bbox 1569 3741 1823 3831; x_wconf 88' lang='lat' dir='ltr'>diges-</span> 
     </span>
     <span class='ocr_line' id='line_1_44' title="bbox 310 3856 1826 3953; baseline 0 -26"><span class='ocrx_word' id='word_1_217' title='bbox 310 3856 411 3928; x_wconf 89' lang='lat' dir='ltr'>tio</span> <span class='ocrx_word' id='word_1_218' title='bbox 475 3860 806 3933; x_wconf 91' lang='lat' dir='ltr'>seminis</span> <span class='ocrx_word' id='word_1_219' title='bbox 877 3862 1310 3953; x_wconf 88' lang='lat' dir='ltr'>postquam</span> <span class='ocrx_word' id='word_1_220' title='bbox 1374 3861 1826 3948; x_wconf 89' lang='lat' dir='ltr'>generatur</span> 
     </span>
     <span class='ocr_line' id='line_1_45' title="bbox 309 3972 1827 4065; baseline 0.003 -22"><span class='ocrx_word' id='word_1_221' title='bbox 309 3972 569 4060; x_wconf 86' lang='lat' dir='ltr'>foetus;</span> <span class='ocrx_word' id='word_1_222' title='bbox 633 3978 816 4050; x_wconf 84' lang='lat' dir='ltr'>aliae</span> <span class='ocrx_word' id='word_1_223' title='bbox 885 3979 1076 4049; x_wconf 90' lang='lat' dir='ltr'>sunt</span> <span class='ocrx_word' id='word_1_224' title='bbox 1132 3974 1632 4065; x_wconf 89' lang='lat' dir='ltr'>digestiones</span> <span class='ocrx_word' id='word_1_225' title='bbox 1685 3974 1827 4047; x_wconf 91' lang='lat' dir='ltr'>ali-</span> 
     </span>
     <span class='ocr_line' id='line_1_46' title="bbox 313 4091 1828 4183; baseline -0.001 -20"><span class='ocrx_word' id='word_1_226' title='bbox 313 4095 568 4176; x_wconf 88' lang='lat' dir='ltr'>menti,</span> <span class='ocrx_word' id='word_1_227' title='bbox 639 4099 718 4169; x_wconf 88' lang='lat' dir='ltr'>et</span> <span class='ocrx_word' id='word_1_228' title='bbox 783 4093 1170 4168; x_wconf 89' lang='lat' dir='ltr'>dicuntur</span> <span class='ocrx_word' id='word_1_229' title='bbox 1244 4093 1343 4163; x_wconf 92' lang='lat' dir='ltr'>ab</span> <span class='ocrx_word' id='word_1_230' title='bbox 1419 4091 1828 4183; x_wconf 89' lang='lat' dir='ltr'>aliquibus</span> 
     </span>
     <span class='ocr_line' id='line_1_47' title="bbox 313 4208 1825 4299; baseline 0 -20"><span class='ocrx_word' id='word_1_231' title='bbox 313 4215 666 4299; x_wconf 85' lang='lat' dir='ltr'>quatuor,</span> <span class='ocrx_word' id='word_1_232' title='bbox 737 4215 819 4285; x_wconf 91' lang='lat' dir='ltr'>et</span> <span class='ocrx_word' id='word_1_233' title='bbox 878 4210 977 4283; x_wconf 90' lang='lat' dir='ltr'>ab</span> <span class='ocrx_word' id='word_1_234' title='bbox 1039 4210 1229 4284; x_wconf 90' lang='lat' dir='ltr'>aliis</span> <span class='ocrx_word' id='word_1_235' title='bbox 1292 4214 1463 4283; x_wconf 89' lang='lat' dir='ltr'>tres</span> <span class='ocrx_word' id='word_1_236' title='bbox 1534 4208 1825 4291; x_wconf 91' lang='lat' dir='ltr'>solum,</span> 
     </span>
     <span class='ocr_line' id='line_1_48' title="bbox 314 4325 1831 4415; baseline 0 -19"><span class='ocrx_word' id='word_1_237' title='bbox 314 4325 431 4415; x_wconf 90' lang='lat' dir='ltr'>qui</span> <span class='ocrx_word' id='word_1_238' title='bbox 470 4328 958 4401; x_wconf 86' lang='lat' dir='ltr'>conveniunt</span> <span class='ocrx_word' id='word_1_239' title='bbox 1002 4327 1083 4399; x_wconf 92' lang='lat' dir='ltr'>in</span> <span class='ocrx_word' id='word_1_240' title='bbox 1115 4326 1243 4398; x_wconf 90' lang='lat' dir='ltr'>his</span> <span class='ocrx_word' id='word_1_241' title='bbox 1286 4325 1580 4408; x_wconf 89' lang='lat' dir='ltr'>tribus,</span> <span class='ocrx_word' id='word_1_242' title='bbox 1624 4326 1831 4398; x_wconf 83' lang='lat' dir='ltr'>vide-</span> 
     </span>
     <span class='ocr_line' id='line_1_49' title="bbox 315 4439 1830 4534; baseline 0.001 -25"><span class='ocrx_word' id='word_1_243' title='bbox 315 4439 488 4516; x_wconf 87' lang='lat' dir='ltr'>licet</span> <span class='ocrx_word' id='word_1_244' title='bbox 555 4444 633 4515; x_wconf 91' lang='lat' dir='ltr'>in</span> <span class='ocrx_word' id='word_1_245' title='bbox 708 4443 1162 4534; x_wconf 89' lang='lat' dir='ltr'>digestione</span> <span class='ocrx_word' id='word_1_246' title='bbox 1233 4442 1314 4514; x_wconf 91' lang='lat' dir='ltr'>in</span> <span class='ocrx_word' id='word_1_247' title='bbox 1376 4440 1830 4522; x_wconf 82' lang='lat' dir='ltr'>stomachO,</span> 
     </span>
     <span class='ocr_line' id='line_1_50' title="bbox 316 4555 1832 4651; baseline 0 -25"><span class='ocrx_word' id='word_1_248' title='bbox 316 4555 464 4627; x_wconf 87' lang='lat' dir='ltr'>alia</span> <span class='ocrx_word' id='word_1_249' title='bbox 496 4559 574 4631; x_wconf 92' lang='lat' dir='ltr'>in</span> <span class='ocrx_word' id='word_1_250' title='bbox 603 4557 935 4651; x_wconf 87' lang='lat' dir='ltr'>hepate;</span> <span class='ocrx_word' id='word_1_251' title='bbox 983 4557 1234 4631; x_wconf 89' lang='lat' dir='ltr'>tertia</span> <span class='ocrx_word' id='word_1_252' title='bbox 1290 4557 1372 4629; x_wconf 92' lang='lat' dir='ltr'>in</span> <span class='ocrx_word' id='word_1_253' title='bbox 1418 4555 1832 4628; x_wconf 87' lang='lat' dir='ltr'>membris.</span> 
     </span>
    </p>
   </div>
   <div class='ocr_carea' id='block_1_8' title="bbox 318 4789 1854 5785">
    <p class='ocr_par' dir='ltr' id='par_1_10' title="bbox 318 4789 1854 5785">
     <span class='ocr_line' id='line_1_51' title="bbox 318 4789 1839 4880; baseline 0.001 -23"><span class='ocrx_word' id='word_1_254' title='bbox 318 4806 480 4860; x_wconf 87' lang='lat' dir='ltr'>esse</span> <span class='ocrx_word' id='word_1_255' title='bbox 547 4792 623 4863; x_wconf 91' lang='lat' dir='ltr'>in</span> <span class='ocrx_word' id='word_1_256' title='bbox 686 4791 969 4870; x_wconf 90' lang='lat' dir='ltr'>corde;</span> <span class='ocrx_word' id='word_1_257' title='bbox 1042 4793 1124 4862; x_wconf 90' lang='lat' dir='ltr'>et</span> <span class='ocrx_word' id='word_1_258' title='bbox 1210 4789 1351 4861; x_wconf 89' lang='lat' dir='ltr'>alii</span> <span class='ocrx_word' id='word_1_259' title='bbox 1451 4793 1839 4880; x_wconf 86' lang='lat' dir='ltr'>ponentes</span> 
     </span>
     <span class='ocr_line' id='line_1_52' title="bbox 322 4904 1842 4999; baseline 0.001 -25"><span class='ocrx_word' id='word_1_260' title='bbox 322 4905 690 4994; x_wconf 89' lang='lat' dir='ltr'>quintam,</span> <span class='ocrx_word' id='word_1_261' title='bbox 749 4909 1059 4999; x_wconf 89' lang='lat' dir='ltr'>ponunt</span> <span class='ocrx_word' id='word_1_262' title='bbox 1091 4925 1335 4977; x_wconf 91' lang='lat' dir='ltr'>unam</span> <span class='ocrx_word' id='word_1_263' title='bbox 1371 4904 1726 4997; x_wconf 89' lang='lat' dir='ltr'>primam</span> <span class='ocrx_word' id='word_1_264' title='bbox 1763 4904 1842 4976; x_wconf 92' lang='lat' dir='ltr'>in</span> 
     </span>
     <span class='ocr_line' id='line_1_53' title="bbox 326 5019 1842 5111; baseline 0.003 -24"><span class='ocrx_word' id='word_1_265' title='bbox 326 5037 455 5091; x_wconf 89' lang='lat' dir='ltr'>ore</span> <span class='ocrx_word' id='word_1_266' title='bbox 508 5020 1182 5102; x_wconf 88' lang='lat' dir='ltr'>masticationem,</span> <span class='ocrx_word' id='word_1_267' title='bbox 1231 5019 1423 5111; x_wconf 91' lang='lat' dir='ltr'>quia</span> <span class='ocrx_word' id='word_1_268' title='bbox 1467 5019 1842 5093; x_wconf 89' lang='lat' dir='ltr'>mastica-</span> 
     </span>
     <span class='ocr_line' id='line_1_54' title="bbox 324 5135 1845 5229; baseline 0.001 -23"><span class='ocrx_word' id='word_1_269' title='bbox 324 5136 401 5206; x_wconf 89' lang='lat' dir='ltr'>to</span> <span class='ocrx_word' id='word_1_270' title='bbox 439 5154 710 5227; x_wconf 89' lang='lat' dir='ltr'>grano,</span> <span class='ocrx_word' id='word_1_271' title='bbox 748 5157 913 5209; x_wconf 91' lang='lat' dir='ltr'>non</span> <span class='ocrx_word' id='word_1_272' title='bbox 948 5136 1208 5229; x_wconf 88' lang='lat' dir='ltr'>possit</span> <span class='ocrx_word' id='word_1_273' title='bbox 1239 5135 1593 5227; x_wconf 89' lang='lat' dir='ltr'>amplius</span> <span class='ocrx_word' id='word_1_274' title='bbox 1638 5135 1845 5208; x_wconf 86' lang='lat' dir='ltr'>fruc-</span> 
     </span>
     <span class='ocr_line' id='line_1_55' title="bbox 329 5250 1849 5342; baseline 0.001 -18"><span class='ocrx_word' id='word_1_275' title='bbox 329 5255 450 5324; x_wconf 84' lang='lat' dir='ltr'>tus</span> <span class='ocrx_word' id='word_1_276' title='bbox 539 5254 733 5335; x_wconf 88' lang='lat' dir='ltr'>fieri,</span> <span class='ocrx_word' id='word_1_277' title='bbox 820 5256 910 5325; x_wconf 92' lang='lat' dir='ltr'>ut</span> <span class='ocrx_word' id='word_1_278' title='bbox 969 5250 1444 5342; x_wconf 86' lang='lat' dir='ltr'>Physiologi</span> <span class='ocrx_word' id='word_1_279' title='bbox 1532 5251 1849 5340; x_wconf 85' lang='lat' dir='ltr'>fingunt</span> 
     </span>
     <span class='ocr_line' id='line_1_56' title="bbox 327 5358 1851 5444; baseline 0.001 -13"><span class='ocrx_word' id='word_1_280' title='bbox 327 5362 524 5433; x_wconf 85' lang='lat' dir='ltr'>scire</span> <span class='ocrx_word' id='word_1_281' title='bbox 568 5363 977 5444; x_wconf 85' lang='lat' dir='ltr'>formicas,</span> <span class='ocrx_word' id='word_1_282' title='bbox 1037 5366 1117 5435; x_wconf 91' lang='lat' dir='ltr'>et</span> <span class='ocrx_word' id='word_1_283' title='bbox 1177 5360 1273 5432; x_wconf 91' lang='lat' dir='ltr'>ad</span> <span class='ocrx_word' id='word_1_284' title='bbox 1313 5358 1462 5432; x_wconf 85' lang='lat' dir='ltr'>hoc</span> <span class='ocrx_word' id='word_1_285' title='bbox 1504 5361 1851 5434; x_wconf 83' lang='lat' dir='ltr'>divisum</span> 
     </span>
     <span class='ocr_line' id='line_1_57' title="bbox 328 5474 1854 5566; baseline 0.002 -19"><span class='ocrx_word' id='word_1_286' title='bbox 328 5493 651 5566; x_wconf 86' lang='lat' dir='ltr'>granum</span> <span class='ocrx_word' id='word_1_287' title='bbox 668 5478 1107 5558; x_wconf 85' lang='lat' dir='ltr'>custodire,</span> <span class='ocrx_word' id='word_1_288' title='bbox 1131 5475 1258 5548; x_wconf 84' lang='lat' dir='ltr'>vel</span> <span class='ocrx_word' id='word_1_289' title='bbox 1280 5474 1659 5549; x_wconf 86' lang='lat' dir='ltr'>dividere.</span> <span class='ocrx_word' id='word_1_290' title='bbox 1690 5477 1854 5550; x_wconf 85' lang='lat' dir='ltr'>Alii</span> 
     </span>
     <span class='ocr_line' id='line_1_58' title="bbox 326 5594 1854 5688; baseline 0.003 -24"><span class='ocrx_word' id='word_1_291' title='bbox 326 5598 704 5673; x_wconf 90' lang='lat' dir='ltr'>custodito</span> <span class='ocrx_word' id='word_1_292' title='bbox 778 5596 957 5688; x_wconf 87' lang='lat' dir='ltr'>ipso</span> <span class='ocrx_word' id='word_1_293' title='bbox 1024 5594 1304 5669; x_wconf 90' lang='lat' dir='ltr'>dicunt</span> <span class='ocrx_word' id='word_1_294' title='bbox 1375 5594 1583 5685; x_wconf 90' lang='lat' dir='ltr'>quod</span> <span class='ocrx_word' id='word_1_295' title='bbox 1658 5594 1854 5687; x_wconf 78' lang='lat' dir='ltr'>ipsae</span> 
     </span>
     <span class='ocr_line' id='line_1_59' title="bbox 464 5727 716 5785; baseline 0.004 -5"><span class='ocrx_word' id='word_1_296' title='bbox 464 5727 716 5785; x_wconf 63' lang='lat' dir='ltr'>Tounlv.</span> 
     </span>
    </p>
   </div>
   <div class='ocr_carea' id='block_1_9' title="bbox 1925 2456 3487 4646">
    <p class='ocr_par' dir='ltr' id='par_1_11' title="bbox 1925 2456 3487 4646">
     <span class='ocr_line' id='line_1_60' title="bbox 1925 2456 3467 2550; baseline 0.005 -22"><span class='ocrx_word' id='word_1_297' title='bbox 1925 2456 2055 2528; x_wconf 85' lang='lat' dir='ltr'>vel</span> <span class='ocrx_word' id='word_1_298' title='bbox 2115 2458 2422 2550; x_wconf 87' lang='lat' dir='ltr'>stipite,</span> <span class='ocrx_word' id='word_1_299' title='bbox 2467 2460 2595 2531; x_wconf 83' lang='lat' dir='ltr'>vel</span> <span class='ocrx_word' id='word_1_300' title='bbox 2654 2462 3008 2544; x_wconf 88' lang='lat' dir='ltr'>cortice;</span> <span class='ocrx_word' id='word_1_301' title='bbox 3074 2465 3326 2538; x_wconf 89' lang='lat' dir='ltr'>tertia</span> <span class='ocrx_word' id='word_1_302' title='bbox 3388 2464 3467 2536; x_wconf 92' lang='lat' dir='ltr'>in</span> 
     </span>
     <span class='ocr_line' id='line_1_61' title="bbox 1929 2574 3470 2657; baseline 0.005 -12"><span class='ocrx_word' id='word_1_303' title='bbox 1929 2574 2177 2657; x_wconf 84' lang='lat' dir='ltr'>foliis,</span> <span class='ocrx_word' id='word_1_304' title='bbox 2232 2580 2313 2649; x_wconf 92' lang='lat' dir='ltr'>et</span> <span class='ocrx_word' id='word_1_305' title='bbox 2364 2576 2443 2649; x_wconf 93' lang='lat' dir='ltr'>in</span> <span class='ocrx_word' id='word_1_306' title='bbox 2498 2576 2915 2652; x_wconf 87' lang='lat' dir='ltr'>fructuum</span> <span class='ocrx_word' id='word_1_307' title='bbox 2989 2581 3470 2655; x_wconf 88' lang='lat' dir='ltr'>maturatio-</span> 
     </span>
     <span class='ocr_line' id='line_1_62' title="bbox 1928 2692 3468 2771; baseline 0.003 -7"><span class='ocrx_word' id='word_1_308' title='bbox 1928 2713 2051 2764; x_wconf 91' lang='lat' dir='ltr'>ne.</span> <span class='ocrx_word' id='word_1_309' title='bbox 2100 2692 2394 2765; x_wconf 83' lang='lat' dir='ltr'>Primae</span> <span class='ocrx_word' id='word_1_310' title='bbox 2436 2693 2609 2765; x_wconf 83' lang='lat' dir='ltr'>duae</span> <span class='ocrx_word' id='word_1_311' title='bbox 2658 2695 3040 2769; x_wconf 91' lang='lat' dir='ltr'>continue</span> <span class='ocrx_word' id='word_1_312' title='bbox 3080 2697 3284 2771; x_wconf 89' lang='lat' dir='ltr'>fiunt</span> <span class='ocrx_word' id='word_1_313' title='bbox 3323 2717 3468 2769; x_wconf 83' lang='lat' dir='ltr'>aes-</span> 
     </span>
     <span class='ocr_line' id='line_1_63' title="bbox 1930 2808 3471 2903; baseline 0.001 -21"><span class='ocrx_word' id='word_1_314' title='bbox 1930 2812 2123 2889; x_wconf 87' lang='lat' dir='ltr'>tate,</span> <span class='ocrx_word' id='word_1_315' title='bbox 2170 2812 2250 2881; x_wconf 89' lang='lat' dir='ltr'>et</span> <span class='ocrx_word' id='word_1_316' title='bbox 2292 2808 2604 2899; x_wconf 75' lang='lat' dir='ltr'>hyeme,</span> <span class='ocrx_word' id='word_1_317' title='bbox 2653 2809 2841 2885; x_wconf 89' lang='lat' dir='ltr'>licet</span> <span class='ocrx_word' id='word_1_318' title='bbox 2881 2810 3098 2886; x_wconf 81' lang='lat' dir='ltr'>forte</span> <span class='ocrx_word' id='word_1_319' title='bbox 3158 2812 3239 2884; x_wconf 92' lang='lat' dir='ltr'>in</span> <span class='ocrx_word' id='word_1_320' title='bbox 3285 2813 3471 2903; x_wconf 77' lang='lat' dir='ltr'>hye-</span> 
     </span>
     <span class='ocr_line' id='line_1_64' title="bbox 1933 2924 3472 3010; baseline 0.003 -13"><span class='ocrx_word' id='word_1_321' title='bbox 1933 2946 2058 2997; x_wconf 88' lang='lat' dir='ltr'>me</span> <span class='ocrx_word' id='word_1_322' title='bbox 2155 2924 2765 3010; x_wconf 88' lang='lat' dir='ltr'>insensibiliter,</span> <span class='ocrx_word' id='word_1_323' title='bbox 2839 2929 2972 3000; x_wconf 91' lang='lat' dir='ltr'>sed</span> <span class='ocrx_word' id='word_1_324' title='bbox 3048 2929 3221 3002; x_wconf 81' lang='lat' dir='ltr'>duae</span> <span class='ocrx_word' id='word_1_325' title='bbox 3289 2930 3472 3002; x_wconf 81' lang='lat' dir='ltr'>aliae</span> 
     </span>
     <span class='ocr_line' id='line_1_65' title="bbox 1931 3042 3476 3128; baseline 0.006 -16"><span class='ocrx_word' id='word_1_326' title='bbox 1931 3042 2198 3113; x_wconf 91' lang='lat' dir='ltr'>solum</span> <span class='ocrx_word' id='word_1_327' title='bbox 2272 3042 2476 3117; x_wconf 89' lang='lat' dir='ltr'>fiunt</span> <span class='ocrx_word' id='word_1_328' title='bbox 2553 3043 2632 3116; x_wconf 91' lang='lat' dir='ltr'>in</span> <span class='ocrx_word' id='word_1_329' title='bbox 2708 3048 3020 3128; x_wconf 78' lang='lat' dir='ltr'>aestate,</span> <span class='ocrx_word' id='word_1_330' title='bbox 3100 3047 3476 3121; x_wconf 85' lang='lat' dir='ltr'>videlicet</span> 
     </span>
     <span class='ocr_line' id='line_1_66' title="bbox 1929 3155 3477 3244; baseline 0.006 -15"><span class='ocrx_word' id='word_1_331' title='bbox 1929 3155 2351 3241; x_wconf 80' lang='lat' dir='ltr'>soliorum,</span> <span class='ocrx_word' id='word_1_332' title='bbox 2397 3163 2479 3234; x_wconf 91' lang='lat' dir='ltr'>et</span> <span class='ocrx_word' id='word_1_333' title='bbox 2534 3160 2978 3244; x_wconf 86' lang='lat' dir='ltr'>fructuum,</span> <span class='ocrx_word' id='word_1_334' title='bbox 3033 3166 3112 3236; x_wconf 89' lang='lat' dir='ltr'>et</span> <span class='ocrx_word' id='word_1_335' title='bbox 3164 3161 3315 3237; x_wconf 86' lang='lat' dir='ltr'>hoc</span> <span class='ocrx_word' id='word_1_336' title='bbox 3364 3164 3477 3238; x_wconf 86' lang='lat' dir='ltr'>vi-</span> 
     </span>
     <span class='ocr_line' id='line_1_67' title="bbox 1930 3274 3476 3369; baseline 0.003 -23"><span class='ocrx_word' id='word_1_337' title='bbox 1930 3274 2169 3348; x_wconf 90' lang='lat' dir='ltr'>detur</span> <span class='ocrx_word' id='word_1_338' title='bbox 2210 3275 2675 3368; x_wconf 89' lang='lat' dir='ltr'>aliquarum</span> <span class='ocrx_word' id='word_1_339' title='bbox 2719 3277 3188 3369; x_wconf 90' lang='lat' dir='ltr'>plantarum</span> <span class='ocrx_word' id='word_1_340' title='bbox 3221 3280 3476 3353; x_wconf 90' lang='lat' dir='ltr'>deter-</span> 
     </span>
     <span class='ocr_line' id='line_1_68' title="bbox 1937 3392 3476 3486; baseline 0.003 -23"><span class='ocrx_word' id='word_1_341' title='bbox 1937 3392 2436 3466; x_wconf 88' lang='lat' dir='ltr'>minatarum</span> <span class='ocrx_word' id='word_1_342' title='bbox 2524 3393 3007 3486; x_wconf 87' lang='lat' dir='ltr'>specierum,</span> <span class='ocrx_word' id='word_1_343' title='bbox 3098 3396 3230 3467; x_wconf 90' lang='lat' dir='ltr'>sed</span> <span class='ocrx_word' id='word_1_344' title='bbox 3314 3417 3476 3468; x_wconf 92' lang='lat' dir='ltr'>non</span> 
     </span>
     <span class='ocr_line' id='line_1_69' title="bbox 1937 3507 3477 3602; baseline 0.002 -21"><span class='ocrx_word' id='word_1_345' title='bbox 1937 3507 2325 3589; x_wconf 90' lang='lat' dir='ltr'>omnium,</span> <span class='ocrx_word' id='word_1_346' title='bbox 2384 3507 2575 3600; x_wconf 89' lang='lat' dir='ltr'>quia</span> <span class='ocrx_word' id='word_1_347' title='bbox 2621 3508 2905 3581; x_wconf 89' lang='lat' dir='ltr'>laurus</span> <span class='ocrx_word' id='word_1_348' title='bbox 2949 3513 3029 3582; x_wconf 90' lang='lat' dir='ltr'>et</span> <span class='ocrx_word' id='word_1_349' title='bbox 3065 3509 3359 3602; x_wconf 91' lang='lat' dir='ltr'>palma,</span> <span class='ocrx_word' id='word_1_350' title='bbox 3396 3516 3477 3586; x_wconf 88' lang='lat' dir='ltr'>et</span> 
     </span>
     <span class='ocr_line' id='line_1_70' title="bbox 1937 3624 3473 3717; baseline 0.003 -21"><span class='ocrx_word' id='word_1_351' title='bbox 1937 3624 2274 3705; x_wconf 89' lang='lat' dir='ltr'>similes,</span> <span class='ocrx_word' id='word_1_352' title='bbox 2322 3644 2646 3716; x_wconf 91' lang='lat' dir='ltr'>semper</span> <span class='ocrx_word' id='word_1_353' title='bbox 2694 3625 3117 3698; x_wconf 83' lang='lat' dir='ltr'>virescunt</span> <span class='ocrx_word' id='word_1_354' title='bbox 3158 3624 3473 3717; x_wconf 84' lang='lat' dir='ltr'>hyeme,</span> 
     </span>
     <span class='ocr_line' id='line_1_71' title="bbox 1936 3741 3477 3832; baseline 0 -19"><span class='ocrx_word' id='word_1_355' title='bbox 1936 3745 2016 3814; x_wconf 89' lang='lat' dir='ltr'>et</span> <span class='ocrx_word' id='word_1_356' title='bbox 2056 3744 2369 3819; x_wconf 81' lang='lat' dir='ltr'>aestate,</span> <span class='ocrx_word' id='word_1_357' title='bbox 2411 3743 2756 3832; x_wconf 89' lang='lat' dir='ltr'>propter</span> <span class='ocrx_word' id='word_1_358' title='bbox 2788 3760 3076 3812; x_wconf 90' lang='lat' dir='ltr'>eorum</span> <span class='ocrx_word' id='word_1_359' title='bbox 3116 3741 3477 3813; x_wconf 90' lang='lat' dir='ltr'>calorem</span> 
     </span>
     <span class='ocr_line' id='line_1_72' title="bbox 1937 3856 3478 3951; baseline 0.001 -22"><span class='ocrx_word' id='word_1_360' title='bbox 1937 3859 2402 3931; x_wconf 88' lang='lat' dir='ltr'>naturalem</span> <span class='ocrx_word' id='word_1_361' title='bbox 2441 3856 3005 3940; x_wconf 84' lang='lat' dir='ltr'>excellentem,</span> <span class='ocrx_word' id='word_1_362' title='bbox 3060 3858 3242 3929; x_wconf 85' lang='lat' dir='ltr'>aliae</span> <span class='ocrx_word' id='word_1_363' title='bbox 3297 3879 3478 3951; x_wconf 87' lang='lat' dir='ltr'>pro·</span> 
     </span>
     <span class='ocr_line' id='line_1_73' title="bbox 1937 3974 3478 4067; baseline 0 -20"><span class='ocrx_word' id='word_1_364' title='bbox 1937 3976 2238 4048; x_wconf 91' lang='lat' dir='ltr'>ducunt</span> <span class='ocrx_word' id='word_1_365' title='bbox 2269 3974 2493 4056; x_wconf 85' lang='lat' dir='ltr'>folia,</span> <span class='ocrx_word' id='word_1_366' title='bbox 2532 3979 2618 4048; x_wconf 92' lang='lat' dir='ltr'>ut</span> <span class='ocrx_word' id='word_1_367' title='bbox 2665 3994 2940 4066; x_wconf 89' lang='lat' dir='ltr'>pyrus,</span> <span class='ocrx_word' id='word_1_368' title='bbox 2979 3996 3294 4067; x_wconf 87' lang='lat' dir='ltr'>pomus,</span> <span class='ocrx_word' id='word_1_369' title='bbox 3326 3981 3478 4050; x_wconf 90' lang='lat' dir='ltr'>etc.</span> 
     </span>
     <span class='ocr_line' id='line_1_74' title="bbox 2033 4090 3485 4183; baseline 0.001 -21"><span class='ocrx_word' id='word_1_370' title='bbox 2033 4093 2151 4162; x_wconf 83' lang='lat' dir='ltr'>Ex</span> <span class='ocrx_word' id='word_1_371' title='bbox 2201 4090 2326 4162; x_wconf 90' lang='lat' dir='ltr'>his</span> <span class='ocrx_word' id='word_1_372' title='bbox 2404 4090 2879 4183; x_wconf 78' lang='lat' dir='ltr'>praemissis,</span> <span class='ocrx_word' id='word_1_373' title='bbox 2938 4096 3328 4181; x_wconf 90' lang='lat' dir='ltr'>quantum</span> <span class='ocrx_word' id='word_1_374' title='bbox 3389 4092 3485 4164; x_wconf 90' lang='lat' dir='ltr'>ad</span> 
     </span>
     <span class='ocr_line' id='line_1_75' title="bbox 1944 4205 3485 4298; baseline 0.002 -22"><span class='ocrx_word' id='word_1_375' title='bbox 1944 4205 2296 4298; x_wconf 88' lang='lat' dir='ltr'>primam</span> <span class='ocrx_word' id='word_1_376' title='bbox 2389 4211 2733 4298; x_wconf 88' lang='lat' dir='ltr'>partem,</span> <span class='ocrx_word' id='word_1_377' title='bbox 2820 4207 3194 4298; x_wconf 85' lang='lat' dir='ltr'>quamvis</span> <span class='ocrx_word' id='word_1_378' title='bbox 3270 4207 3485 4279; x_wconf 91' lang='lat' dir='ltr'>dubi-</span> 
     </span>
     <span class='ocr_line' id='line_1_76' title="bbox 1945 4322 3486 4416; baseline -0.001 -19"><span class='ocrx_word' id='word_1_379' title='bbox 1945 4322 2275 4397; x_wconf 89' lang='lat' dir='ltr'>tandum</span> <span class='ocrx_word' id='word_1_380' title='bbox 2343 4327 2469 4396; x_wconf 89' lang='lat' dir='ltr'>est</span> <span class='ocrx_word' id='word_1_381' title='bbox 2527 4324 2617 4395; x_wconf 88' lang='lat' dir='ltr'>dc</span> <span class='ocrx_word' id='word_1_382' title='bbox 2680 4324 3029 4395; x_wconf 89' lang='lat' dir='ltr'>secunda</span> <span class='ocrx_word' id='word_1_383' title='bbox 3085 4329 3347 4416; x_wconf 89' lang='lat' dir='ltr'>parte,</span> <span class='ocrx_word' id='word_1_384' title='bbox 3408 4324 3486 4396; x_wconf 91' lang='lat' dir='ltr'>in</span> 
     </span>
     <span class='ocr_line' id='line_1_77' title="bbox 1948 4438 3191 4530; baseline 0.001 -22"><span class='ocrx_word' id='word_1_385' title='bbox 1948 4458 2104 4530; x_wconf 91' lang='lat' dir='ltr'>qua</span> <span class='ocrx_word' id='word_1_386' title='bbox 2139 4442 2554 4530; x_wconf 88' lang='lat' dir='ltr'>ponuntur</span> <span class='ocrx_word' id='word_1_387' title='bbox 2596 4438 3191 4511; x_wconf 78' lang='lat' dir='ltr'>conclusiones,</span> 
     </span>
     <span class='ocr_line' id='line_1_78' title="bbox 2037 4555 3487 4646; baseline 0.001 -19"><span class='ocrx_word' id='word_1_388' title='bbox 2037 4555 2317 4627; x_wconf 88' lang='lat' dir='ltr'>Prima</span> <span class='ocrx_word' id='word_1_389' title='bbox 2359 4555 2802 4636; x_wconf 89' lang='lat' dir='ltr'>conclusio,</span> <span class='ocrx_word' id='word_1_390' title='bbox 2870 4556 3079 4646; x_wconf 90' lang='lat' dir='ltr'>quod</span> <span class='ocrx_word' id='word_1_391' title='bbox 3139 4556 3487 4646; x_wconf 88' lang='lat' dir='ltr'>digestio</span> 
     </span>
    </p>
   </div>
   <div class='ocr_carea' id='block_1_10' title="bbox 1953 4786 3500 5337">
    <p class='ocr_par' dir='ltr' id='par_1_12' title="bbox 1953 4786 3500 5337">
     <span class='ocr_line' id='line_1_79' title="bbox 1953 4786 3492 4878; baseline 0.001 -20"><span class='ocrx_word' id='word_1_392' title='bbox 1953 4787 2340 4860; x_wconf 90' lang='lat' dir='ltr'>naturali.</span> <span class='ocrx_word' id='word_1_393' title='bbox 2410 4787 2842 4867; x_wconf 85' lang='lat' dir='ltr'>Probatur,</span> <span class='ocrx_word' id='word_1_394' title='bbox 2891 4786 3080 4878; x_wconf 90' lang='lat' dir='ltr'>quia</span> <span class='ocrx_word' id='word_1_395' title='bbox 3129 4788 3323 4860; x_wconf 89' lang='lat' dir='ltr'>talis</span> <span class='ocrx_word' id='word_1_396' title='bbox 3366 4808 3492 4860; x_wconf 91' lang='lat' dir='ltr'>ca-</span> 
     </span>
     <span class='ocr_line' id='line_1_80' title="bbox 1956 4899 3493 4992; baseline 0 -21"><span class='ocrx_word' id='word_1_397' title='bbox 1956 4900 2085 4973; x_wconf 89' lang='lat' dir='ltr'>lor</span> <span class='ocrx_word' id='word_1_398' title='bbox 2145 4904 2270 4972; x_wconf 88' lang='lat' dir='ltr'>est</span> <span class='ocrx_word' id='word_1_399' title='bbox 2333 4899 2903 4992; x_wconf 91' lang='lat' dir='ltr'>propinquum,</span> <span class='ocrx_word' id='word_1_400' title='bbox 2976 4904 3057 4973; x_wconf 89' lang='lat' dir='ltr'>et</span> <span class='ocrx_word' id='word_1_401' title='bbox 3112 4900 3493 4975; x_wconf 89' lang='lat' dir='ltr'>naturale</span> 
     </span>
     <span class='ocr_line' id='line_1_81' title="bbox 1958 5016 3496 5106; baseline 0.003 -19"><span class='ocrx_word' id='word_1_402' title='bbox 1958 5016 2601 5089; x_wconf 89' lang='lat' dir='ltr'>instrumentum</span> <span class='ocrx_word' id='word_1_403' title='bbox 2660 5016 3005 5106; x_wconf 89' lang='lat' dir='ltr'>agentis,</span> <span class='ocrx_word' id='word_1_404' title='bbox 3071 5022 3151 5090; x_wconf 91' lang='lat' dir='ltr'>et</span> <span class='ocrx_word' id='word_1_405' title='bbox 3224 5019 3317 5091; x_wconf 91' lang='lat' dir='ltr'>ad</span> <span class='ocrx_word' id='word_1_406' title='bbox 3383 5020 3496 5093; x_wconf 90' lang='lat' dir='ltr'>in-</span> 
     </span>
     <span class='ocr_line' id='line_1_82' title="bbox 1959 5131 3499 5222; baseline 0.003 -16"><span class='ocrx_word' id='word_1_407' title='bbox 1959 5132 2407 5206; x_wconf 87' lang='lat' dir='ltr'>tentionem</span> <span class='ocrx_word' id='word_1_408' title='bbox 2449 5132 2624 5222; x_wconf 87' lang='lat' dir='ltr'>ejus</span> <span class='ocrx_word' id='word_1_409' title='bbox 2687 5131 3158 5214; x_wconf 89' lang='lat' dir='ltr'>intenditur,</span> <span class='ocrx_word' id='word_1_410' title='bbox 3204 5136 3331 5208; x_wconf 85' lang='lat' dir='ltr'>vel</span> <span class='ocrx_word' id='word_1_411' title='bbox 3374 5157 3499 5210; x_wconf 91' lang='lat' dir='ltr'>ac-</span> 
     </span>
     <span class='ocr_line' id='line_1_83' title="bbox 1961 5247 3500 5337; baseline 0.002 -17"><span class='ocrx_word' id='word_1_412' title='bbox 1961 5247 2376 5321; x_wconf 90' lang='lat' dir='ltr'>celeratur</span> <span class='ocrx_word' id='word_1_413' title='bbox 2424 5247 2799 5337; x_wconf 89' lang='lat' dir='ltr'>digestio,</span> <span class='ocrx_word' id='word_1_414' title='bbox 2837 5251 2916 5320; x_wconf 88' lang='lat' dir='ltr'>et</span> <span class='ocrx_word' id='word_1_415' title='bbox 2952 5247 3048 5320; x_wconf 89' lang='lat' dir='ltr'>ad</span> <span class='ocrx_word' id='word_1_416' title='bbox 3091 5250 3500 5323; x_wconf 89' lang='lat' dir='ltr'>remissio-</span> 
     </span>
    </p>
   </div>
   <div class='ocr_carea' id='block_1_11' title="bbox 1963 5362 3579 5690">
    <p class='ocr_par' dir='ltr' id='par_1_13' title="bbox 1963 5362 3579 5690">
     <span class='ocr_line' id='line_1_84' title="bbox 1963 5362 3579 5456; baseline 0.003 -21"><span class='ocrx_word' id='word_1_417' title='bbox 1963 5385 2146 5436; x_wconf 90' lang='lat' dir='ltr'>nem</span> <span class='ocrx_word' id='word_1_418' title='bbox 2207 5364 2382 5456; x_wconf 90' lang='lat' dir='ltr'>ejus</span> <span class='ocrx_word' id='word_1_419' title='bbox 2428 5362 2924 5444; x_wconf 87' lang='lat' dir='ltr'>remittitur;</span> <span class='ocrx_word' id='word_1_420' title='bbox 2991 5363 3247 5454; x_wconf 88' lang='lat' dir='ltr'>igitur</span> <span class='ocrx_word' id='word_1_421' title='bbox 3297 5366 3364 5437; x_wconf 91' lang='lat' dir='ltr'>si</span> <span class='ocrx_word' id='word_1_422' title='bbox 3406 5367 3505 5439; x_wconf 92' lang='lat' dir='ltr'>ab</span> <span class='ocrx_word' id='word_1_423' title='bbox 3570 5416 3579 5421; x_wconf 94' lang='lat'><em>-</em></span> 
     </span>
     <span class='ocr_line' id='line_1_85' title="bbox 1965 5477 3508 5570; baseline 0.003 -20"><span class='ocrx_word' id='word_1_424' title='bbox 1965 5478 2135 5563; x_wconf 83' lang='lat' dir='ltr'>illo,</span> <span class='ocrx_word' id='word_1_425' title='bbox 2172 5485 2323 5554; x_wconf 90' lang='lat' dir='ltr'>etc.</span> <span class='ocrx_word' id='word_1_426' title='bbox 2363 5477 2961 5570; x_wconf 85' lang='lat' dir='ltr'>Consequentia</span> <span class='ocrx_word' id='word_1_427' title='bbox 2998 5480 3321 5553; x_wconf 87' lang='lat' dir='ltr'>videtur</span> <span class='ocrx_word' id='word_1_428' title='bbox 3371 5503 3508 5556; x_wconf 90' lang='lat' dir='ltr'>no-</span> 
     </span>
     <span class='ocr_line' id='line_1_86' title="bbox 1966 5590 3512 5690; baseline 0.001 -20"><span class='ocrx_word' id='word_1_429' title='bbox 1966 5601 2052 5670; x_wconf 91' lang='lat' dir='ltr'>ta</span> <span class='ocrx_word' id='word_1_430' title='bbox 2082 5590 2183 5669; x_wconf 84' lang='lat' dir='ltr'>ex</span> <span class='ocrx_word' id='word_1_431' title='bbox 2216 5596 2389 5680; x_wconf 92' lang='lat' dir='ltr'>hoc,</span> <span class='ocrx_word' id='word_1_432' title='bbox 2431 5595 2639 5688; x_wconf 93' lang='lat' dir='ltr'>quod</span> <span class='ocrx_word' id='word_1_433' title='bbox 2694 5596 2995 5668; x_wconf 87' lang='lat' dir='ltr'>natura</span> <span class='ocrx_word' id='word_1_434' title='bbox 3042 5600 3165 5671; x_wconf 91' lang='lat' dir='ltr'>est</span> <span class='ocrx_word' id='word_1_435' title='bbox 3218 5598 3512 5690; x_wconf 90' lang='lat' dir='ltr'>princi-</span> 
     </span>
    </p>
   </div>
   <div class='ocr_carea' id='block_1_12' title="bbox 3305 5733 3366 5788">
    <p class='ocr_par' dir='ltr' id='par_1_14' title="bbox 3305 5733 3366 5788">
     <span class='ocr_line' id='line_1_87' title="bbox 3305 5733 3366 5788; baseline 0.049 -3"><span class='ocrx_word' id='word_1_436' title='bbox 3305 5733 3366 5788; x_wconf 81' lang='lat'>16</span> 
     </span>
    </p>
   </div>
   <div class='ocr_carea' id='block_1_13' title="bbox 3619 2026 3701 2081">
    <p class='ocr_par' dir='ltr' id='par_1_15' title="bbox 3619 2026 3701 2081">
     <span class='ocr_line' id='line_1_88' title="bbox 3619 2026 3701 2081; baseline 0.061 -5"><span class='ocrx_word' id='word_1_437' title='bbox 3619 2026 3701 2081; x_wconf 77' lang='lat'>¹3.</span> 
     </span>
    </p>
   </div>
   <div class='ocr_carea' id='block_1_14' title="bbox 3632 4577 3710 4628">
    <p class='ocr_par' dir='ltr' id='par_1_16' title="bbox 3632 4577 3710 4628">
     <span class='ocr_line' id='line_1_89' title="bbox 3632 4577 3710 4628; baseline 0.026 -3"><span class='ocrx_word' id='word_1_438' title='bbox 3632 4577 3710 4628; x_wconf 75' lang='grc' dir='ltr'>Η.</span> 
     </span>
    </p>
   </div>
   <div class='ocr_carea' id='block_1_15' title="bbox 3601 4641 3743 4690">
    <p class='ocr_par' dir='ltr' id='par_1_17' title="bbox 3601 4641 3743 4690">
     <span class='ocr_line' id='line_1_90' title="bbox 3601 4641 3743 4690; baseline -0.021 0"><span class='ocrx_word' id='word_1_439' title='bbox 3601 4641 3743 4690; x_wconf 80' lang='lat' dir='ltr'>Con-</span> 
     </span>
    </p>
   </div>
   <div class='ocr_carea' id='block_1_16' title="bbox 321 4670 3797 4766">
    <p class='ocr_par' dir='ltr' id='par_1_18' title="bbox 321 4670 3797 4766">
     <span class='ocr_line' id='line_1_91' title="bbox 321 4670 3797 4766; baseline 0.002 -26"><span class='ocrx_word' id='word_1_440' title='bbox 321 4672 634 4752; x_wconf 87' lang='lat' dir='ltr'>Quidam</span> <span class='ocrx_word' id='word_1_441' title='bbox 673 4676 1065 4766; x_wconf 88' lang='lat' dir='ltr'>ponentes</span> <span class='ocrx_word' id='word_1_442' title='bbox 1128 4676 1512 4764; x_wconf 88' lang='lat' dir='ltr'>quartam</span> <span class='ocrx_word' id='word_1_443' title='bbox 1562 4671 1838 4745; x_wconf 89' lang='lat' dir='ltr'>dicunt</span> <span class='ocrx_word' id='word_1_444' title='bbox 1949 4673 2038 4745; x_wconf 85' lang='lat' dir='ltr'>fit</span> <span class='ocrx_word' id='word_1_445' title='bbox 2107 4691 2154 4743; x_wconf 90' lang='lat' dir='ltr'>a</span> <span class='ocrx_word' id='word_1_446' title='bbox 2221 4670 2482 4742; x_wconf 89' lang='lat' dir='ltr'>calido</span> <span class='ocrx_word' id='word_1_447' title='bbox 2547 4692 2767 4743; x_wconf 91' lang='lat' dir='ltr'>mere</span> <span class='ocrx_word' id='word_1_448' title='bbox 2851 4671 3328 4753; x_wconf 88' lang='lat' dir='ltr'>intrinseco,</span> <span class='ocrx_word' id='word_1_449' title='bbox 3402 4675 3484 4745; x_wconf 92' lang='lat' dir='ltr'>et</span> <span class='ocrx_word' id='word_1_450' title='bbox 3561 4701 3797 4754; x_wconf 57' lang='lat' dir='ltr'>cnm-01.</span> 
     </span>
    </p>
   </div>
  </div>
 </body>
</html>
