<?xml version="1.0" encoding="UTF-8"?>
<!DOCTYPE html PUBLIC "-//W3C//DTD XHTML 1.0 Transitional//EN"
    "http://www.w3.org/TR/xhtml1/DTD/xhtml1-transitional.dtd">
<html xmlns="http://www.w3.org/1999/xhtml" xml:lang="en" lang="en">
 <head>
  <title>
</title>
<meta http-equiv="Content-Type" content="text/html;charset=utf-8" />
  <meta name='ocr-system' content='tesseract 3.04.00' />
  <meta name='ocr-capabilities' content='ocr_page ocr_carea ocr_par ocr_line ocrx_word'/>
</head>
<body>
  <div class='ocr_page' id='page_1' title='image "./joannisdunsscot03waddgoog_0482.png"; bbox 0 0 4252 6393; ppageno 0'>
   <div class='ocr_carea' id='block_1_1' title="bbox 541 1382 603 1434">
    <p class='ocr_par' dir='ltr' id='par_1_1' title="bbox 541 1382 603 1434">
     <span class='ocr_line' id='line_1_1' title="bbox 541 1382 603 1434; baseline 0 0"><span class='ocrx_word' id='word_1_1' title='bbox 541 1382 603 1434; x_wconf 75' lang='lat'>2⁴3</span> 
     </span>
    </p>
   </div>
   <div class='ocr_carea' id='block_1_2' title="bbox 744 459 885 531">
    <p class='ocr_par' dir='ltr' id='par_1_2' title="bbox 744 459 885 531">
     <span class='ocr_line' id='line_1_2' title="bbox 744 459 885 531; baseline 0.014 -3"><span class='ocrx_word' id='word_1_2' title='bbox 744 459 885 531; x_wconf 41' lang='lat'>*452</span> 
     </span>
    </p>
   </div>
   <div class='ocr_carea' id='block_1_3' title="bbox 748 589 3954 806">
    <p class='ocr_par' dir='ltr' id='par_1_3' title="bbox 748 589 3954 806">
     <span class='ocr_line' id='line_1_3' title="bbox 748 589 3954 695; baseline -0.014 -11"><span class='ocrx_word' id='word_1_3' title='bbox 748 626 1027 695; x_wconf 82' lang='lat' dir='ltr'><strong>Qualiter</strong></span> <span class='ocrx_word' id='word_1_4' title='bbox 1054 627 1259 680; x_wconf 85' lang='lat' dir='ltr'>autem</span> <span class='ocrx_word' id='word_1_5' title='bbox 1289 618 1606 689; x_wconf 84' lang='lat' dir='ltr'>corrumpi</span> <span class='ocrx_word' id='word_1_6' title='bbox 1638 615 1936 674; x_wconf 85' lang='lat' dir='ltr'>dicuntur</span> <span class='ocrx_word' id='word_1_7' title='bbox 1964 609 2040 666; x_wconf 85' lang='lat' dir='ltr'>ad</span> <span class='ocrx_word' id='word_1_8' title='bbox 2097 609 2297 664; x_wconf 87' lang='lat' dir='ltr'>intro·</span> <span class='ocrx_word' id='word_1_9' title='bbox 2406 600 2841 680; x_wconf 64' lang='lat' dir='ltr'>sciendum,</span> <span class='ocrx_word' id='word_1_10' title='bbox 2871 595 3074 688; x_wconf 64' lang='lat' dir='ltr'>quozl</span> <span class='ocrx_word' id='word_1_11' title='bbox 3094 612 3277 666; x_wconf 76' lang='lat' dir='ltr'>oum</span> <span class='ocrx_word' id='word_1_12' title='bbox 3298 589 3661 668; x_wconf 64' lang='lat' dir='ltr'>mundus,</span> <span class='ocrx_word' id='word_1_13' title='bbox 3698 602 3954 657; x_wconf 70' lang='lat' dir='ltr'>secun.</span> 
     </span>
     <span class='ocr_line' id='line_1_4' title="bbox 750 707 3947 806; baseline -0.01 -21"><span class='ocrx_word' id='word_1_14' title='bbox 750 726 1105 788; x_wconf 88' lang='lat' dir='ltr'>ductionem</span> <span class='ocrx_word' id='word_1_15' title='bbox 1135 723 1361 778; x_wconf 81' lang='lat' dir='ltr'>animae</span> <span class='ocrx_word' id='word_1_16' title='bbox 1392 715 1734 780; x_wconf 75' lang='lat' dir='ltr'>rationaliS,</span> <span class='ocrx_word' id='word_1_17' title='bbox 1807 707 2162 780; x_wconf 80' lang='lat' dir='ltr'>vegetativa</span> <span class='ocrx_word' id='word_1_18' title='bbox 2238 709 2299 761; x_wconf 89' lang='lat' dir='ltr'>et</span> <span class='ocrx_word' id='word_1_19' title='bbox 2405 719 2592 790; x_wconf 73' lang='lat' dir='ltr'>dum</span> <span class='ocrx_word' id='word_1_20' title='bbox 2624 714 3144 806; x_wconf 48' lang='lat' dir='ltr'>Dionysium·</span> <span class='ocrx_word' id='word_1_21' title='bbox 3189 735 3245 779; x_wconf 45' lang='lat' dir='ltr'>c·</span> <span class='ocrx_word' id='word_1_22' title='bbox 3279 711 3344 781; x_wconf 46' lang='lat'>7,</span> <span class='ocrx_word' id='word_1_23' title='bbox 3398 709 3479 775; x_wconf 63' lang='lat' dir='ltr'>de</span> <span class='ocrx_word' id='word_1_24' title='bbox 3510 707 3741 773; x_wconf 51' lang='lat' dir='ltr'><em>Divin·</em></span> <span class='ocrx_word' id='word_1_25' title='bbox 3776 725 3947 770; x_wconf 64' lang='lat' dir='ltr'>nom,</span> 
     </span>
    </p>
   </div>
   <div class='ocr_carea' id='block_1_4' title="bbox 2413 812 3955 1039">
    <p class='ocr_par' dir='ltr' id='par_1_4' title="bbox 2413 812 3955 1039">
     <span class='ocr_line' id='line_1_5' title="bbox 2413 812 3948 920; baseline -0.014 -16"><span class='ocrx_word' id='word_1_26' title='bbox 2413 835 2501 904; x_wconf 90' lang='lat' dir='ltr'>ut</span> <span class='ocrx_word' id='word_1_27' title='bbox 2545 848 2796 920; x_wconf 89' lang='lat' dir='ltr'>supra</span> <span class='ocrx_word' id='word_1_28' title='bbox 2826 826 3128 900; x_wconf 88' lang='lat' dir='ltr'>dictum</span> <span class='ocrx_word' id='word_1_29' title='bbox 3171 825 3323 903; x_wconf 88' lang='lat' dir='ltr'>est,</span> <span class='ocrx_word' id='word_1_30' title='bbox 3362 819 3469 892; x_wconf 90' lang='lat' dir='ltr'>sit</span> <span class='ocrx_word' id='word_1_31' title='bbox 3503 837 3734 897; x_wconf 79' lang='lat' dir='ltr'>unuS‚</span> <span class='ocrx_word' id='word_1_32' title='bbox 3773 812 3948 905; x_wconf 87' lang='lat' dir='ltr'>quia</span> 
     </span>
     <span class='ocr_line' id='line_1_6' title="bbox 2419 934 3955 1039; baseline -0.013 -20"><span class='ocrx_word' id='word_1_33' title='bbox 2419 964 2804 1039; x_wconf 87' lang='lat' dir='ltr'>suprema</span> <span class='ocrx_word' id='word_1_34' title='bbox 2839 942 3307 1014; x_wconf 90' lang='lat' dir='ltr'>infimorum</span> <span class='ocrx_word' id='word_1_35' title='bbox 3359 934 3955 1028; x_wconf 89' lang='lat' dir='ltr'>conjunguntur</span> 
     </span>
    </p>
   </div>
   <div class='ocr_carea' id='block_1_5' title="bbox 753 802 2306 1083">
    <p class='ocr_par' dir='ltr' id='par_1_5' title="bbox 753 802 2306 1083">
     <span class='ocr_line' id='line_1_7' title="bbox 753 802 2299 884; baseline -0.016 -5"><span class='ocrx_word' id='word_1_36' title='bbox 753 820 1053 879; x_wconf 80' lang='lat' dir='ltr'>sensitiva</span> <span class='ocrx_word' id='word_1_37' title='bbox 1113 815 1462 873; x_wconf 84' lang='lat' dir='ltr'>successive</span> <span class='ocrx_word' id='word_1_38' title='bbox 1546 810 1724 884; x_wconf 85' lang='lat' dir='ltr'>prius</span> <span class='ocrx_word' id='word_1_39' title='bbox 1789 804 2158 863; x_wconf 76' lang='lat' dir='ltr'>introductae</span> <span class='ocrx_word' id='word_1_40' title='bbox 2233 802 2299 855; x_wconf 92' lang='lat' dir='ltr'>in</span> 
     </span>
     <span class='ocr_line' id='line_1_8' title="bbox 755 897 2303 990; baseline -0.016 -12"><span class='ocrx_word' id='word_1_41' title='bbox 755 924 905 979; x_wconf 83' lang='lat' dir='ltr'>foetu</span> <span class='ocrx_word' id='word_1_42' title='bbox 958 913 1541 990; x_wconf 75' lang='lat' dir='ltr'>imperfectozlege</span> <span class='ocrx_word' id='word_1_43' title='bbox 1597 907 1872 965; x_wconf 87' lang='lat' dir='ltr'>Ruvium</span> <span class='ocrx_word' id='word_1_44' title='bbox 1951 904 2060 960; x_wconf 89' lang='lat' dir='ltr'>lib.</span> <span class='ocrx_word' id='word_1_45' title='bbox 2092 902 2149 968; x_wconf 86' lang='lat'>5,</span> <span class='ocrx_word' id='word_1_46' title='bbox 2226 897 2303 954; x_wconf 88' lang='lat' dir='ltr'>de</span> 
     </span>
     <span class='ocr_line' id='line_1_9' title="bbox 759 1002 2306 1083; baseline -0.017 -8"><span class='ocrx_word' id='word_1_47' title='bbox 759 1018 1009 1082; x_wconf 84' lang='lat' dir='ltr'>Anima,</span> <span class='ocrx_word' id='word_1_48' title='bbox 1042 1028 1176 1083; x_wconf 89' lang='lat' dir='ltr'>cap.</span> <span class='ocrx_word' id='word_1_49' title='bbox 1208 1012 1262 1066; x_wconf 91' lang='lat'>3.</span> <span class='ocrx_word' id='word_1_50' title='bbox 1304 1011 1521 1082; x_wconf 80' lang='lat' dir='ltr'>quaest.</span> <span class='ocrx_word' id='word_1_51' title='bbox 1554 1006 1610 1062; x_wconf 82' lang='lat'>5.</span> <span class='ocrx_word' id='word_1_52' title='bbox 1643 1019 1677 1060; x_wconf 90' lang='lat' dir='ltr'>a</span> <span class='ocrx_word' id='word_1_53' title='bbox 1708 1017 1880 1059; x_wconf 89' lang='lat' dir='ltr'>num.</span> <span class='ocrx_word' id='word_1_54' title='bbox 1925 1002 2047 1055; x_wconf 84' lang='lat'>153.</span> <span class='ocrx_word' id='word_1_55' title='bbox 2107 1008 2306 1067; x_wconf 83' lang='lat' dir='ltr'>usque</span> 
     </span>
    </p>
   </div>
   <div class='ocr_carea' id='block_1_6' title="bbox 759 1060 3607 1173">
    <p class='ocr_par' dir='ltr' id='par_1_6' title="bbox 759 1060 3607 1173">
     <span class='ocr_line' id='line_1_10' title="bbox 759 1060 3607 1173; baseline -0.018 -2"><span class='ocrx_word' id='word_1_56' title='bbox 759 1115 837 1172; x_wconf 84' lang='lat' dir='ltr'>ad</span> <span class='ocrx_word' id='word_1_57' title='bbox 866 1114 988 1169; x_wconf 86' lang='lat'>159.</span> <span class='ocrx_word' id='word_1_58' title='bbox 1022 1115 1083 1168; x_wconf 85' lang='lat' dir='ltr'>et</span> <span class='ocrx_word' id='word_1_59' title='bbox 1112 1107 1435 1165; x_wconf 85' lang='lat' dir='ltr'>Cavellum</span> <span class='ocrx_word' id='word_1_60' title='bbox 1471 1106 1537 1160; x_wconf 90' lang='lat' dir='ltr'>in</span> <span class='ocrx_word' id='word_1_61' title='bbox 1568 1097 2202 1173; x_wconf 84' lang='lat' dir='ltr'>supplem.librorum</span> <span class='ocrx_word' id='word_1_62' title='bbox 2232 1090 2309 1146; x_wconf 86' lang='lat' dir='ltr'>de</span> <span class='ocrx_word' id='word_1_63' title='bbox 2420 1085 2603 1139; x_wconf 82' lang='lat' dir='ltr'>cum</span> <span class='ocrx_word' id='word_1_64' title='bbox 2667 1060 2965 1133; x_wconf 81' lang='lat' dir='ltr'>infimis</span> <span class='ocrx_word' id='word_1_65' title='bbox 3028 1071 3607 1149; x_wconf 78' lang='lat' dir='ltr'>supremorum</span> 
     </span>
    </p>
   </div>
   <div class='ocr_carea' id='block_1_7' title="bbox 763 1201 1808 1279">
    <p class='ocr_par' dir='ltr' id='par_1_7' title="bbox 763 1201 1808 1279">
     <span class='ocr_line' id='line_1_11' title="bbox 763 1201 1808 1279; baseline -0.016 -9"><span class='ocrx_word' id='word_1_66' title='bbox 763 1213 988 1270; x_wconf 86' lang='lat' dir='ltr'>Anima</span> <span class='ocrx_word' id='word_1_67' title='bbox 1020 1209 1179 1279; x_wconf 85' lang='lat' dir='ltr'><strong>disp.</strong></span> <span class='ocrx_word' id='word_1_68' title='bbox 1219 1208 1269 1263; x_wconf 95' lang='lat'>1.</span> <span class='ocrx_word' id='word_1_69' title='bbox 1304 1207 1450 1260; x_wconf 88' lang='lat' dir='ltr'>sect.</span> <span class='ocrx_word' id='word_1_70' title='bbox 1480 1204 1537 1258; x_wconf 87' lang='lat'>7.</span> <span class='ocrx_word' id='word_1_71' title='bbox 1571 1213 1743 1257; x_wconf 92' lang='lat' dir='ltr'>num.</span> <span class='ocrx_word' id='word_1_72' title='bbox 1773 1201 1808 1252; x_wconf 89' lang='lat'>6</span> 
     </span>
    </p>
   </div>
   <div class='ocr_carea' id='block_1_8' title="bbox 858 1318 2312 1420">
    <p class='ocr_par' dir='ltr' id='par_1_8' title="bbox 858 1318 2312 1420">
     <span class='ocr_line' id='line_1_12' title="bbox 858 1318 2312 1420; baseline -0.017 -12"><span class='ocrx_word' id='word_1_73' title='bbox 858 1336 1158 1420; x_wconf 86' lang='lat' dir='ltr'>Quibus</span> <span class='ocrx_word' id='word_1_74' title='bbox 1208 1335 1288 1404; x_wconf 88' lang='lat' dir='ltr'>et</span> <span class='ocrx_word' id='word_1_75' title='bbox 1330 1326 1732 1402; x_wconf 83' lang='lat' dir='ltr'>similibus</span> <span class='ocrx_word' id='word_1_76' title='bbox 1782 1341 1942 1393; x_wconf 91' lang='lat' dir='ltr'>non</span> <span class='ocrx_word' id='word_1_77' title='bbox 1994 1318 2312 1389; x_wconf 88' lang='lat' dir='ltr'>obstan-</span> 
     </span>
    </p>
   </div>
   <div class='ocr_carea' id='block_1_9' title="bbox 437 1430 2313 1530">
    <p class='ocr_par' dir='ltr' id='par_1_9' title="bbox 437 1430 2313 1530">
     <span class='ocr_line' id='line_1_13' title="bbox 437 1430 2313 1530; baseline -0.015 -1"><span class='ocrx_word' id='word_1_78' title='bbox 437 1449 729 1500; x_wconf 42' lang='lat' dir='ltr'>Vm‘e’ffi</span> <span class='ocrx_word' id='word_1_79' title='bbox 769 1454 984 1529; x_wconf 88' lang='lat' dir='ltr'>tibus</span> <span class='ocrx_word' id='word_1_80' title='bbox 1041 1454 1167 1523; x_wconf 90' lang='lat' dir='ltr'>est</span> <span class='ocrx_word' id='word_1_81' title='bbox 1222 1446 1666 1523; x_wconf 90' lang='lat' dir='ltr'>dicendum,</span> <span class='ocrx_word' id='word_1_82' title='bbox 1734 1437 1941 1530; x_wconf 86' lang='lat' dir='ltr'>quod</span> <span class='ocrx_word' id='word_1_83' title='bbox 1995 1430 2313 1506; x_wconf 90' lang='lat' dir='ltr'>sensiti-</span> 
     </span>
    </p>
   </div>
   <div class='ocr_carea' id='block_1_10' title="bbox 452 1512 728 1561">
    <p class='ocr_par' dir='ltr' id='par_1_10' title="bbox 452 1512 728 1561">
     <span class='ocr_line' id='line_1_14' title="bbox 452 1512 728 1561; baseline -0.025 0"><span class='ocrx_word' id='word_1_84' title='bbox 452 1512 625 1561; x_wconf 78' lang='lat' dir='ltr'>tentia</span> <span class='ocrx_word' id='word_1_85' title='bbox 651 1513 728 1556; x_wconf 74' lang='lat' dir='ltr'>est</span> 
     </span>
    </p>
   </div>
   <div class='ocr_carea' id='block_1_11' title="bbox 428 1547 2342 1645">
    <p class='ocr_par' dir='ltr' id='par_1_11' title="bbox 428 1547 2342 1645">
     <span class='ocr_line' id='line_1_15' title="bbox 428 1547 2342 1645; baseline -0.015 0"><span class='ocrx_word' id='word_1_86' title='bbox 428 1587 466 1623; x_wconf 65' lang='grc' dir='ltr'><strong><em>α</em></strong></span> <span class='ocrx_word' id='word_1_87' title='bbox 492 1575 741 1645; x_wconf 43' lang='lat' dir='ltr'>Deo-cre-</span> <span class='ocrx_word' id='word_1_88' title='bbox 768 1592 959 1644; x_wconf 89' lang='lat' dir='ltr'>vum</span> <span class='ocrx_word' id='word_1_89' title='bbox 994 1569 1072 1642; x_wconf 92' lang='lat' dir='ltr'>in</span> <span class='ocrx_word' id='word_1_90' title='bbox 1104 1563 1430 1638; x_wconf 90' lang='lat' dir='ltr'>homine</span> <span class='ocrx_word' id='word_1_91' title='bbox 1462 1564 1586 1634; x_wconf 90' lang='lat' dir='ltr'>est</span> <span class='ocrx_word' id='word_1_92' title='bbox 1619 1579 1665 1630; x_wconf 88' lang='lat' dir='ltr'>a</span> <span class='ocrx_word' id='word_1_93' title='bbox 1697 1557 2055 1630; x_wconf 90' lang='lat' dir='ltr'>creante.</span> <span class='ocrx_word' id='word_1_94' title='bbox 2096 1547 2342 1631; x_wconf 82' lang='lat' dir='ltr'>Quod-</span> 
     </span>
    </p>
   </div>
   <div class='ocr_carea' id='block_1_12' title="bbox 523 1649 638 1690">
    <p class='ocr_par' dir='ltr' id='par_1_12' title="bbox 523 1649 638 1690">
     <span class='ocr_line' id='line_1_16' title="bbox 523 1649 638 1690; baseline -0.043 -3"><span class='ocrx_word' id='word_1_95' title='bbox 523 1649 638 1690; x_wconf 71' lang='lat' dir='ltr'>art,</span> 
     </span>
    </p>
   </div>
   <div class='ocr_carea' id='block_1_13' title="bbox 431 1742 710 1794">
    <p class='ocr_par' dir='ltr' id='par_1_13' title="bbox 431 1742 710 1794">
     <span class='ocr_line' id='line_1_17' title="bbox 431 1742 710 1794; baseline -0.007 1"><span class='ocrx_word' id='word_1_96' title='bbox 431 1746 451 1768; x_wconf 75' lang='lat'><em>⁶</em></span> <span class='ocrx_word' id='word_1_97' title='bbox 485 1757 625 1794; x_wconf 88' lang='lat' dir='ltr'>num.</span> <span class='ocrx_word' id='word_1_98' title='bbox 655 1742 710 1793; x_wconf 75' lang='lat'>4.</span> 
     </span>
    </p>
   </div>
   <div class='ocr_carea' id='block_1_14' title="bbox 771 1670 2342 3635">
    <p class='ocr_par' dir='ltr' id='par_1_14' title="bbox 771 1670 2342 3635">
     <span class='ocr_line' id='line_1_18' title="bbox 771 1670 2316 1775; baseline -0.019 -13"><span class='ocrx_word' id='word_1_99' title='bbox 771 1688 1135 1762; x_wconf 77' lang='lat' dir='ltr'>declarat</span> <span class='ocrx_word' id='word_1_100' title='bbox 1184 1682 1451 1775; x_wconf 90' lang='lat' dir='ltr'>primo</span> <span class='ocrx_word' id='word_1_101' title='bbox 1505 1673 1962 1749; x_wconf 86' lang='lat' dir='ltr'>auctoritas</span> <span class='ocrx_word' id='word_1_102' title='bbox 2009 1670 2316 1756; x_wconf 84' lang='lat' dir='ltr'>Augus-</span> 
     </span>
     <span class='ocr_line' id='line_1_19' title="bbox 775 1782 2317 1890; baseline -0.019 -12"><span class='ocrx_word' id='word_1_103' title='bbox 775 1804 923 1880; x_wconf 75' lang='lat' dir='ltr'>tini</span> <span class='ocrx_word' id='word_1_104' title='bbox 973 1805 1053 1871; x_wconf 77' lang='lat' dir='ltr'>cle</span> <span class='ocrx_word' id='word_1_105' title='bbox 1112 1802 1375 1890; x_wconf 76' lang='lat' dir='ltr'>Spiritu</span> <span class='ocrx_word' id='word_1_106' title='bbox 1434 1807 1494 1862; x_wconf 83' lang='lat' dir='ltr'>et</span> <span class='ocrx_word' id='word_1_107' title='bbox 1543 1795 1815 1871; x_wconf 82' lang='lat' dir='ltr'>Anima,</span> <span class='ocrx_word' id='word_1_108' title='bbox 1874 1782 2254 1877; x_wconf 73' lang='lat' dir='ltr'>Superius</span> <span class='ocrx_word' id='word_1_109' title='bbox 2296 1783 2317 1803; x_wconf 66' lang='lat'>²</span> 
     </span>
     <span class='ocr_line' id='line_1_20' title="bbox 774 1898 2319 2009; baseline -0.017 -17"><span class='ocrx_word' id='word_1_110' title='bbox 774 1920 1156 2009; x_wconf 89' lang='lat' dir='ltr'>allegata,</span> <span class='ocrx_word' id='word_1_111' title='bbox 1220 1912 1351 1984; x_wconf 91' lang='lat' dir='ltr'>ubi</span> <span class='ocrx_word' id='word_1_112' title='bbox 1413 1928 1654 1981; x_wconf 89' lang='lat' dir='ltr'>unam</span> <span class='ocrx_word' id='word_1_113' title='bbox 1712 1903 1906 1976; x_wconf 88' lang='lat' dir='ltr'>dicit</span> <span class='ocrx_word' id='word_1_114' title='bbox 1961 1898 2319 1972; x_wconf 89' lang='lat' dir='ltr'>animam</span> 
     </span>
     <span class='ocr_line' id='line_1_21' title="bbox 774 2017 2323 2108; baseline -0.018 0"><span class='ocrx_word' id='word_1_115' title='bbox 774 2032 1209 2108; x_wconf 76' lang='lat' dir='ltr'>animalem</span> <span class='ocrx_word' id='word_1_116' title='bbox 1268 2033 1348 2100; x_wconf 89' lang='lat' dir='ltr'>et</span> <span class='ocrx_word' id='word_1_117' title='bbox 1409 2020 2018 2098; x_wconf 75' lang='lat' dir='ltr'>intellectivam.</span> <span class='ocrx_word' id='word_1_118' title='bbox 2076 2017 2176 2085; x_wconf 86' lang='lat' dir='ltr'>Et</span> <span class='ocrx_word' id='word_1_119' title='bbox 2226 2031 2323 2081; x_wconf 93' lang='lat' dir='ltr'>ne</span> 
     </span>
     <span class='ocr_line' id='line_1_22' title="bbox 777 2131 2324 2236; baseline -0.018 -12"><span class='ocrx_word' id='word_1_120' title='bbox 777 2153 990 2224; x_wconf 83' lang='lat' dir='ltr'>forte</span> <span class='ocrx_word' id='word_1_121' title='bbox 1024 2148 1268 2226; x_wconf 90' lang='lat' dir='ltr'>dicas,</span> <span class='ocrx_word' id='word_1_122' title='bbox 1307 2142 1512 2236; x_wconf 87' lang='lat' dir='ltr'>quod</span> <span class='ocrx_word' id='word_1_123' title='bbox 1557 2160 1716 2211; x_wconf 88' lang='lat' dir='ltr'>una</span> <span class='ocrx_word' id='word_1_124' title='bbox 1760 2136 1866 2208; x_wconf 90' lang='lat' dir='ltr'>sit</span> <span class='ocrx_word' id='word_1_125' title='bbox 1919 2131 2192 2204; x_wconf 89' lang='lat' dir='ltr'>anima</span> <span class='ocrx_word' id='word_1_126' title='bbox 2226 2147 2324 2198; x_wconf 82' lang='lat' dir='ltr'>cx</span> 
     </span>
     <span class='ocr_line' id='line_1_23' title="bbox 777 2244 2327 2353; baseline -0.019 -12"><span class='ocrx_word' id='word_1_127' title='bbox 777 2267 1167 2341; x_wconf 76' lang='lat' dir='ltr'>sensitiva</span> <span class='ocrx_word' id='word_1_128' title='bbox 1218 2261 1634 2353; x_wconf 89' lang='lat' dir='ltr'>generata,</span> <span class='ocrx_word' id='word_1_129' title='bbox 1689 2257 1769 2326; x_wconf 90' lang='lat' dir='ltr'>et</span> <span class='ocrx_word' id='word_1_130' title='bbox 1823 2244 2327 2322; x_wconf 78' lang='lat' dir='ltr'>intellectiva</span> 
     </span>
     <span class='ocr_line' id='line_1_24' title="bbox 778 2366 2328 2468; baseline -0.023 -9"><span class='ocrx_word' id='word_1_131' title='bbox 778 2388 1083 2462; x_wconf 89' lang='lat' dir='ltr'>creata,</span> <span class='ocrx_word' id='word_1_132' title='bbox 1122 2379 1294 2450; x_wconf 88' lang='lat' dir='ltr'>ideo</span> <span class='ocrx_word' id='word_1_133' title='bbox 1332 2369 1733 2468; x_wconf 63' lang='lat' dir='ltr'>praemisit</span> <span class='ocrx_word' id='word_1_134' title='bbox 1776 2367 2027 2444; x_wconf 85' lang='lat' dir='ltr'>illam,</span> <span class='ocrx_word' id='word_1_135' title='bbox 2080 2366 2239 2439; x_wconf 79' lang='lat' dir='ltr'>Quoe</span> <span class='ocrx_word' id='word_1_136' title='bbox 2268 2369 2328 2424; x_wconf 80' lang='lat' dir='ltr'>et</span> 
     </span>
     <span class='ocr_line' id='line_1_25' title="bbox 779 2485 2322 2586; baseline -0.02 -15"><span class='ocrx_word' id='word_1_137' title='bbox 779 2503 1102 2586; x_wconf 77' lang='lat' dir='ltr'>vivificat,</span> <span class='ocrx_word' id='word_1_138' title='bbox 1164 2507 1224 2562; x_wconf 82' lang='lat' dir='ltr'>et</span> <span class='ocrx_word' id='word_1_139' title='bbox 1270 2494 1600 2559; x_wconf 78' lang='lat' dir='ltr'>rationem</span> <span class='ocrx_word' id='word_1_140' title='bbox 1649 2485 1947 2572; x_wconf 79' lang='lat' dir='ltr'>disponit</span> <span class='ocrx_word' id='word_1_141' title='bbox 2007 2489 2322 2545; x_wconf 77' lang='lat' dir='ltr'>creatam.</span> 
     </span>
     <span class='ocr_line' id='line_1_26' title="bbox 784 2592 2329 2691; baseline -0.021 0"><span class='ocrx_word' id='word_1_142' title='bbox 784 2618 897 2691; x_wconf 87' lang='lat' dir='ltr'>Ad</span> <span class='ocrx_word' id='word_1_143' title='bbox 961 2615 1167 2687; x_wconf 89' lang='lat' dir='ltr'>idem</span> <span class='ocrx_word' id='word_1_144' title='bbox 1226 2606 1424 2680; x_wconf 87' lang='lat' dir='ltr'>facit</span> <span class='ocrx_word' id='word_1_145' title='bbox 1474 2599 1930 2675; x_wconf 88' lang='lat' dir='ltr'>auctoritas</span> <span class='ocrx_word' id='word_1_146' title='bbox 1970 2592 2329 2686; x_wconf 90' lang='lat' dir='ltr'>ejusdem</span> 
     </span>
     <span class='ocr_line' id='line_1_27' title="bbox 787 2715 2332 2824; baseline -0.019 -19"><span class='ocrx_word' id='word_1_147' title='bbox 787 2729 1160 2824; x_wconf 88' lang='lat' dir='ltr'>superius</span> <span class='ocrx_word' id='word_1_148' title='bbox 1202 2724 1556 2813; x_wconf 88' lang='lat' dir='ltr'>allegata</span> <span class='ocrx_word' id='word_1_149' title='bbox 1590 2742 1605 2786; x_wconf 77' lang='grc' dir='ltr'>ε</span> <span class='ocrx_word' id='word_1_150' title='bbox 1641 2719 1721 2787; x_wconf 90' lang='lat' dir='ltr'>et</span> <span class='ocrx_word' id='word_1_151' title='bbox 1753 2715 1902 2785; x_wconf 89' lang='lat' dir='ltr'>hoc</span> <span class='ocrx_word' id='word_1_152' title='bbox 1945 2726 2332 2801; x_wconf 80' lang='lat' dir='ltr'>expresse</span> 
     </span>
     <span class='ocr_line' id='line_1_28' title="bbox 787 2821 2333 2932; baseline -0.021 -10"><span class='ocrx_word' id='word_1_153' title='bbox 787 2850 1019 2921; x_wconf 88' lang='lat' dir='ltr'>docet</span> <span class='ocrx_word' id='word_1_154' title='bbox 1087 2837 1591 2932; x_wconf 82' lang='lat' dir='ltr'>Augustinus</span> <span class='ocrx_word' id='word_1_155' title='bbox 1657 2846 2067 2922; x_wconf 82' lang='lat' dir='ltr'>exponens</span> <span class='ocrx_word' id='word_1_156' title='bbox 2140 2821 2333 2894; x_wconf 88' lang='lat' dir='ltr'>illud</span> 
     </span>
     <span class='ocr_line' id='line_1_29' title="bbox 791 2941 2330 3037; baseline -0.023 0"><span class='ocrx_word' id='word_1_157' title='bbox 791 2959 1122 3037; x_wconf 78' lang='lat' dir='ltr'>Genesis</span> <span class='ocrx_word' id='word_1_158' title='bbox 1161 2959 1228 3028; x_wconf 72' lang='lat'>2.</span> <span class='ocrx_word' id='word_1_159' title='bbox 1282 2956 1393 3022; x_wconf 88' lang='lat' dir='ltr'>lib.</span> <span class='ocrx_word' id='word_1_160' title='bbox 1438 2954 1504 3023; x_wconf 92' lang='lat'>7.</span> <span class='ocrx_word' id='word_1_161' title='bbox 1558 2950 1638 3016; x_wconf 81' lang='lat' dir='ltr'>de</span> <span class='ocrx_word' id='word_1_162' title='bbox 1692 2948 1920 3014; x_wconf 65' lang='lat' dir='ltr'>Genea.</span> <span class='ocrx_word' id='word_1_163' title='bbox 1971 2943 2061 3008; x_wconf 80' lang='lat' dir='ltr'>ad</span> <span class='ocrx_word' id='word_1_164' title='bbox 2107 2941 2237 3006; x_wconf 78' lang='lat' dir='ltr'>liu.</span> <span class='ocrx_word' id='word_1_165' title='bbox 2273 2958 2330 3002; x_wconf 81' lang='lat' dir='ltr'>e.</span> 
     </span>
     <span class='ocr_line' id='line_1_30' title="bbox 793 3057 2330 3152; baseline -0.021 0"><span class='ocrx_word' id='word_1_166' title='bbox 793 3081 900 3152; x_wconf 81' lang='lat'>16.</span> <span class='ocrx_word' id='word_1_167' title='bbox 944 3090 1005 3146; x_wconf 81' lang='lat' dir='ltr'>ct</span> <span class='ocrx_word' id='word_1_168' title='bbox 1045 3078 1153 3148; x_wconf 89' lang='lat'>17.</span> <span class='ocrx_word' id='word_1_169' title='bbox 1197 3070 1539 3140; x_wconf 81' lang='lat' dir='ltr'>Formavit</span> <span class='ocrx_word' id='word_1_170' title='bbox 1571 3068 1744 3131; x_wconf 78' lang='lat' dir='ltr'>Deus</span> <span class='ocrx_word' id='word_1_171' title='bbox 1784 3062 2138 3136; x_wconf 81' lang='lat' dir='ltr'>hominem,</span> <span class='ocrx_word' id='word_1_172' title='bbox 2178 3057 2330 3125; x_wconf 76' lang='lat' dir='ltr'>etc.</span> 
     </span>
     <span class='ocr_line' id='line_1_31' title="bbox 795 3177 2331 3288; baseline -0.022 -18"><span class='ocrx_word' id='word_1_173' title='bbox 795 3193 1189 3288; x_wconf 75' lang='lat' dir='ltr'>sequitur,</span> <span class='ocrx_word' id='word_1_174' title='bbox 1235 3203 1295 3257; x_wconf 80' lang='lat' dir='ltr'>et</span> <span class='ocrx_word' id='word_1_175' title='bbox 1343 3185 1703 3275; x_wconf 77' lang='lat' dir='ltr'>inspiravit</span> <span class='ocrx_word' id='word_1_176' title='bbox 1744 3183 1813 3247; x_wconf 82' lang='lat' dir='ltr'>in</span> <span class='ocrx_word' id='word_1_177' title='bbox 1863 3178 2107 3264; x_wconf 77' lang='lat' dir='ltr'>facicm</span> <span class='ocrx_word' id='word_1_178' title='bbox 2167 3177 2331 3261; x_wconf 80' lang='lat' dir='ltr'>ejus,</span> 
     </span>
     <span class='ocr_line' id='line_1_32' title="bbox 794 3291 2339 3398; baseline -0.021 -10"><span class='ocrx_word' id='word_1_179' title='bbox 794 3320 948 3388; x_wconf 91' lang='lat' dir='ltr'>etc.</span> <span class='ocrx_word' id='word_1_180' title='bbox 984 3309 1135 3383; x_wconf 90' lang='lat' dir='ltr'>Ubi</span> <span class='ocrx_word' id='word_1_181' title='bbox 1174 3323 1559 3398; x_wconf 79' lang='lat' dir='ltr'>expresse</span> <span class='ocrx_word' id='word_1_182' title='bbox 1599 3297 1818 3377; x_wconf 88' lang='lat' dir='ltr'>dicit,</span> <span class='ocrx_word' id='word_1_183' title='bbox 1857 3291 2063 3385; x_wconf 86' lang='lat' dir='ltr'>quod</span> <span class='ocrx_word' id='word_1_184' title='bbox 2097 3308 2339 3381; x_wconf 87' lang='lat' dir='ltr'>quan-</span> 
     </span>
     <span class='ocr_line' id='line_1_33' title="bbox 799 3405 2341 3506; baseline -0.019 -1"><span class='ocrx_word' id='word_1_185' title='bbox 799 3437 971 3506; x_wconf 91' lang='lat' dir='ltr'>tum</span> <span class='ocrx_word' id='word_1_186' title='bbox 1033 3428 1127 3500; x_wconf 88' lang='lat' dir='ltr'>ad</span> <span class='ocrx_word' id='word_1_187' title='bbox 1188 3419 1663 3495; x_wconf 87' lang='lat' dir='ltr'>sensitivam</span> <span class='ocrx_word' id='word_1_188' title='bbox 1730 3405 2191 3501; x_wconf 70' lang='lat' dir='ltr'>inspiravit,</span> <span class='ocrx_word' id='word_1_189' title='bbox 2262 3407 2341 3476; x_wconf 91' lang='lat' dir='ltr'>et</span> 
     </span>
     <span class='ocr_line' id='line_1_34' title="bbox 805 3524 2342 3635; baseline -0.022 -13"><span class='ocrx_word' id='word_1_190' title='bbox 805 3549 977 3621; x_wconf 91' lang='lat' dir='ltr'>ideo</span> <span class='ocrx_word' id='word_1_191' title='bbox 1022 3537 1525 3635; x_wconf 87' lang='lat' dir='ltr'>spiraculum</span> <span class='ocrx_word' id='word_1_192' title='bbox 1564 3530 1755 3603; x_wconf 76' lang='lat' dir='ltr'>vitae</span> <span class='ocrx_word' id='word_1_193' title='bbox 1801 3551 1814 3593; x_wconf 78' lang='grc' dir='ltr'>ε</span> <span class='ocrx_word' id='word_1_194' title='bbox 1865 3524 2063 3595; x_wconf 90' lang='lat' dir='ltr'>unde</span> <span class='ocrx_word' id='word_1_195' title='bbox 2104 3539 2342 3611; x_wconf 82' lang='lat' dir='ltr'>expo-</span> 
     </span>
    </p>
   </div>
   <div class='ocr_carea' id='block_1_15' title="bbox 457 3636 2341 3768">
    <p class='ocr_par' dir='ltr' id='par_1_15' title="bbox 457 3636 2341 3768">
     <span class='ocr_line' id='line_1_35' title="bbox 457 3636 2341 3768; baseline -0.022 -23"><span class='ocrx_word' id='word_1_196' title='bbox 457 3714 485 3745; x_wconf 79' lang='lat'><strong>·</strong></span> <span class='ocrx_word' id='word_1_197' title='bbox 513 3716 607 3768; x_wconf 83' lang='lat' dir='ltr'>lib.</span> <span class='ocrx_word' id='word_1_198' title='bbox 640 3712 690 3762; x_wconf 55' lang='lat'>2,</span> <span class='ocrx_word' id='word_1_199' title='bbox 715 3712 780 3763; x_wconf 60' lang='lat' dir='ltr'>d„</span> <span class='ocrx_word' id='word_1_200' title='bbox 807 3684 1003 3737; x_wconf 90' lang='lat' dir='ltr'>nens</span> <span class='ocrx_word' id='word_1_201' title='bbox 1035 3659 1185 3729; x_wconf 86' lang='lat' dir='ltr'>hoc</span> <span class='ocrx_word' id='word_1_202' title='bbox 1217 3659 1236 3680; x_wconf 79' lang='lat'><strong>*</strong></span> <span class='ocrx_word' id='word_1_203' title='bbox 1270 3655 1561 3726; x_wconf 88' lang='lat' dir='ltr'>contra</span> <span class='ocrx_word' id='word_1_204' title='bbox 1607 3642 2126 3718; x_wconf 73' lang='lat' dir='ltr'>Manichae0s‚</span> <span class='ocrx_word' id='word_1_205' title='bbox 2165 3636 2281 3708; x_wconf 90' lang='lat' dir='ltr'>ait</span> <span class='ocrx_word' id='word_1_206' title='bbox 2327 3659 2341 3702; x_wconf 90' lang='lat'>:</span> 
     </span>
    </p>
   </div>
   <div class='ocr_carea' id='block_1_16' title="bbox 458 3781 744 3893">
    <p class='ocr_par' dir='ltr' id='par_1_16' title="bbox 458 3781 744 3893">
     <span class='ocr_line' id='line_1_36' title="bbox 458 3781 744 3893; baseline -0.007 -63"><span class='ocrx_word' id='word_1_207' title='bbox 458 3781 591 3893; x_wconf 58' lang='lat' dir='ltr'>gen.</span> <span class='ocrx_word' id='word_1_208' title='bbox 625 3792 744 3842; x_wconf 76' lang='lat' dir='ltr'>cap.</span> 
     </span>
    </p>
   </div>
   <div class='ocr_carea' id='block_1_17' title="bbox 806 3754 2366 5711">
    <p class='ocr_par' dir='ltr' id='par_1_17' title="bbox 806 3754 2353 4434">
     <span class='ocr_line' id='line_1_37' title="bbox 807 3754 2346 3870; baseline -0.021 -21"><span class='ocrx_word' id='word_1_209' title='bbox 807 3783 941 3870; x_wconf 78' lang='lat' dir='ltr'>Ipsi</span> <span class='ocrx_word' id='word_1_210' title='bbox 970 3779 1215 3844; x_wconf 80' lang='lat' dir='ltr'>animae</span> <span class='ocrx_word' id='word_1_211' title='bbox 1242 3790 1469 3837; x_wconf 75' lang='lat' dir='ltr'>sensus</span> <span class='ocrx_word' id='word_1_212' title='bbox 1507 3777 1598 3832; x_wconf 76' lang='lat' dir='ltr'>esc</span> <span class='ocrx_word' id='word_1_213' title='bbox 1639 3762 1909 3830; x_wconf 75' lang='lat' dir='ltr'>additus</span> <span class='ocrx_word' id='word_1_214' title='bbox 1953 3760 2082 3824; x_wconf 80' lang='lat' dir='ltr'>isla</span> <span class='ocrx_word' id='word_1_215' title='bbox 2126 3754 2346 3837; x_wconf 78' lang='lat' dir='ltr'>insus-</span> 
     </span>
     <span class='ocr_line' id='line_1_38' title="bbox 807 3874 2349 3985; baseline -0.021 -20"><span class='ocrx_word' id='word_1_216' title='bbox 807 3900 1104 3985; x_wconf 79' lang='lat' dir='ltr'>flalione,</span> <span class='ocrx_word' id='word_1_217' title='bbox 1140 3911 1286 3957; x_wconf 82' lang='lat' dir='ltr'>cum</span> <span class='ocrx_word' id='word_1_218' title='bbox 1324 3888 1543 3971; x_wconf 79' lang='lat' dir='ltr'>saccus</span> <span class='ocrx_word' id='word_1_219' title='bbox 1574 3894 1665 3946; x_wconf 80' lang='lat' dir='ltr'>esc</span> <span class='ocrx_word' id='word_1_220' title='bbox 1698 3880 1891 3944; x_wconf 78' lang='lat' dir='ltr'>homo</span> <span class='ocrx_word' id='word_1_221' title='bbox 1938 3878 2009 3941; x_wconf 84' lang='lat' dir='ltr'>in</span> <span class='ocrx_word' id='word_1_222' title='bbox 2048 3874 2349 3938; x_wconf 75' lang='lat' dir='ltr'>animam</span> 
     </span>
     <span class='ocr_line' id='line_1_39' title="bbox 806 3989 2348 4080; baseline -0.018 0"><span class='ocrx_word' id='word_1_223' title='bbox 806 4016 1154 4080; x_wconf 78' lang='lat' dir='ltr'>viventem.</span> <span class='ocrx_word' id='word_1_224' title='bbox 1202 4004 1304 4075; x_wconf 80' lang='lat' dir='ltr'>Et</span> <span class='ocrx_word' id='word_1_225' title='bbox 1355 4018 1514 4070; x_wconf 88' lang='lat' dir='ltr'>non</span> <span class='ocrx_word' id='word_1_226' title='bbox 1558 3993 1819 4065; x_wconf 83' lang='lat' dir='ltr'>Solum</span> <span class='ocrx_word' id='word_1_227' title='bbox 1861 3989 2033 4060; x_wconf 79' lang='lat' dir='ltr'>vita</span> <span class='ocrx_word' id='word_1_228' title='bbox 2065 3992 2145 4058; x_wconf 78' lang='lat' dir='ltr'>et</span> <span class='ocrx_word' id='word_1_229' title='bbox 2180 4005 2348 4055; x_wconf 82' lang='lat' dir='ltr'>scn-</span> 
     </span>
     <span class='ocr_line' id='line_1_40' title="bbox 810 4102 2346 4206; baseline -0.018 -7"><span class='ocrx_word' id='word_1_230' title='bbox 810 4148 975 4206; x_wconf 88' lang='lat' dir='ltr'>sus,</span> <span class='ocrx_word' id='word_1_231' title='bbox 1033 4121 1167 4194; x_wconf 88' lang='lat' dir='ltr'>sed</span> <span class='ocrx_word' id='word_1_232' title='bbox 1213 4118 1463 4191; x_wconf 90' lang='lat' dir='ltr'>ctiam</span> <span class='ocrx_word' id='word_1_233' title='bbox 1517 4110 1778 4183; x_wconf 91' lang='lat' dir='ltr'>omnis</span> <span class='ocrx_word' id='word_1_234' title='bbox 1839 4110 2070 4179; x_wconf 89' lang='lat' dir='ltr'>actus</span> <span class='ocrx_word' id='word_1_235' title='bbox 2131 4102 2346 4182; x_wconf 86' lang='lat' dir='ltr'>vitae,</span> 
     </span>
     <span class='ocr_line' id='line_1_41' title="bbox 809 4218 2353 4336; baseline -0.018 -21"><span class='ocrx_word' id='word_1_236' title='bbox 809 4242 943 4336; x_wconf 86' lang='lat' dir='ltr'>qui</span> <span class='ocrx_word' id='word_1_237' title='bbox 995 4239 1092 4310; x_wconf 88' lang='lat' dir='ltr'>ab</span> <span class='ocrx_word' id='word_1_238' title='bbox 1124 4235 1394 4309; x_wconf 88' lang='lat' dir='ltr'>anima</span> <span class='ocrx_word' id='word_1_239' title='bbox 1434 4224 1714 4301; x_wconf 88' lang='lat' dir='ltr'>haberi</span> <span class='ocrx_word' id='word_1_240' title='bbox 1748 4224 2041 4317; x_wconf 88' lang='lat' dir='ltr'>potest,</span> <span class='ocrx_word' id='word_1_241' title='bbox 2082 4219 2160 4290; x_wconf 92' lang='lat' dir='ltr'>in</span> <span class='ocrx_word' id='word_1_242' title='bbox 2196 4218 2353 4289; x_wconf 86' lang='lat' dir='ltr'>ista</span> 
     </span>
     <span class='ocr_line' id='line_1_42' title="bbox 810 4344 1902 4434; baseline -0.024 0"><span class='ocrx_word' id='word_1_243' title='bbox 810 4353 1358 4434; x_wconf 85' lang='lat' dir='ltr'>insufflatione</span> <span class='ocrx_word' id='word_1_244' title='bbox 1398 4345 1712 4418; x_wconf 87' lang='lat' dir='ltr'>infusus</span> <span class='ocrx_word' id='word_1_245' title='bbox 1754 4344 1902 4411; x_wconf 89' lang='lat' dir='ltr'>est.</span> 
     </span>
    </p>

    <p class='ocr_par' dir='ltr' id='par_1_18' title="bbox 813 4449 2366 5711">
     <span class='ocr_line' id='line_1_43' title="bbox 907 4449 2355 4545; baseline -0.019 -1"><span class='ocrx_word' id='word_1_246' title='bbox 907 4472 1181 4545; x_wconf 88' lang='lat' dir='ltr'>Movet</span> <span class='ocrx_word' id='word_1_247' title='bbox 1256 4486 1403 4536; x_wconf 87' lang='lat' dir='ltr'>nos</span> <span class='ocrx_word' id='word_1_248' title='bbox 1472 4462 1565 4533; x_wconf 87' lang='lat' dir='ltr'>ad</span> <span class='ocrx_word' id='word_1_249' title='bbox 1634 4457 1785 4527; x_wconf 86' lang='lat' dir='ltr'>hoc</span> <span class='ocrx_word' id='word_1_250' title='bbox 1854 4449 2355 4542; x_wconf 87' lang='lat' dir='ltr'>experimen·</span> 
     </span>
     <span class='ocr_line' id='line_1_44' title="bbox 813 4563 2357 4680; baseline -0.023 -14"><span class='ocrx_word' id='word_1_251' title='bbox 813 4598 1010 4672; x_wconf 82' lang='lat' dir='ltr'>tum,</span> <span class='ocrx_word' id='word_1_252' title='bbox 1047 4585 1235 4680; x_wconf 89' lang='lat' dir='ltr'>quia</span> <span class='ocrx_word' id='word_1_253' title='bbox 1264 4580 1623 4653; x_wconf 88' lang='lat' dir='ltr'>videmus</span> <span class='ocrx_word' id='word_1_254' title='bbox 1658 4571 1864 4664; x_wconf 84' lang='lat' dir='ltr'>quod</span> <span class='ocrx_word' id='word_1_255' title='bbox 1896 4567 2075 4639; x_wconf 58' lang='lat' dir='ltr'>aliae</span> <span class='ocrx_word' id='word_1_256' title='bbox 2108 4563 2357 4635; x_wconf 86' lang='lat' dir='ltr'>facul-</span> 
     </span>
     <span class='ocr_line' id='line_1_45' title="bbox 815 4683 2355 4784; baseline -0.023 -1"><span class='ocrx_word' id='word_1_257' title='bbox 815 4714 1029 4784; x_wconf 88' lang='lat' dir='ltr'>tates</span> <span class='ocrx_word' id='word_1_258' title='bbox 1072 4701 1360 4775; x_wconf 86' lang='lat' dir='ltr'>animae</span> <span class='ocrx_word' id='word_1_259' title='bbox 1409 4694 1486 4765; x_wconf 90' lang='lat' dir='ltr'>in</span> <span class='ocrx_word' id='word_1_260' title='bbox 1538 4690 1707 4763; x_wconf 91' lang='lat' dir='ltr'>suis</span> <span class='ocrx_word' id='word_1_261' title='bbox 1751 4683 2063 4759; x_wconf 88' lang='lat' dir='ltr'>actibus</span> <span class='ocrx_word' id='word_1_262' title='bbox 2109 4702 2196 4752; x_wconf 89' lang='lat' dir='ltr'>se</span> <span class='ocrx_word' id='word_1_263' title='bbox 2239 4700 2355 4750; x_wconf 89' lang='lat' dir='ltr'>re-</span> 
     </span>
     <span class='ocr_line' id='line_1_46' title="bbox 819 4804 2358 4901; baseline -0.022 -2"><span class='ocrx_word' id='word_1_264' title='bbox 819 4822 1192 4901; x_wconf 89' lang='lat' dir='ltr'>trahunt,</span> <span class='ocrx_word' id='word_1_265' title='bbox 1264 4817 1344 4886; x_wconf 90' lang='lat' dir='ltr'>et</span> <span class='ocrx_word' id='word_1_266' title='bbox 1412 4804 1889 4900; x_wconf 90' lang='lat' dir='ltr'>impediunt,</span> <span class='ocrx_word' id='word_1_267' title='bbox 1971 4804 2050 4872; x_wconf 89' lang='lat' dir='ltr'>et</span> <span class='ocrx_word' id='word_1_268' title='bbox 2126 4817 2358 4889; x_wconf 81' lang='lat' dir='ltr'>expe-</span> 
     </span>
     <span class='ocr_line' id='line_1_47' title="bbox 815 4914 2361 5024; baseline -0.021 -11"><span class='ocrx_word' id='word_1_269' title='bbox 815 4941 1068 5017; x_wconf 90' lang='lat' dir='ltr'>diunt,</span> <span class='ocrx_word' id='word_1_270' title='bbox 1141 4930 1347 5024; x_wconf 92' lang='lat' dir='ltr'>quod</span> <span class='ocrx_word' id='word_1_271' title='bbox 1412 4944 1573 4998; x_wconf 92' lang='lat' dir='ltr'>non</span> <span class='ocrx_word' id='word_1_272' title='bbox 1622 4924 1837 4992; x_wconf 89' lang='lat' dir='ltr'>esset</span> <span class='ocrx_word' id='word_1_273' title='bbox 1880 4917 2037 4988; x_wconf 83' lang='lat' dir='ltr'>nisi</span> <span class='ocrx_word' id='word_1_274' title='bbox 2082 4914 2162 4984; x_wconf 92' lang='lat' dir='ltr'>in</span> <span class='ocrx_word' id='word_1_275' title='bbox 2203 4930 2361 4982; x_wconf 88' lang='lat' dir='ltr'>una</span> 
     </span>
     <span class='ocr_line' id='line_1_48' title="bbox 819 5030 2359 5129; baseline -0.022 0"><span class='ocrx_word' id='word_1_276' title='bbox 819 5048 1281 5129; x_wconf 88' lang='lat' dir='ltr'>substantia</span> <span class='ocrx_word' id='word_1_277' title='bbox 1349 5042 1642 5115; x_wconf 81' lang='lat' dir='ltr'>animae</span> <span class='ocrx_word' id='word_1_278' title='bbox 1713 5030 2189 5105; x_wconf 83' lang='lat' dir='ltr'>radicaliter</span> <span class='ocrx_word' id='word_1_279' title='bbox 2244 5047 2359 5097; x_wconf 89' lang='lat' dir='ltr'>es-</span> 
     </span>
     <span class='ocr_line' id='line_1_49' title="bbox 820 5140 2360 5248; baseline -0.024 -1"><span class='ocrx_word' id='word_1_280' title='bbox 820 5174 1023 5246; x_wconf 89' lang='lat' dir='ltr'>sent.</span> <span class='ocrx_word' id='word_1_281' title='bbox 1070 5169 1301 5242; x_wconf 87' lang='lat' dir='ltr'>Item,</span> <span class='ocrx_word' id='word_1_282' title='bbox 1354 5154 1829 5248; x_wconf 80' lang='lat' dir='ltr'>experimur</span> <span class='ocrx_word' id='word_1_283' title='bbox 1871 5146 2077 5239; x_wconf 87' lang='lat' dir='ltr'>quod</span> <span class='ocrx_word' id='word_1_284' title='bbox 2118 5140 2360 5214; x_wconf 91' lang='lat' dir='ltr'>simul</span> 
     </span>
     <span class='ocr_line' id='line_1_50' title="bbox 822 5263 2363 5383; baseline -0.024 -18"><span class='ocrx_word' id='word_1_285' title='bbox 822 5285 1338 5383; x_wconf 81' lang='lat' dir='ltr'>separantur.</span> <span class='ocrx_word' id='word_1_286' title='bbox 1383 5271 1683 5350; x_wconf 88' lang='lat' dir='ltr'>Tertio,</span> <span class='ocrx_word' id='word_1_287' title='bbox 1730 5265 1945 5339; x_wconf 88' lang='lat' dir='ltr'>ratio</span> <span class='ocrx_word' id='word_1_288' title='bbox 1993 5263 2141 5333; x_wconf 85' lang='lat' dir='ltr'>hoc</span> <span class='ocrx_word' id='word_1_289' title='bbox 2187 5278 2363 5331; x_wconf 90' lang='lat' dir='ltr'>sua-</span> 
     </span>
     <span class='ocr_line' id='line_1_51' title="bbox 822 5377 2363 5493; baseline -0.024 -12"><span class='ocrx_word' id='word_1_290' title='bbox 822 5410 979 5486; x_wconf 87' lang='lat' dir='ltr'>det,</span> <span class='ocrx_word' id='word_1_291' title='bbox 1034 5418 1207 5493; x_wconf 83' lang='lat' dir='ltr'>quae</span> <span class='ocrx_word' id='word_1_292' title='bbox 1251 5390 1603 5466; x_wconf 84' lang='lat' dir='ltr'>sumitur</span> <span class='ocrx_word' id='word_1_293' title='bbox 1656 5377 2224 5477; x_wconf 84' lang='lat' dir='ltr'>principaliter</span> <span class='ocrx_word' id='word_1_294' title='bbox 2265 5394 2363 5446; x_wconf 79' lang='lat' dir='ltr'>ex</span> 
     </span>
     <span class='ocr_line' id='line_1_52' title="bbox 831 5494 2363 5595; baseline -0.023 1"><span class='ocrx_word' id='word_1_295' title='bbox 831 5520 1109 5595; x_wconf 85' lang='lat' dir='ltr'>ordine</span> <span class='ocrx_word' id='word_1_296' title='bbox 1192 5514 1644 5584; x_wconf 88' lang='lat' dir='ltr'>formarum</span> <span class='ocrx_word' id='word_1_297' title='bbox 1764 5503 1844 5572; x_wconf 90' lang='lat' dir='ltr'>et</span> <span class='ocrx_word' id='word_1_298' title='bbox 1916 5494 2363 5586; x_wconf 88' lang='lat' dir='ltr'>ligamento</span> 
     </span>
     <span class='ocr_line' id='line_1_53' title="bbox 830 5610 2366 5711; baseline -0.021 1"><span class='ocrx_word' id='word_1_299' title='bbox 830 5630 1221 5711; x_wconf 90' lang='lat' dir='ltr'>universi.</span> <span class='ocrx_word' id='word_1_300' title='bbox 1277 5627 1387 5699; x_wconf 87' lang='lat' dir='ltr'>Ad</span> <span class='ocrx_word' id='word_1_301' title='bbox 1437 5619 1668 5711; x_wconf 88' lang='lat' dir='ltr'>cujus</span> <span class='ocrx_word' id='word_1_302' title='bbox 1718 5612 2202 5688; x_wconf 86' lang='lat' dir='ltr'>evidentiam</span> <span class='ocrx_word' id='word_1_303' title='bbox 2243 5610 2366 5679; x_wconf 88' lang='lat' dir='ltr'>est</span> 
     </span>
    </p>
   </div>
   <div class='ocr_carea' id='block_1_18' title="bbox 1924 418 2770 510">
    <p class='ocr_par' dir='ltr' id='par_1_19' title="bbox 1924 418 2770 510">
     <span class='ocr_line' id='line_1_54' title="bbox 1924 418 2770 510; baseline -0.009 0"><span class='ocrx_word' id='word_1_304' title='bbox 1924 449 2024 510; x_wconf 84' lang='lat' dir='ltr'>DE</span> <span class='ocrx_word' id='word_1_305' title='bbox 2070 426 2336 510; x_wconf 71' lang='lat' dir='ltr'><strong>RERUM</strong></span> <span class='ocrx_word' id='word_1_306' title='bbox 2377 418 2770 504; x_wconf 71' lang='lat' dir='ltr'>rmN‘cirto</span> 
     </span>
    </p>
   </div>
   <div class='ocr_carea' id='block_1_19' title="bbox 2425 1045 4201 4254">
    <p class='ocr_par' dir='ltr' id='par_1_20' title="bbox 3660 1045 3954 1120">
     <span class='ocr_line' id='line_1_55' title="bbox 3660 1045 3954 1120; baseline -0.01 -1"><span class='ocrx_word' id='word_1_307' title='bbox 3660 1075 3675 1119; x_wconf 76' lang='grc' dir='ltr'>ε</span> <span class='ocrx_word' id='word_1_308' title='bbox 3724 1047 3855 1120; x_wconf 89' lang='lat' dir='ltr'>sed</span> <span class='ocrx_word' id='word_1_309' title='bbox 3893 1045 3954 1117; x_wconf 91' lang='lat' dir='ltr'>si</span> 
     </span>
    </p>

    <p class='ocr_par' dir='ltr' id='par_1_21' title="bbox 2425 1161 3955 1260">
     <span class='ocr_line' id='line_1_56' title="bbox 2425 1161 3955 1260; baseline -0.013 -7"><span class='ocrx_word' id='word_1_310' title='bbox 2425 1182 2620 1254; x_wconf 87' lang='lat' dir='ltr'>ordo</span> <span class='ocrx_word' id='word_1_311' title='bbox 2679 1173 3043 1249; x_wconf 89' lang='lat' dir='ltr'>universi</span> <span class='ocrx_word' id='word_1_312' title='bbox 3101 1170 3536 1260; x_wconf 85' lang='lat' dir='ltr'>diligenter</span> <span class='ocrx_word' id='word_1_313' title='bbox 3595 1161 3955 1256; x_wconf 85' lang='lat' dir='ltr'>inspicia-</span> 
     </span>
    </p>

    <p class='ocr_par' dir='ltr' id='par_1_22' title="bbox 2426 1281 3957 1385">
     <span class='ocr_line' id='line_1_57' title="bbox 2426 1281 3957 1385; baseline -0.013 -15"><span class='ocrx_word' id='word_1_314' title='bbox 2426 1303 2588 1377; x_wconf 90' lang='lat' dir='ltr'>tur,</span> <span class='ocrx_word' id='word_1_315' title='bbox 2649 1295 3188 1385; x_wconf 81' lang='lat' dir='ltr'>ligamentum</span> <span class='ocrx_word' id='word_1_316' title='bbox 3244 1287 3326 1360; x_wconf 92' lang='lat' dir='ltr'>in</span> <span class='ocrx_word' id='word_1_317' title='bbox 3378 1285 3619 1356; x_wconf 89' lang='lat' dir='ltr'>rebus</span> <span class='ocrx_word' id='word_1_318' title='bbox 3679 1281 3957 1373; x_wconf 90' lang='lat' dir='ltr'>imper-</span> 
     </span>
    </p>

    <p class='ocr_par' dir='ltr' id='par_1_23' title="bbox 2426 1401 3964 1497">
     <span class='ocr_line' id='line_1_58' title="bbox 2426 1401 3964 1497; baseline -0.013 -13"><span class='ocrx_word' id='word_1_319' title='bbox 2426 1408 2909 1483; x_wconf 84' lang='lat' dir='ltr'>fectioribus</span> <span class='ocrx_word' id='word_1_320' title='bbox 2944 1406 3033 1478; x_wconf 80' lang='lat' dir='ltr'>fit</span> <span class='ocrx_word' id='word_1_321' title='bbox 3070 1423 3214 1497; x_wconf 88' lang='lat' dir='ltr'>per</span> <span class='ocrx_word' id='word_1_322' title='bbox 3245 1401 3509 1495; x_wconf 89' lang='lat' dir='ltr'>plura,</span> <span class='ocrx_word' id='word_1_323' title='bbox 3546 1402 3628 1471; x_wconf 89' lang='lat' dir='ltr'>et</span> <span class='ocrx_word' id='word_1_324' title='bbox 3672 1416 3816 1489; x_wconf 89' lang='lat' dir='ltr'>per</span> <span class='ocrx_word' id='word_1_325' title='bbox 3846 1414 3964 1466; x_wconf 90' lang='lat' dir='ltr'>na-</span> 
     </span>
    </p>

    <p class='ocr_par' dir='ltr' id='par_1_24' title="bbox 2430 1517 4201 2318">
     <span class='ocr_line' id='line_1_59' title="bbox 2430 1517 4200 1614; baseline -0.012 -13"><span class='ocrx_word' id='word_1_326' title='bbox 2430 1534 2704 1603; x_wconf 87' lang='lat' dir='ltr'>turam</span> <span class='ocrx_word' id='word_1_327' title='bbox 2757 1523 3020 1614; x_wconf 91' lang='lat' dir='ltr'>magis</span> <span class='ocrx_word' id='word_1_328' title='bbox 3072 1517 3659 1593; x_wconf 87' lang='lat' dir='ltr'>universaliter</span> <span class='ocrx_word' id='word_1_329' title='bbox 3708 1533 3966 1604; x_wconf 85' lang='lat' dir='ltr'>sump-</span> <span class='ocrx_word' id='word_1_330' title='bbox 4199 1575 4200 1600; x_wconf 52' lang='grc'>,</span> 
     </span>
     <span class='ocr_line' id='line_1_60' title="bbox 2431 1615 4200 1733; baseline -0.014 -11"><span class='ocrx_word' id='word_1_331' title='bbox 2431 1653 2625 1722; x_wconf 88' lang='lat' dir='ltr'>tam.</span> <span class='ocrx_word' id='word_1_332' title='bbox 2676 1646 2777 1716; x_wconf 88' lang='lat' dir='ltr'>Et</span> <span class='ocrx_word' id='word_1_333' title='bbox 2806 1662 2904 1713; x_wconf 91' lang='lat' dir='ltr'>ne</span> <span class='ocrx_word' id='word_1_334' title='bbox 2940 1641 3320 1733; x_wconf 90' lang='lat' dir='ltr'>oporteat</span> <span class='ocrx_word' id='word_1_335' title='bbox 3349 1635 3446 1707; x_wconf 91' lang='lat' dir='ltr'>ad</span> <span class='ocrx_word' id='word_1_336' title='bbox 3488 1652 3767 1705; x_wconf 89' lang='lat' dir='ltr'>omnes</span> <span class='ocrx_word' id='word_1_337' title='bbox 3800 1648 3967 1720; x_wconf 89' lang='lat' dir='ltr'>gra·</span> <span class='ocrx_word' id='word_1_338' title='bbox 4199 1615 4200 1698; x_wconf 59' lang='lat' dir='ltr'>l</span> 
     </span>
     <span class='ocr_line' id='line_1_61' title="bbox 2430 1745 4200 1856; baseline -0.012 -23"><span class='ocrx_word' id='word_1_339' title='bbox 2430 1763 2575 1832; x_wconf 87' lang='lat' dir='ltr'>dus</span> <span class='ocrx_word' id='word_1_340' title='bbox 2630 1777 2918 1831; x_wconf 91' lang='lat' dir='ltr'>eorum</span> <span class='ocrx_word' id='word_1_341' title='bbox 2985 1752 3489 1856; x_wconf 72' lang='lat' dir='ltr'>descendere,</span> <span class='ocrx_word' id='word_1_342' title='bbox 3551 1746 3705 1819; x_wconf 89' lang='lat' dir='ltr'>hoc</span> <span class='ocrx_word' id='word_1_343' title='bbox 3758 1745 3968 1838; x_wconf 89' lang='lat' dir='ltr'>patet</span> <span class='ocrx_word' id='word_1_344' title='bbox 4199 1747 4200 1824; x_wconf 56' lang='lat'>1</span> 
     </span>
     <span class='ocr_line' id='line_1_62' title="bbox 2436 1829 4201 1967; baseline -0.011 -16"><span class='ocrx_word' id='word_1_345' title='bbox 2436 1880 2511 1950; x_wconf 91' lang='lat' dir='ltr'>in</span> <span class='ocrx_word' id='word_1_346' title='bbox 2592 1875 2853 1967; x_wconf 89' lang='lat' dir='ltr'>magis</span> <span class='ocrx_word' id='word_1_347' title='bbox 2922 1868 3404 1945; x_wconf 73' lang='lat' dir='ltr'>manifestis.</span> <span class='ocrx_word' id='word_1_348' title='bbox 3485 1864 3835 1937; x_wconf 83' lang='lat' dir='ltr'>Mixtum</span> <span class='ocrx_word' id='word_1_349' title='bbox 3899 1866 3971 1936; x_wconf 89' lang='lat' dir='ltr'>et</span> <span class='ocrx_word' id='word_1_350' title='bbox 4007 1829 4201 1924; x_wconf 53' lang='lat' dir='ltr'>Mirabilii1</span> 
     </span>
     <span class='ocr_line' id='line_1_63' title="bbox 2435 1927 4201 2088; baseline -0.015 -18"><span class='ocrx_word' id='word_1_351' title='bbox 2435 1993 3185 2088; x_wconf 83' lang='lat' dir='ltr'>complexionatum</span> <span class='ocrx_word' id='word_1_352' title='bbox 3246 1986 3557 2076; x_wconf 88' lang='lat' dir='ltr'>ligatur</span> <span class='ocrx_word' id='word_1_353' title='bbox 3613 2001 3798 2054; x_wconf 90' lang='lat' dir='ltr'>cum</span> <span class='ocrx_word' id='word_1_354' title='bbox 3855 1927 4201 2072; x_wconf 41' lang='lat' dir='ltr'>xre-milti?</span> 
     </span>
     <span class='ocr_line' id='line_1_64' title="bbox 2439 2074 4201 2207; baseline -0.013 -20"><span class='ocrx_word' id='word_1_355' title='bbox 2439 2113 2801 2207; x_wconf 87' lang='lat' dir='ltr'>getativo</span> <span class='ocrx_word' id='word_1_356' title='bbox 2854 2111 2932 2183; x_wconf 91' lang='lat' dir='ltr'>in</span> <span class='ocrx_word' id='word_1_357' title='bbox 2977 2106 3347 2180; x_wconf 89' lang='lat' dir='ltr'>omnibus</span> <span class='ocrx_word' id='word_1_358' title='bbox 3406 2101 3680 2174; x_wconf 87' lang='lat' dir='ltr'>herbis</span> <span class='ocrx_word' id='word_1_359' title='bbox 3732 2103 3814 2172; x_wconf 89' lang='lat' dir='ltr'>et</span> <span class='ocrx_word' id='word_1_360' title='bbox 3862 2118 3975 2169; x_wconf 88' lang='lat' dir='ltr'>ar·</span> <span class='ocrx_word' id='word_1_361' title='bbox 4016 2074 4201 2132; x_wconf 44' lang='lat' dir='ltr'>“mmm</span> 
     </span>
     <span class='ocr_line' id='line_1_65' title="bbox 2436 2213 3980 2318; baseline -0.011 -15"><span class='ocrx_word' id='word_1_362' title='bbox 2436 2230 2794 2310; x_wconf 77' lang='lat' dir='ltr'>boribuS,</span> <span class='ocrx_word' id='word_1_363' title='bbox 2858 2223 3414 2318; x_wconf 90' lang='lat' dir='ltr'>vegetativum</span> <span class='ocrx_word' id='word_1_364' title='bbox 3454 2239 3636 2292; x_wconf 94' lang='lat' dir='ltr'>cum</span> <span class='ocrx_word' id='word_1_365' title='bbox 3672 2213 3980 2290; x_wconf 89' lang='lat' dir='ltr'>sensiti-</span> 
     </span>
    </p>

    <p class='ocr_par' dir='ltr' id='par_1_25' title="bbox 2439 2332 4201 4254">
     <span class='ocr_line' id='line_1_66' title="bbox 2439 2332 3978 2437; baseline -0.012 -18"><span class='ocrx_word' id='word_1_366' title='bbox 2439 2367 2539 2418; x_wconf 89' lang='lat' dir='ltr'>vo</span> <span class='ocrx_word' id='word_1_367' title='bbox 2583 2345 2664 2417; x_wconf 95' lang='lat' dir='ltr'>in</span> <span class='ocrx_word' id='word_1_368' title='bbox 2696 2340 3245 2437; x_wconf 80' lang='lat' dir='ltr'>paucioribuS,</span> <span class='ocrx_word' id='word_1_369' title='bbox 3283 2336 3472 2430; x_wconf 89' lang='lat' dir='ltr'>quia</span> <span class='ocrx_word' id='word_1_370' title='bbox 3505 2335 3583 2407; x_wconf 94' lang='lat' dir='ltr'>in</span> <span class='ocrx_word' id='word_1_371' title='bbox 3618 2332 3795 2405; x_wconf 91' lang='lat' dir='ltr'>solo</span> <span class='ocrx_word' id='word_1_372' title='bbox 3832 2349 3978 2402; x_wconf 91' lang='lat' dir='ltr'>uno</span> 
     </span>
     <span class='ocr_line' id='line_1_67' title="bbox 2443 2448 3979 2554; baseline -0.014 -20"><span class='ocrx_word' id='word_1_373' title='bbox 2443 2481 2761 2554; x_wconf 89' lang='lat' dir='ltr'>genere,</span> <span class='ocrx_word' id='word_1_374' title='bbox 2837 2456 3150 2530; x_wconf 89' lang='lat' dir='ltr'>scilicet</span> <span class='ocrx_word' id='word_1_375' title='bbox 3203 2453 3282 2526; x_wconf 94' lang='lat' dir='ltr'>in</span> <span class='ocrx_word' id='word_1_376' title='bbox 3342 2448 3681 2523; x_wconf 91' lang='lat' dir='ltr'>animali</span> <span class='ocrx_word' id='word_1_377' title='bbox 3724 2472 3739 2528; x_wconf 91' lang='lat'><em>;</em></span> <span class='ocrx_word' id='word_1_378' title='bbox 3790 2463 3979 2535; x_wconf 89' lang='lat' dir='ltr'>ergo</span> 
     </span>
     <span class='ocr_line' id='line_1_68' title="bbox 2446 2562 3983 2664; baseline -0.013 -14"><span class='ocrx_word' id='word_1_379' title='bbox 2446 2576 2952 2654; x_wconf 91' lang='lat' dir='ltr'>sensitivum,</span> <span class='ocrx_word' id='word_1_380' title='bbox 3002 2571 3208 2664; x_wconf 88' lang='lat' dir='ltr'>quod</span> <span class='ocrx_word' id='word_1_381' title='bbox 3238 2571 3360 2641; x_wconf 91' lang='lat' dir='ltr'>est</span> <span class='ocrx_word' id='word_1_382' title='bbox 3394 2566 3578 2638; x_wconf 88' lang='lat' dir='ltr'>finis</span> <span class='ocrx_word' id='word_1_383' title='bbox 3614 2562 3983 2638; x_wconf 90' lang='lat' dir='ltr'>intrinse-</span> 
     </span>
     <span class='ocr_line' id='line_1_69' title="bbox 2446 2679 3985 2779; baseline -0.012 -11"><span class='ocrx_word' id='word_1_384' title='bbox 2446 2717 2588 2768; x_wconf 89' lang='lat' dir='ltr'>cus</span> <span class='ocrx_word' id='word_1_385' title='bbox 2629 2697 2973 2772; x_wconf 59' lang='lat' dir='ltr'>naturai,</span> <span class='ocrx_word' id='word_1_386' title='bbox 3029 2689 3339 2779; x_wconf 89' lang='lat' dir='ltr'>ligatur</span> <span class='ocrx_word' id='word_1_387' title='bbox 3386 2705 3574 2758; x_wconf 92' lang='lat' dir='ltr'>cum</span> <span class='ocrx_word' id='word_1_388' title='bbox 3633 2679 3985 2755; x_wconf 88' lang='lat' dir='ltr'>intellec-</span> 
     </span>
     <span class='ocr_line' id='line_1_70' title="bbox 2449 2793 3986 2892; baseline -0.012 -8"><span class='ocrx_word' id='word_1_389' title='bbox 2449 2812 2642 2892; x_wconf 90' lang='lat' dir='ltr'>tivo,</span> <span class='ocrx_word' id='word_1_390' title='bbox 2706 2830 2866 2881; x_wconf 91' lang='lat' dir='ltr'>non</span> <span class='ocrx_word' id='word_1_391' title='bbox 2927 2808 3005 2880; x_wconf 92' lang='lat' dir='ltr'>in</span> <span class='ocrx_word' id='word_1_392' title='bbox 3048 2808 3223 2879; x_wconf 90' lang='lat' dir='ltr'>toto</span> <span class='ocrx_word' id='word_1_393' title='bbox 3274 2823 3432 2875; x_wconf 91' lang='lat' dir='ltr'>uno</span> <span class='ocrx_word' id='word_1_394' title='bbox 3476 2819 3799 2892; x_wconf 88' lang='lat' dir='ltr'>genere,</span> <span class='ocrx_word' id='word_1_395' title='bbox 3863 2793 3986 2867; x_wconf 88' lang='lat' dir='ltr'>sed</span> 
     </span>
     <span class='ocr_line' id='line_1_71' title="bbox 2451 2910 3987 3014; baseline -0.013 -13"><span class='ocrx_word' id='word_1_396' title='bbox 2451 2929 2528 3000; x_wconf 91' lang='lat' dir='ltr'>in</span> <span class='ocrx_word' id='word_1_397' title='bbox 2579 2930 2759 3000; x_wconf 91' lang='lat' dir='ltr'>tota</span> <span class='ocrx_word' id='word_1_398' title='bbox 2810 2943 2968 2994; x_wconf 90' lang='lat' dir='ltr'>una</span> <span class='ocrx_word' id='word_1_399' title='bbox 3021 2921 3311 3014; x_wconf 89' lang='lat' dir='ltr'>specie,</span> <span class='ocrx_word' id='word_1_400' title='bbox 3369 2916 3684 2990; x_wconf 90' lang='lat' dir='ltr'>scilicet</span> <span class='ocrx_word' id='word_1_401' title='bbox 3735 2914 3817 2986; x_wconf 93' lang='lat' dir='ltr'>in</span> <span class='ocrx_word' id='word_1_402' title='bbox 3861 2910 3987 2982; x_wconf 87' lang='lat' dir='ltr'>ho·</span> 
     </span>
     <span class='ocr_line' id='line_1_72' title="bbox 2451 3030 3989 3128; baseline -0.013 -11"><span class='ocrx_word' id='word_1_403' title='bbox 2451 3044 2687 3116; x_wconf 91' lang='lat' dir='ltr'>mine.</span> <span class='ocrx_word' id='word_1_404' title='bbox 2759 3039 3063 3113; x_wconf 86' lang='lat' dir='ltr'>Videtis</span> <span class='ocrx_word' id='word_1_405' title='bbox 3132 3055 3330 3128; x_wconf 90' lang='lat' dir='ltr'>ergo</span> <span class='ocrx_word' id='word_1_406' title='bbox 3400 3032 3608 3126; x_wconf 89' lang='lat' dir='ltr'>quod</span> <span class='ocrx_word' id='word_1_407' title='bbox 3677 3031 3757 3103; x_wconf 92' lang='lat' dir='ltr'>in</span> <span class='ocrx_word' id='word_1_408' title='bbox 3818 3030 3989 3103; x_wconf 88' lang='lat' dir='ltr'>toto</span> 
     </span>
     <span class='ocr_line' id='line_1_73' title="bbox 2451 3151 3991 3250; baseline -0.013 -17"><span class='ocrx_word' id='word_1_409' title='bbox 2451 3161 2836 3234; x_wconf 90' lang='lat' dir='ltr'>universo</span> <span class='ocrx_word' id='word_1_410' title='bbox 2873 3175 3254 3250; x_wconf 86' lang='lat' dir='ltr'>suprema</span> <span class='ocrx_word' id='word_1_411' title='bbox 3300 3151 3795 3229; x_wconf 90' lang='lat' dir='ltr'>infimorum,</span> <span class='ocrx_word' id='word_1_412' title='bbox 3840 3161 3991 3216; x_wconf 90' lang='lat' dir='ltr'>non</span> 
     </span>
     <span class='ocr_line' id='line_1_74' title="bbox 2455 3268 3988 3351; baseline -0.013 0"><span class='ocrx_word' id='word_1_413' title='bbox 2455 3277 2890 3351; x_wconf 91' lang='lat' dir='ltr'>secundum</span> <span class='ocrx_word' id='word_1_414' title='bbox 2949 3277 3214 3347; x_wconf 92' lang='lat' dir='ltr'>totum</span> <span class='ocrx_word' id='word_1_415' title='bbox 3274 3268 3670 3341; x_wconf 89' lang='lat' dir='ltr'>ambitum</span> <span class='ocrx_word' id='word_1_416' title='bbox 3732 3280 3988 3341; x_wconf 86' lang='lat' dir='ltr'>suum,</span> 
     </span>
     <span class='ocr_line' id='line_1_75' title="bbox 2455 3382 3996 3483; baseline -0.011 -20"><span class='ocrx_word' id='word_1_417' title='bbox 2455 3393 2824 3483; x_wconf 87' lang='lat' dir='ltr'>ligantur</span> <span class='ocrx_word' id='word_1_418' title='bbox 2909 3409 3093 3463; x_wconf 91' lang='lat' dir='ltr'>cum</span> <span class='ocrx_word' id='word_1_419' title='bbox 3192 3382 3490 3455; x_wconf 83' lang='lat' dir='ltr'>infimis</span> <span class='ocrx_word' id='word_1_420' title='bbox 3577 3394 3996 3472; x_wconf 89' lang='lat' dir='ltr'>supremo-</span> 
     </span>
     <span class='ocr_line' id='line_1_76' title="bbox 2459 3491 3996 3599; baseline -0.015 -16"><span class='ocrx_word' id='word_1_421' title='bbox 2459 3530 2640 3583; x_wconf 88' lang='lat' dir='ltr'>rum</span> <span class='ocrx_word' id='word_1_422' title='bbox 2694 3534 2709 3577; x_wconf 90' lang='lat'>:</span> <span class='ocrx_word' id='word_1_423' title='bbox 2767 3508 2845 3579; x_wconf 93' lang='lat' dir='ltr'>in</span> <span class='ocrx_word' id='word_1_424' title='bbox 2907 3502 3272 3599; x_wconf 89' lang='lat' dir='ltr'>pluribus</span> <span class='ocrx_word' id='word_1_425' title='bbox 3339 3498 3554 3571; x_wconf 91' lang='lat' dir='ltr'>enim</span> <span class='ocrx_word' id='word_1_426' title='bbox 3613 3497 3736 3567; x_wconf 91' lang='lat' dir='ltr'>est</span> <span class='ocrx_word' id='word_1_427' title='bbox 3802 3491 3996 3563; x_wconf 80' lang='lat' dir='ltr'>mix-</span> 
     </span>
     <span class='ocr_line' id='line_1_77' title="bbox 2458 3615 4000 3715; baseline -0.014 -16"><span class='ocrx_word' id='word_1_428' title='bbox 2458 3632 2632 3702; x_wconf 91' lang='lat' dir='ltr'>tum</span> <span class='ocrx_word' id='word_1_429' title='bbox 2677 3643 2917 3715; x_wconf 86' lang='lat' dir='ltr'>quam</span> <span class='ocrx_word' id='word_1_430' title='bbox 2985 3615 3760 3710; x_wconf 81' lang='lat' dir='ltr'>complexionatum,</span> <span class='ocrx_word' id='word_1_431' title='bbox 3800 3626 4000 3681; x_wconf 92' lang='lat' dir='ltr'>com·</span> 
     </span>
     <span class='ocr_line' id='line_1_78' title="bbox 2461 3724 3996 3835; baseline -0.014 -22"><span class='ocrx_word' id='word_1_432' title='bbox 2461 3739 3021 3835; x_wconf 82' lang='lat' dir='ltr'>plexionatum</span> <span class='ocrx_word' id='word_1_433' title='bbox 3092 3752 3333 3825; x_wconf 88' lang='lat' dir='ltr'>quam</span> <span class='ocrx_word' id='word_1_434' title='bbox 3415 3724 3996 3818; x_wconf 87' lang='lat' dir='ltr'>vegetativum,</span> 
     </span>
     <span class='ocr_line' id='line_1_79' title="bbox 2461 3840 4000 3944; baseline -0.014 -15"><span class='ocrx_word' id='word_1_435' title='bbox 2461 3861 2540 3929; x_wconf 90' lang='lat' dir='ltr'>et</span> <span class='ocrx_word' id='word_1_436' title='bbox 2615 3851 3167 3944; x_wconf 89' lang='lat' dir='ltr'>vegetativum</span> <span class='ocrx_word' id='word_1_437' title='bbox 3211 3864 3451 3938; x_wconf 86' lang='lat' dir='ltr'>quam</span> <span class='ocrx_word' id='word_1_438' title='bbox 3493 3840 4000 3915; x_wconf 88' lang='lat' dir='ltr'>sensitivum.</span> 
     </span>
     <span class='ocr_line' id='line_1_80' title="bbox 2464 3946 4201 4055; baseline -0.013 -11"><span class='ocrx_word' id='word_1_439' title='bbox 2464 3975 2564 4044; x_wconf 79' lang='lat' dir='ltr'>Et</span> <span class='ocrx_word' id='word_1_440' title='bbox 2606 3969 2756 4041; x_wconf 89' lang='lat' dir='ltr'>hoc</span> <span class='ocrx_word' id='word_1_441' title='bbox 2799 3971 2924 4040; x_wconf 90' lang='lat' dir='ltr'>est</span> <span class='ocrx_word' id='word_1_442' title='bbox 2976 3963 3297 4055; x_wconf 89' lang='lat' dir='ltr'>signum</span> <span class='ocrx_word' id='word_1_443' title='bbox 3349 3958 3554 4052; x_wconf 88' lang='lat' dir='ltr'>quod</span> <span class='ocrx_word' id='word_1_444' title='bbox 3607 3952 4004 4051; x_wconf 87' lang='lat' dir='ltr'>perfectio</span> <span class='ocrx_word' id='word_1_445' title='bbox 4069 3946 4201 4033; x_wconf 59' lang='grc' dir='ltr'>ΕΜ</span> 
     </span>
     <span class='ocr_line' id='line_1_81' title="bbox 2464 4013 4201 4254; baseline -0.013 -95"><span class='ocrx_word' id='word_1_446' title='bbox 2464 4083 2825 4159; x_wconf 87' lang='lat' dir='ltr'>universi</span> <span class='ocrx_word' id='word_1_447' title='bbox 2892 4081 3129 4153; x_wconf 85' lang='lat' dir='ltr'>habet</span> <span class='ocrx_word' id='word_1_448' title='bbox 3196 4074 3710 4151; x_wconf 87' lang='lat' dir='ltr'>latitudinem</span> <span class='ocrx_word' id='word_1_449' title='bbox 3759 4070 4001 4146; x_wconf 90' lang='lat' dir='ltr'>basis,</span> <span class='ocrx_word' id='word_1_450' title='bbox 4027 4013 4201 4254; x_wconf 41' lang='lat'>⁰2³&amp;</span> 
     </span>
    </p>
   </div>
   <div class='ocr_carea' id='block_1_20' title="bbox 2464 4186 4144 4286">
    <p class='ocr_par' dir='ltr' id='par_1_26' title="bbox 2464 4186 4144 4286">
     <span class='ocr_line' id='line_1_82' title="bbox 2464 4186 4144 4286; baseline -0.01 -10"><span class='ocrx_word' id='word_1_451' title='bbox 2464 4208 2540 4275; x_wconf 90' lang='lat' dir='ltr'>et</span> <span class='ocrx_word' id='word_1_452' title='bbox 2582 4200 2836 4275; x_wconf 90' lang='lat' dir='ltr'>tendit</span> <span class='ocrx_word' id='word_1_453' title='bbox 2870 4200 2949 4270; x_wconf 90' lang='lat' dir='ltr'>in</span> <span class='ocrx_word' id='word_1_454' title='bbox 2980 4215 3300 4275; x_wconf 89' lang='lat' dir='ltr'>conum,</span> <span class='ocrx_word' id='word_1_455' title='bbox 3347 4192 3580 4286; x_wconf 89' lang='lat' dir='ltr'>cujus</span> <span class='ocrx_word' id='word_1_456' title='bbox 3614 4186 4004 4283; x_wconf 86' lang='lat' dir='ltr'>perfectio</span> <span class='ocrx_word' id='word_1_457' title='bbox 4029 4222 4144 4264; x_wconf 75' lang='lat' dir='ltr'>uter</span> 
     </span>
    </p>
   </div>
   <div class='ocr_carea' id='block_1_21' title="bbox 2467 4254 4201 4405">
    <p class='ocr_par' dir='ltr' id='par_1_27' title="bbox 2467 4254 4201 4405">
     <span class='ocr_line' id='line_1_83' title="bbox 2467 4254 4201 4405; baseline -0.01 -11"><span class='ocrx_word' id='word_1_458' title='bbox 2467 4317 2964 4394; x_wconf 84' lang='lat' dir='ltr'>terminatur</span> <span class='ocrx_word' id='word_1_459' title='bbox 2996 4314 3075 4385; x_wconf 90' lang='lat' dir='ltr'>in</span> <span class='ocrx_word' id='word_1_460' title='bbox 3110 4314 3406 4405; x_wconf 90' lang='lat' dir='ltr'>puncto</span> <span class='ocrx_word' id='word_1_461' title='bbox 3459 4307 3786 4379; x_wconf 90' lang='lat' dir='ltr'>unionis</span> <span class='ocrx_word' id='word_1_462' title='bbox 3837 4321 4004 4375; x_wconf 88' lang='lat' dir='ltr'>ver·</span> <span class='ocrx_word' id='word_1_463' title='bbox 4070 4254 4201 4387; x_wconf 53' lang='lat' dir='ltr'>,w</span> 
     </span>
    </p>
   </div>
   <div class='ocr_carea' id='block_1_22' title="bbox 2466 4384 4201 5680">
    <p class='ocr_par' dir='ltr' id='par_1_28' title="bbox 2466 4384 4201 5680">
     <span class='ocr_line' id='line_1_84' title="bbox 2466 4384 4201 4512; baseline -0.014 -3"><span class='ocrx_word' id='word_1_464' title='bbox 2466 4436 2544 4507; x_wconf 90' lang='lat' dir='ltr'>bi</span> <span class='ocrx_word' id='word_1_465' title='bbox 2593 4434 2737 4508; x_wconf 90' lang='lat' dir='ltr'>Dei</span> <span class='ocrx_word' id='word_1_466' title='bbox 2779 4433 2874 4505; x_wconf 88' lang='lat' dir='ltr'>ad</span> <span class='ocrx_word' id='word_1_467' title='bbox 2916 4431 3354 4501; x_wconf 88' lang='lat' dir='ltr'>humanam</span> <span class='ocrx_word' id='word_1_468' title='bbox 3405 4429 3817 4499; x_wconf 87' lang='lat' dir='ltr'>naturam.</span> <span class='ocrx_word' id='word_1_469' title='bbox 3866 4422 4007 4492; x_wconf 86' lang='lat' dir='ltr'>Pa·</span> <span class='ocrx_word' id='word_1_470' title='bbox 4031 4384 4201 4512; x_wconf 49' lang='lat' dir='ltr'>affigat</span> 
     </span>
     <span class='ocr_line' id='line_1_85' title="bbox 2467 4456 4201 4639; baseline -0.014 -13"><span class='ocrx_word' id='word_1_471' title='bbox 2467 4556 2585 4626; x_wconf 89' lang='lat' dir='ltr'>tet</span> <span class='ocrx_word' id='word_1_472' title='bbox 2626 4550 2874 4625; x_wconf 85' lang='lat' dir='ltr'>etiam</span> <span class='ocrx_word' id='word_1_473' title='bbox 2924 4546 3130 4639; x_wconf 90' lang='lat' dir='ltr'>quod</span> <span class='ocrx_word' id='word_1_474' title='bbox 3185 4541 3659 4614; x_wconf 89' lang='lat' dir='ltr'>universum</span> <span class='ocrx_word' id='word_1_475' title='bbox 3712 4556 3878 4610; x_wconf 90' lang='lat' dir='ltr'>non</span> <span class='ocrx_word' id='word_1_476' title='bbox 3922 4532 4006 4604; x_wconf 93' lang='lat' dir='ltr'>li-</span> <span class='ocrx_word' id='word_1_477' title='bbox 4052 4456 4201 4635; x_wconf 55' lang='grc' dir='ltr'>’ζξΰῖἐ</span> 
     </span>
     <span class='ocr_line' id='line_1_86' title="bbox 2470 4658 4200 4761; baseline -0.013 -20"><span class='ocrx_word' id='word_1_478' title='bbox 2470 4673 2715 4761; x_wconf 87' lang='lat' dir='ltr'>gatur</span> <span class='ocrx_word' id='word_1_479' title='bbox 2793 4665 2871 4737; x_wconf 90' lang='lat' dir='ltr'>in</span> <span class='ocrx_word' id='word_1_480' title='bbox 2940 4659 3435 4735; x_wconf 90' lang='lat' dir='ltr'>ascendendo</span> <span class='ocrx_word' id='word_1_481' title='bbox 3516 4674 3661 4747; x_wconf 91' lang='lat' dir='ltr'>per</span> <span class='ocrx_word' id='word_1_482' title='bbox 3729 4670 4006 4725; x_wconf 90' lang='lat' dir='ltr'>omnes</span> <span class='ocrx_word' id='word_1_483' title='bbox 4199 4658 4200 4707; x_wconf 63' lang='lat' dir='ltr'>l</span> 
     </span>
     <span class='ocr_line' id='line_1_87' title="bbox 2472 4770 4200 4875; baseline -0.014 -16"><span class='ocrx_word' id='word_1_484' title='bbox 2472 4807 2658 4859; x_wconf 85' lang='lat' dir='ltr'>suas</span> <span class='ocrx_word' id='word_1_485' title='bbox 2711 4781 3045 4875; x_wconf 90' lang='lat' dir='ltr'>species,</span> <span class='ocrx_word' id='word_1_486' title='bbox 3107 4777 3239 4849; x_wconf 90' lang='lat' dir='ltr'>sed</span> <span class='ocrx_word' id='word_1_487' title='bbox 3287 4795 3432 4868; x_wconf 91' lang='lat' dir='ltr'>per</span> <span class='ocrx_word' id='word_1_488' title='bbox 3474 4770 4009 4866; x_wconf 87' lang='lat' dir='ltr'>perfectiores</span> <span class='ocrx_word' id='word_1_489' title='bbox 4199 4784 4200 4791; x_wconf 52' lang='lat'>¹</span> 
     </span>
     <span class='ocr_line' id='line_1_88' title="bbox 2473 4888 4010 4996; baseline -0.014 -21"><span class='ocrx_word' id='word_1_490' title='bbox 2473 4905 2750 4996; x_wconf 87' lang='lat' dir='ltr'>partes</span> <span class='ocrx_word' id='word_1_491' title='bbox 2823 4917 3011 4968; x_wconf 89' lang='lat' dir='ltr'>suas</span> <span class='ocrx_word' id='word_1_492' title='bbox 3082 4919 3096 4965; x_wconf 91' lang='lat'>:</span> <span class='ocrx_word' id='word_1_493' title='bbox 3180 4892 3380 4964; x_wconf 88' lang='lat' dir='ltr'>unde</span> <span class='ocrx_word' id='word_1_494' title='bbox 3456 4888 4010 4980; x_wconf 86' lang='lat' dir='ltr'>vegetativum</span> 
     </span>
     <span class='ocr_line' id='line_1_89' title="bbox 2471 5006 4014 5109; baseline -0.014 -18"><span class='ocrx_word' id='word_1_495' title='bbox 2471 5019 2782 5109; x_wconf 89' lang='lat' dir='ltr'>ligatur</span> <span class='ocrx_word' id='word_1_496' title='bbox 2821 5030 3001 5085; x_wconf 90' lang='lat' dir='ltr'>cum</span> <span class='ocrx_word' id='word_1_497' title='bbox 3045 5006 3462 5087; x_wconf 88' lang='lat' dir='ltr'>sensitivo,</span> <span class='ocrx_word' id='word_1_498' title='bbox 3506 5024 3670 5076; x_wconf 90' lang='lat' dir='ltr'>non</span> <span class='ocrx_word' id='word_1_499' title='bbox 3711 5022 3862 5095; x_wconf 89' lang='lat' dir='ltr'>per</span> <span class='ocrx_word' id='word_1_500' title='bbox 3900 5020 4014 5072; x_wconf 90' lang='lat' dir='ltr'>es-</span> 
     </span>
     <span class='ocr_line' id='line_1_90' title="bbox 2473 5115 4018 5223; baseline -0.014 -15"><span class='ocrx_word' id='word_1_501' title='bbox 2473 5157 2556 5209; x_wconf 89' lang='lat' dir='ltr'>se</span> <span class='ocrx_word' id='word_1_502' title='bbox 2595 5129 3173 5223; x_wconf 90' lang='lat' dir='ltr'>vegetativum,</span> <span class='ocrx_word' id='word_1_503' title='bbox 3220 5122 3354 5195; x_wconf 90' lang='lat' dir='ltr'>sed</span> <span class='ocrx_word' id='word_1_504' title='bbox 3402 5140 3549 5214; x_wconf 88' lang='lat' dir='ltr'>per</span> <span class='ocrx_word' id='word_1_505' title='bbox 3592 5115 4018 5213; x_wconf 90' lang='lat' dir='ltr'>perfectio-</span> 
     </span>
     <span class='ocr_line' id='line_1_91' title="bbox 2476 5229 4019 5339; baseline -0.017 -14"><span class='ocrx_word' id='word_1_506' title='bbox 2476 5273 2570 5325; x_wconf 90' lang='lat' dir='ltr'>ra</span> <span class='ocrx_word' id='word_1_507' title='bbox 2600 5244 3089 5339; x_wconf 88' lang='lat' dir='ltr'>vegetativa‚</span> <span class='ocrx_word' id='word_1_508' title='bbox 3126 5236 3583 5332; x_wconf 89' lang='lat' dir='ltr'>cujusmodi</span> <span class='ocrx_word' id='word_1_509' title='bbox 3642 5238 3832 5309; x_wconf 90' lang='lat' dir='ltr'>sunt</span> <span class='ocrx_word' id='word_1_510' title='bbox 3863 5229 4019 5304; x_wconf 85' lang='lat' dir='ltr'>ani-</span> 
     </span>
     <span class='ocr_line' id='line_1_92' title="bbox 2477 5367 4200 5443; baseline -0.017 0"><span class='ocrx_word' id='word_1_511' title='bbox 2477 5367 2746 5443; x_wconf 85' lang='lat' dir='ltr'>malia..</span> <span class='ocrx_word' id='word_1_512' title='bbox 4199 5422 4200 5429; x_wconf 7' lang='grc' dir='ltr'>ἵ</span> 
     </span>
     <span class='ocr_line' id='line_1_93' title="bbox 2565 5470 4201 5568; baseline -0.017 -13"><span class='ocrx_word' id='word_1_513' title='bbox 2565 5485 2686 5555; x_wconf 77' lang='lat' dir='ltr'>Ex</span> <span class='ocrx_word' id='word_1_514' title='bbox 2722 5478 2903 5552; x_wconf 87' lang='lat' dir='ltr'>istis</span> <span class='ocrx_word' id='word_1_515' title='bbox 2939 5476 3184 5568; x_wconf 65' lang='lat' dir='ltr'>patst,</span> <span class='ocrx_word' id='word_1_516' title='bbox 3216 5470 3422 5563; x_wconf 89' lang='lat' dir='ltr'>quod</span> <span class='ocrx_word' id='word_1_517' title='bbox 3440 5484 3854 5559; x_wconf 86' lang='lat' dir='ltr'>nunquam</span> <span class='ocrx_word' id='word_1_518' title='bbox 3885 5478 4013 5531; x_wconf 87' lang='lat' dir='ltr'>na·</span> <span class='ocrx_word' id='word_1_519' title='bbox 4135 5472 4201 5521; x_wconf 53' lang='lat'>2⁴³</span> 
     </span>
     <span class='ocr_line' id='line_1_94' title="bbox 2476 5556 4200 5680; baseline -0.018 -6"><span class='ocrx_word' id='word_1_520' title='bbox 2476 5605 2667 5675; x_wconf 89' lang='lat' dir='ltr'>tura</span> <span class='ocrx_word' id='word_1_521' title='bbox 2709 5592 3054 5668; x_wconf 90' lang='lat' dir='ltr'>inferior</span> <span class='ocrx_word' id='word_1_522' title='bbox 3083 5589 3395 5680; x_wconf 86' lang='lat' dir='ltr'>ligatur</span> <span class='ocrx_word' id='word_1_523' title='bbox 3427 5579 3841 5677; x_wconf 88' lang='lat' dir='ltr'>superiori</span> <span class='ocrx_word' id='word_1_524' title='bbox 3874 5593 4013 5670; x_wconf 88' lang='lat' dir='ltr'>per</span> <span class='ocrx_word' id='word_1_525' title='bbox 4199 5556 4200 5561; x_wconf 28' lang='lat'>¹</span> 
     </span>
    </p>
   </div>
   <div class='ocr_carea' id='block_1_23' title="bbox 4191 2699 4208 3765">
    <p class='ocr_par' dir='ltr' id='par_1_29' title="bbox 4191 2699 4208 3765">
     <span class='ocr_line' id='line_1_95' title="bbox 4191 2699 4208 3765; baseline 0 0"><span class='ocrx_word' id='word_1_526' title='bbox 4191 2699 4208 3765; x_wconf 95' lang='lat' dir='ltr'> </span> 
     </span>
    </p>
   </div>
  </div>
 </body>
</html>
