4252 6393
1756 401 2118 478 QUAEsTlo
2165 402 2270 465 Xll

870 778 1295 837 ARTlCULUS
1372 778 1468 834 lv.

406 958 637 1024 Utrum
669 959 917 1025 animm
947 959 1292 1024 brutorum
1322 960 1460 1024 sint
1501 970 1651 1027 totcc
1680 961 1753 1026 in
1785 981 1950 1047 qna-

767 1076 922 1142 libet
975 1087 1171 1163 parte
1228 1076 1531 1162 corporis
1552 1076 1584 1142 ‚⁹

228 1343 288 1394 ἢ
484 1276 603 1347 Dc
671 1274 949 1347 anima
1027 1274 1417 1348 sensitiva
1484 1274 1944 1357 brutorum,

143 1394 686 1517 dfssffimn'utmm
753 1395 931 1465 tota
974 1391 1078 1465 sit
1148 1392 1230 1464 in
1282 1391 1638 1485 qualibet
1687 1394 1942 1483 parte,

136 1534 347 1592 aeroma
409 1505 679 1579 dicunt
722 1507 974 1600 aliqui
1041 1509 1249 1600 quod
1316 1528 1499 1590 non,
1566 1507 1752 1599 quia
1824 1508 1947 1578 cst

130 1596 365 1643 brutorum.

140 1660 288 1708 mma
412 1624 680 1696 forma
764 1628 1101 1698 extensa
1170 1645 1316 1718 per
1388 1625 1948 1699 extensionem

138 1721 324 1845 q‘ffl‘ssss„
406 1741 808 1834 corporis,
847 1741 1069 1815 etsie
1102 1743 1425 1816 esttota
1459 1742 1540 1814 in
1570 1745 1774 1823 toto,
1814 1741 1946 1814 scd

120 1846 361 1957 ἀζέξξὸξξζξ
399 1879 558 1932 non
629 1862 805 1933 tota
887 1857 966 1930 in
1044 1857 1403 1951 qualibet
1510 1861 1769 1951 parte.
1848 1859 1945 1929 Et

117 1969 348 2098 ξῗῗξξζχῑὲ·
401 1975 616 2068 quia,
652 1979 740 2049 ut
779 1974 1078 2057 dicunt,
1126 1975 1496 2067 quamvis
1530 1975 1634 2047 sit
1678 1975 1945 2047 forma

117 2095 372 2222 fffifftigffi
401 2096 767 2172 extensa,
824 2095 947 2164 est
982 2091 1336 2165 nobilior
1378 2092 1592 2165 inter
1634 2092 1943 2164 formas

119 2236 153 2282 q.
190 2221 357 2272 amma.
399 2212 809 2288 extensas,
847 2206 1147 2280 habens
1202 2208 1628 2300 quamdam
1672 2209 1942 2281 totali·

397 2329 655 2402 tatem
729 2345 870 2417 per
932 2325 1326 2406 accidens,
1403 2324 1609 2398 sieut
1674 2330 1939 2399 totum

390 2461 691 2534 corpus
728 2461 871 2534 per
903 2444 1363 2534 se,proptcr
1388 2461 1629 2533 quam
1662 2442 1937 2515 totali-

385 2560 646 2630 tatem
679 2556 828 2629 sibi
865 2577 1164 2650 corpus
1205 2560 1498 2637 totum,
1551 2561 1636 2630 ut
1684 2562 1934 2631 mate-

388 2674 600 2747 riam
645 2675 1149 2767 adaequatam
1186 2675 1698 2756 determinat,
1757 2675 1930 2748 ideo

386 2794 730 2884 propter
767 2790 1325 2863 extensionem
1368 2791 1928 2883 operationem

383 2907 617 2980 suam
678 2907 1227 2981 communicat
1289 2908 1618 2982 cuilibet
1680 2911 1921 3002 parti,

383 3046 573 3097 nam
672 3007 1048 3118 quaelibet
1127 3046 1319 3118 pars
1392 3027 1638 3100 sentit
1703 3052 1717 3094 ε
1793 3029 1924 3100 sed

386 3146 729 3237 propter
771 3143 1270 3219 totalitatem
1309 3164 1564 3227 suam,
1606 3147 1683 3218 et
1719 3148 1921 3218 tota-

385 3254 704 3329 litatem
743 3258 1097 3350 propriae
1126 3259 1515 3339 materiae,
1551 3283 1686 3327 esse
1718 3258 1923 3350 quod

381 3376 541 3457 dat,
582 3375 734 3448 soli
775 3374 1551 3457 toti'communicat,
1589 3376 1773 3467 quia
1808 3378 1924 3447 to-

383 3499 557 3567 tum
625 3492 1167 3584 compositum
1246 3494 1368 3563 est
1434 3492 1763 3571 animal,
1846 3496 1925 3565 ct

385 3628 545 3679 non
590 3606 869 3699 aliqua
901 3627 1117 3699 pars,
1164 3610 1250 3680 ut
1285 3610 1408 3679 est
1465 3608 1540 3679 in
1584 3611 1786 3681 toto.
1830 3611 1924 3680 Et

385 3725 500 3797 sic
545 3724 1028 3814 respondent
1079 3725 1173 3795 ad
1225 3723 1701 3796 divisionem
1755 3726 1927 3797 ani-

386 3840 624 3913 malis
657 3840 1056 3922 annulosi,
1109 3841 1312 3932 quod
1346 3862 1535 3913 vore
1589 3845 1774 3914 sunt
1818 3842 1925 3914 ibi

380 3958 553 4030 duae
614 3956 929 4039 anima),
978 3978 1154 4050 quae
1216 3958 1453 4032 faotae
1504 3964 1687 4031 sunt
1723 3959 1920 4041 duae,

386 4094 542 4147 non
586 4096 632 4146 a
692 4075 1245 4166 generatione,
1310 4095 1452 4147 nec
1495 4096 1541 4147 a
1584 4076 1925 4149 creatio-

324 4231 335 4245 ·
387 4213 505 4275 nc,
541 4215 685 4266 nec
736 4193 835 4265 ab
875 4193 1166 4265 anima>
1213 4194 1918 4287 multiplicatione,

390 4312 515 4384 sed
561 4332 705 4403 per
762 4309 1242 4384 divisionem
1295 4317 1372 4384 et
1441 4333 1488 4384 a
1558 4313 1922 4386 solvente

392 4428 845 4520 prohibens,
936 4428 1143 4501 sicut
1234 4429 1590 4501 dividens
1671 4431 1925 4503 conti-

390 4566 656 4626 nuum,
744 4548 822 4617 et
901 4545 1225 4617 solvens
1312 4545 1736 4628 unitatem,
1800 4550 1921 4619 est

390 4682 630 4734 causa
712 4661 1445 4754 multiplicationis.
1521 4664 1739 4744 Quod
1790 4683 1922 4734 au-

389 4772 546 4849 tem
617 4777 891 4868 aliqua
972 4777 1363 4850 animalia
1432 4777 1918 4862 dividantur,

389 4893 651 4986 aliqua
686 4914 845 4965 non
876 4894 1363 4977 dividantur,
1408 4896 1707 4978 dieunt,
1763 4918 1923 4969 non

390 5028 555 5082 esse
592 5030 926 5083 eausam
981 5012 1188 5103 quod
1238 5012 1320 5083 in
1363 5013 1769 5104 aliquibus
1819 5014 1925 5085 di·

390 5122 707 5199 vidatur
736 5125 1033 5207 anima,
1075 5126 1154 5198 in
1188 5126 1593 5220 aliquibus
1628 5150 1785 5202 non
1819 5130 1925 5202 di·

392 5236 729 5322 vidatur,
816 5242 947 5313 sed
982 5243 1171 5335 quia
1219 5244 1559 5317 diversae
1614 5246 1926 5318 sensiti-

393 5374 498 5430 νει)
554 5359 920 5431 diversas
981 5359 1271 5432 habent
1315 5362 1918 5455 dispositiones,

393 5473 669 5563 quibus
713 5471 1141 5545 salvantur
1184 5474 1260 5545 in
1306 5476 1677 5548 materia.
1743 5476 1924 5549 Ani-

399 5590 629 5662 malia
665 5589 921 5682 igitur
965 5589 1349 5683 perfecta,
1400 5596 1485 5666 ut
1526 5613 1777 5688 equus
1844 5599 1922 5668 et

2070 563 2400 647 similia,
2460 564 2814 656 indigent
2874 566 3278 659 aliquibus
3346 569 3606 664 dispo-

2067 679 2528 762 sitionibus,
2595 703 2769 773 quae
2804 703 2964 755 non
3007 689 3194 758 sunt
3245 684 3327 758 in
3359 688 3610 779 quali-

2066 796 2197 870 bet
2237 803 2502 889 parte,
2569 800 2745 872 ideo
2790 801 3089 884 anima,
3162 804 3318 877 etsi
3361 805 3468 878 sit
3499 805 3605 878 di·

2060 914 2266 995 visa,
2308 915 2590 988 statim
2627 917 2840 1008 perit
2886 918 2965 992 in
3002 918 3169 992 illis
3205 919 3601 1012 partibus,

2064 1051 2240 1123 quae
2309 1033 2930 1126 dispositionem
2992 1037 3218 1110 illam
3262 1058 3422 1111 non
3472 1038 3603 1111 ha-

2061 1148 2248 1221 bent
2303 1175 2318 1220 z
2392 1151 2780 1224 animalia
2856 1156 3128 1227 autem
3205 1155 3604 1229 annulosa

2064 1267 2250 1337 sunt
2283 1266 2512 1338 valde
2547 1267 3046 1361 imperfecta,
3106 1271 3311 1363 quod
3345 1277 3605 1349 osten-

2060 1382 2174 1454 dit
2216 1382 2740 1458 uniformitas
2784 1387 3175 1469 materiae,
3211 1392 3290 1461 et
3357 1389 3603 1464 defec-

2061 1500 2194 1571 tus
2302 1521 2834 1592 organorum,
2912 1506 2991 1576 et
3090 1505 3170 1577 in
3233 1505 3601 1599 partibus

2060 1614 2342 1689 divisis
2395 1618 2670 1693 anima
2736 1619 3009 1712 aliquo
3060 1625 3430 1714 tempore
3485 1645 3600 1696 re·

2064 1736 2361 1815 manet,
2397 1738 2475 1807 ct
2512 1756 2837 1807 sensum
2874 1739 3197 1819 retinet,
3235 1741 3313 1810 et
3359 1739 3601 1811 modi-

2061 1867 2157 1920 ca
2188 1850 2723 1953 dispositione
2783 1854 2864 1927 in
2906 1875 3050 1926 sua
3094 1857 3441 1930 materia
3493 1857 3602 1930 in-

2058 1965 2302 2055 diget,
2342 1989 2515 2059 quae
2560 1970 2638 2040 in
2692 1970 3063 2062 partibus
3105 1971 3387 2045 divisis
3442 1959 3605 2044 mass

2057 2087 2217 2156 net.
2310 2086 2453 2159 Sed
2533 2086 2720 2178 quia
2799 2087 2958 2161 illae
3027 2087 3603 2181 dispositiones

2059 2200 2555 2295 imperfecta·-
2588 2225 2748 2277 non
2782 2209 2966 2279 sunt
3002 2208 3209 2280 sicut
3242 2212 3477 2281 erant
3523 2209 3601 2281 in

2055 2322 2259 2401 toto,
2308 2343 2450 2395 nec
2492 2326 2770 2415 partes
2804 2321 3100 2398 habent
3135 2324 3274 2397 illa
3307 2325 3599 2418 imper·

2053 2435 2264 2509 fecta
2309 2457 2643 2529 organa,
2684 2460 2859 2530 quae
2902 2439 3241 2513 habebat
3301 2444 3592 2525 totum,
3694 2439 3717 2450 ”

2050 2553 2224 2626 ideo
2304 2575 2463 2626 non
2552 2556 2684 2628 diu
2751 2557 3060 2638 vivunt,
3153 2558 3341 2649 quia
3437 2559 3595 2633 illae

2044 2668 2627 2762 dispositiones
2692 2673 3114 2766 corrumpi
3198 2673 3592 2768 incipiunt

2045 2783 2126 2857 in
2166 2788 2533 2878 partibus
2574 2788 2884 2861 divisis.

2134 2904 2304 2976 Hoc
2327 2905 2599 2978 dieunt
2636 2905 2988 2977 sensisse
3012 2905 3583 2997 Augustinum,

2039 3138 2379 3230 loquens
2411 3139 2501 3211 de
2529 3138 2901 3231 partibus
2931 3138 3360 3212 vermiculi
3390 3140 3583 3212 mul-

2039 3255 2356 3348 tipedis,
2415 3277 2587 3347 quae
2643 3256 2922 3329 divisae
2975 3256 3286 3343 vivunt,
3343 3259 3422 3332 ct
3477 3258 3585 3330 in-

2040 3367 2370 3459 quirens
2415 3372 2688 3441 utrum
2756 3370 3029 3443 anima
3071 3371 3359 3444 talium
3427 3373 3590 3444 aui-

2042 3484 2381 3557 malium
2422 3485 2665 3558 dividi
2703 3487 3024 3580 possit?
3060 3488 3140 3560 in
3197 3488 3352 3561 fine
3407 3510 3589 3562 con-

2041 3600 2289 3672 cludit
2334 3599 2448 3673 sic
2497 3626 2509 3669 :
2573 3607 2875 3685 Animus,
2932 3602 3249 3696 (inquit)
3296 3607 3386 3672 ad
3453 3610 3590 3674 lucc

2042 3719 2366 3795 intuenda
2398 3731 2457 3784 et
2493 3722 2960 3807 perspicienda
2989 3723 3426 3809 percolendas
3465 3735 3581 3806 est,

2043 3845 2111 3899 ut
2164 3836 2372 3920 possit
2421 3836 2799 3921 intelliqerc
2849 3838 3316 3923 liquidissime,
3362 3851 3586 3906 utrum

2040 3950 2214 4038 quod
2261 3974 2301 4017 a
2333 3952 2724 4039 quibusdam
2763 3954 3165 4021 doctissimis
3205 3958 3375 4022 viris
3413 3956 3585 4023 ‹tici-

2041 4080 2171 4147 tter,
2222 4071 2316 4134 ita
2346 4090 2481 4135 sese
2519 4069 2776 4148 habeat,
2823 4072 3118 4137 anima-m
3164 4072 3354 4138 millo
3391 4074 3584 4140 modo

2033 4216 2159 4281 per
2186 4196 2496 4281 seipsam,
2536 4195 2652 4261 sed
2702 4207 2922 4262 tamen
2964 4220 3087 4283 per
3124 4219 3361 4286 corpus
3394 4219 3584 4286 posse

2033 4313 2313 4397 partiri.
2353 4312 2685 4382 Certum
2730 4313 2852 4382 cst
2896 4314 3168 4383 autem
3202 4312 3408 4403 quod
3443 4332 3586 4405 per

2037 4444 2337 4517 corpus
2380 4426 2475 4498 ad
2497 4425 2978 4499 divisionem
3014 4429 3393 4520 corporis
3428 4449 3589 4501 non

2031 4541 3592 4636 dividitur,11isipercorpusextendatur,

2034 4663 2111 4730 et
2161 4659 2238 4730 in
2293 4681 2667 4753 corpore.
2717 4663 2932 4743 Haec,
2987 4667 3070 4735 ut
3120 4662 3419 4745 dicunt,
3472 4670 3598 4738 cst

2036 4776 2436 4849 sententia
2457 4776 2879 4849 Avicennoe
2894 4781 2952 4849 6.
2971 4783 3594 4871 naturalium,part.

2039 4896 2099 4963 1.
2138 4916 2287 4983 cap.
2330 4897 2395 4964 2.
2437 4894 2567 4977 ubi
2621 4894 2955 4985 loquens
2988 4895 3078 4966 dc
3145 4896 3592 4979 annulosis,

2036 5015 2307 5092 Anima,
2380 5011 2698 5104 (inquit)
2775 5017 2967 5082 istius
3018 5018 3218 5081 unius
3275 5019 3595 5085 animalis

2035 5152 2172 5196 una
2234 5143 2326 5198 est
2385 5134 2456 5198 iu
2495 5136 2757 5219 effectu,
2817 5136 2933 5201 secl
2971 5135 3327 5221 multiplea:
3367 5138 3435 5201 in
3470 5157 3586 5222 po-

2038 5251 2270 5315 tentia.
2321 5249 2418 5319 Et
2455 5247 2739 5329 subdit,
2767 5250 3284 5319 lustramentum
3324 5274 3583 5320 conser-

2036 5366 2247 5431 vandi
2308 5368 2372 5431 in
2431 5369 2575 5433 istis
2626 5368 2950 5454 diffusum
2991 5380 3081 5434 cst
3146 5389 3265 5454 per
3313 5390 3573 5455 corpus,

2035 5481 2186 5546 ideo
2225 5495 2493 5550 manent
2531 5486 2797 5549 enimse.

2128 5595 2388 5689 Hujus
2488 5598 2891 5691 opinionis
2960 5599 3233 5679 dicunt
3320 5599 3573 5678 fuisse

3516 408 3628 476 491

3724 2929 3805 2983 1⁴.

2041 3019 2281 3111 quiin
2317 3020 2525 3092 libro
2565 3025 2952 3099 Quantieate
2980 3026 3261 3104 Animoe,
3299 3046 3443 3112 cap.
3469 3026 3579 3096 32.
3615 2995 3757 3109 Ἢέζ
3792 3012 3939 3125 {gss'

3741 3123 3819 3175 31.

3732 5599 3807 5656 15.
