4252 6393
1703 421 2068 497 QUAES'rlo
2116 426 2249 486 xiv
2323 476 2324 479 γ
3481 429 3558 501 71

335 578 518 651 aliis
560 580 1006 656 elementis
1047 581 1454 672 generari,
1492 578 1648 651 nisi
1689 578 1906 652 facta

339 696 985 772 condensatione
1025 697 1411 780 violenta,
1451 694 1683 769 modo
1729 695 1906 788 ipsa

345 823 501 888 n‘on
533 819 822 907 potest
852 815 1030 888 fieri
1064 813 1683 908 quantumlibet.

350 926 355 930 ’
432 934 804 1006 Secundo
838 931 1208 1025 sequitur
1242 931 1450 1023 quod
1484 930 1695 1021 ignis
1730 921 1904 1023 posss

348 1052 451 1125 sit
506 1070 711 1123 esse·
743 1051 825 1124 in
904 1054 1224 1124 tantum
1293 1052 1896 1140 augmentatus,

351 1168 553 1261 quod
571 1190 735 1241 non
772 1173 1039 1262 potest
1064 1169 1548 1243 comburere
1573 1172 1901 1261 stupam

350 1287 1093 1381 appropinquatam
1184 1285 1361 1357 sibi.
1462 1280 1897 1366 Probatur,

350 1403 533 1497 quia
556 1403 1052 1477 condensato
1078 1402 1285 1493 igne,
1311 1406 1702 1495 quantum
1728 1423 1905 1496 pos·

353 1519 581 1592 sibile
640 1524 770 1592 est
830 1523 1136 1612 praeter
1200 1519 1377 1611 ejus
1439 1518 1901 1610 corruptio·

350 1658 554 1719 nem,
600 1642 683 1711 et
714 1637 965 1710 etiam
998 1636 1185 1709 aliis
1216 1636 1666 1715 elementis,
1697 1656 1903 1728 quae·

354 1777 468 1833 ro,
547 1754 617 1827 si
697 1760 939 1847 stupa
1021 1754 1679 1835 combureretur,
1772 1756 1901 1827 vel

349 1873 557 1963 ignis
598 1873 924 1963 genitus
963 1893 1062 1944 ex
1106 1870 1281 1962 ipsa
1323 1876 1641 1945 tantum
1675 1885 1903 1947 oceu-

352 1995 485 2084 pat
536 1990 810 2063 locum
849 2011 991 2083 per
1042 2011 1152 2069 se,
1200 1993 1595 2080 quantum
1630 1992 1896 2070 antea,

350 2108 467 2179 vel
528 2108 984 2199 majorem?
1045 2108 1224 2179 Non
1302 2109 1647 2187 tantum,
1713 2106 1903 2199 quia

352 2226 557 2316 ignis
631 2225 981 2317 requirit
1043 2224 1440 2317 majorem
1499 2224 1901 2298 extensio·

350 2362 527 2414 nem
598 2362 843 2434 quam
903 2348 1176 2434 stupa;
1242 2361 1388 2414 nec
1467 2341 1894 2432 majorem,

355 2447 537 2551 quia
559 2463 753 2532 tunc
781 2459 968 2532 alibi
993 2460 1204 2550 ignis
1230 2460 1895 2541 condensaretur,

359 2578 556 2669 quod
587 2581 715 2649 est
759 2576 1083 2656 falsum,
1123 2575 1313 2668 quia
1358 2575 1570 2666 ignis
1608 2575 1685 2647 in
1728 2581 1898 2651 tan-

358 2702 523 2769 tum
562 2699 690 2768 est
714 2695 1280 2777 condensatus,
1328 2701 1719 2787 quantum
1768 2716 1900 2768 na-

357 2813 759 2893 turaliter,
795 2811 922 2883 vel
963 2811 1369 2886 violenter
1412 2816 1686 2904 posset
1718 2831 1902 2883 con-

349 2928 690 3003 densari.
740 2931 842 3001 Et
881 2949 979 3000 ex
1015 2928 1176 3001 ista
1209 2927 1619 3001 solutione
1672 2927 1904 3002 intel·

352 3049 634 3138 ligitur
675 3046 893 3121 ratio
929 3047 1199 3139 prima
1240 3047 1460 3120 facta
1494 3047 1576 3118 in
1622 3069 1898 3120 secun-

353 3168 441 3238 da
519 3168 755 3259 parte
842 3164 1345 3256 quaestionis,
1433 3165 1624 3257 quia
1709 3166 1897 3240 dato

361 3285 552 3375 quod
574 3304 824 3355 unuin
842 3282 1363 3365 elementum,
1395 3283 1607 3358 sicut
1653 3283 1892 3375 igniS,

360 3401 681 3472 excedat
704 3399 893 3478 alia,
932 3404 1106 3473 tum
1132 3420 1291 3471 non
1324 3398 1563 3473 habet
1599 3400 1891 3482 locum,

367 3518 436 3588 in
477 3538 631 3609 quo
684 3516 849 3588 alia
903 3521 1243 3610 possunt
1276 3517 1556 3610 recipi,
1605 3518 1737 3591 sed
1789 3519 1899 3611 ip-

366 3655 447 3704 sa
475 3639 900 3709 convertet
935 3634 1012 3707 in
1047 3655 1275 3707 suam
1308 3642 1717 3710 naturam.

448 3754 838 3828 Rationes
863 3756 1298 3826 solvuntur
1328 3754 1510 3829 hinc
1552 3755 1727 3827 inde
1761 3775 1905 3848 per

362 3869 587 3945 dicta.
651 3875 665 3917 ἱ

782 4177 1247 4260 QUAESTIO
1291 4179 1503 4250 XIV.

374 4381 579 4439 l'lrum
626 4380 1128 4455 impressionum
1182 4378 1545 4454 ionicorum
1572 4377 1909 4442 exhalatio

629 4484 849 4547 calida
878 4491 935 4546 et
955 4486 1149 4559 sicea,
1173 4488 1253 4548 sic
1278 4486 1558 4547 maceria
1576 4489 1606 4547 ?

461 4672 864 4764 Arguitur
917 4671 1124 4763 quod
1175 4690 1370 4752 non;
1427 4672 1613 4764 quia
1674 4673 1740 4745 si
1798 4675 1914 4749 ita

82 4773 183 4834 ⁴¹⁹⁹·
241 4780 611 4870 presset,
666 4791 1150 4879 sequeretur
1194 4789 1402 4880 quod
1450 4809 1729 4861 omnes
1773 4791 1913 4864 im-

138 4853 277 4891 mm.

376 4906 839 4998 pressiones
872 4902 1150 4994 ignitae
1181 4909 1712 4977 moverentur
1744 4927 1916 4978 sur·

373 5044 543 5094 sum
578 5049 594 5092 :
634 5041 1139 5113 consequens
1180 5025 1474 5094 eontra
1500 5023 1915 5115 experien-

372 5140 600 5220 tiam;
648 5158 841 5209 nam
887 5136 1203 5229 aliquas
1244 5137 1607 5208 videmus
1653 5160 1916 5211 move-

372 5255 439 5326 ri
461 5275 817 5336 sursum,
854 5258 934 5326 et
958 5254 1163 5325 alias
1183 5255 1590 5335 deorsum,
1623 5259 1710 5327 ut
1735 5255 1918 5327 stel-

373 5370 489 5442 las
528 5371 944 5449 cadentes;
972 5374 1052 5442 et
1086 5370 1449 5462 quaedam
1484 5375 1918 5444 moventur

375 5486 859 5566 lateraliter,
950 5491 1037 5558 ut
1115 5491 1340 5579 patet
1412 5487 1503 5559 de
1573 5487 1921 5559 materia

369 5604 630 5678 ‚stellae
671 5603 1043 5686 comatae,
1083 5609 1277 5695 'quae
1331 5602 1751 5678 multoties
1792 5624 1920 5678 ex-

2018 587 2256 674 perta
2305 590 2430 658 est
2472 587 2762 660 eadere
2801 590 3209 662 deorsum.
3275 592 3573 667 Proba-

2013 701 2153 770 tur
2217 703 2836 795 consequentia,
2889 726 3078 779 nam
3147 708 3565 784 exhalatio

2008 813 2380 890 calidaet
2408 818 2649 900 sicca,
2705 842 2890 894 cum
2935 822 3041 897 sit
3076 823 3275 897 levis
3311 828 3564 902 tendit

2012 952 2370 1006 sursum.

2023 1076 2027 1084 *
2104 1052 2492 1135 Secundo,
2543 1055 2728 1145 quia
2770 1056 2966 1130 illud
3014 1081 3176 1133 non
3232 1058 3355 1135 est
3397 1084 3559 1135 ma·
3594 1058 3920 1111 semmam.

2008 1166 3575 1270 teriaimpressionumignitarumquod

2014 1297 2175 1350 non
2215 1287 2340 1355 est
2383 1283 2741 1357 faciliter
2784 1285 3394 1371 inflammabile;
3436 1292 3571 1363 sed

2012 1395 2428 1470 exhalatio
2473 1405 2799 1482 nonest,
2833 1408 2984 1475 etc.
3011 1404 3284 1496 Major
3316 1411 3564 1498 patet,

2016 1513 2207 1606 quia
2230 1513 2691 1615 hujusmodi
2725 1518 3306 1612 impressiones
3340 1542 3568 1613 gene=

2019 1635 2313 1704 rantur
2401 1652 2546 1724 per
2615 1634 3376 1729 inflammationem.
3461 1642 3562 1713 Et

2016 1749 2493 1821 antecedens
2514 1756 2882 1843 apparet,
2910 1773 3097 1824 nam
3123 1752 3218 1824 ad
3254 1753 3560 1827 inflam-

2018 1865 2460 1938 mationem
2533 1868 2986 1959 requiritur
3072 1869 3557 1955 humiditas;
3639 1926 3640 1929 η

2017 1982 2252 2054 modo
2284 1982 2474 2055 talis
2507 1983 2926 2073 exhalatio
2951 2006 3111 2058 non
3155 1992 3280 2061 est
3310 1989 3566 2061 humi-

2011 2097 2133 2177 da,
2183 2097 2371 2188 quia
2415 2098 2484 2170 si
2527 2099 2667 2180 sic,
2720 2100 2964 2173 simul
3002 2108 3274 2178 essent
3307 2086 3561 2177 humi-

2009 2211 2132 2295 da,
2195 2219 2275 2288 et
2326 2215 2567 2288 sicca.

2020 2380 2029 2383 -
2099 2331 2403 2412 Tertio,
2442 2333 2630 2424 quia
2672 2334 2911 2408 stella
2950 2342 3277 2411 comata
3307 2343 3386 2412 et
3420 2341 3566 2412 Ga·
3625 2346 3881 2399 Tertium·

2013 2448 2234 2533 laxia
2278 2455 2464 2523 sunt
2511 2450 3094 2543 impressiones
3130 2454 3434 2543 ignitae,
3481 2459 3565 2528 et

2014 2564 2379 2657 ipsarum
2435 2587 2596 2638 non
2656 2573 2780 2641 est
2840 2570 3190 2644 materia
3239 2570 3562 2643 exhala-

2014 2681 2166 2760 tio;
2223 2666 2503 2771 igitur,
2540 2688 2667 2756 etc
2713 2685 2984 2778 Major
3034 2691 3279 2778 patet,
3317 2688 3409 2759 de
3455 2688 3561 2781 ip-

2015 2800 2129 2871 sis
2145 2801 2632 2876 determinat
2658 2802 3146 2877 Aristoteles
3172 2809 3248 2878 ta
3262 2826 3561 2899 nquam

2012 2918 2103 2988 de
2157 2916 2833 3010 impressionibus
2897 2920 3205 3010 ignitis.
3264 2925 3365 2997 Et
3422 2925 3558 2997 mi·
3644 3009 3648 3013 ,
3741 2986 3749 2995 .

2012 3051 2170 3103 nor
2208 3036 2458 3125 patet,
2516 3054 2702 3107 nam
2765 3036 3106 3109 Galaxia
3149 3042 3273 3112 est
3304 3040 3394 3112 de
3428 3061 3562 3113 na-

2013 3151 2205 3221 tura
2238 3148 2441 3230 coeli,
2498 3155 2743 3243 prout
2796 3156 3019 3245 patet
3062 3173 3207 3247 per
3251 3156 3565 3231 Aristo-

2012 3265 2256 3338 telem
2320 3266 2399 3338 in
2459 3266 2797 3360 antiqua
2860 3271 3430 3354 translatione,
3482 3278 3563 3347 et

2009 3383 2261 3457 etiam
2294 3385 2532 3457 stella
2572 3392 2924 3467 comata,
2964 3410 3138 3480 quae
3185 3394 3564 3463 movetur

2010 3506 2105 3579 ad
2143 3509 2451 3579 motum
2483 3506 2689 3577 coeli.

2104 3627 2438 3704 Quarto,
2486 3623 2554 3695 si
2612 3624 2728 3696 ita
2775 3628 3015 3706 esset,
3073 3632 3562 3717 sequeretur
3608 3639 3901 3694 Qum-mm.

2017 3738 2223 3830 quod
2280 3759 2557 3811 omnes
2619 3739 3209 3833 impressiones
3282 3743 3559 3833 ignitae

2015 3858 2289 3927 essent
2321 3854 2678 3946 ejusdem
2726 3856 3023 3949 speciei
3081 3857 3566 3951 specialissi-

2020 3989 2194 4051 mae,
2231 3974 2310 4044 et
2344 3972 2553 4062 quod
2600 3973 2890 4046 flerent
2944 3973 3224 4046 iisdem
3259 3979 3567 4067 tempo·

2022 4087 2271 4160 ribus.
2309 4092 2827 4181 Consequens
2860 4094 2985 4162 est
3018 4095 3312 4164 contra
3334 4113 3565 4185 expe-

2023 4204 2430 4286 rientiam,
2481 4205 2668 4297 quia
2709 4206 3071 4280 videmus
3116 4211 3325 4301 quod
3368 4230 3567 4282 sem-

2021 4342 2167 4416 per
2188 4325 2313 4395 est
2334 4321 2697 4405 Galaxia,
2735 4343 2930 4395 raro
2956 4324 3195 4412 stella
3214 4330 3566 4409 comata,

2023 4439 2497 4531 quandoque
2520 4439 2777 4512 stellae
2800 4441 3202 4523 cadentes,
3229 4446 3310 4515 et
3328 4461 3570 4533 quan·

2022 4555 2279 4646 doque
2348 4575 2561 4636 non;
2626 4556 2758 4628 sed
2836 4557 3194 4648 primum
3293 4578 3570 4630 conse-

2027 4689 2277 4762 quens
2313 4674 2584 4763 potest
2615 4692 2793 4743 esse
2816 4671 3139 4755 falsum,
3183 4693 3372 4746 nam
3392 4675 3576 4767 plus

2026 4785 2410 4860 differunt
2480 4786 2719 4861 stella
2785 4792 3137 4870 comata,
3200 4793 3280 4862 et
3339 4790 3580 4863 stella

2028 4904 2343 4985 cadens,
2401 4923 2642 4995 quam
2719 4904 2892 4976 duae
2964 4909 3313 4978 comatae
3365 4906 3579 4979 diffe-

2031 5026 2255 5102 runt;
2298 5021 2533 5092 modo
2574 5021 2746 5093 duae
2798 5026 3144 5095 comatae
3201 5023 3585 5098 differunt

2029 5158 2409 5217 numero;
2460 5137 2719 5228 igitur
2778 5137 2938 5209 illae
2982 5139 3163 5230 plus
3205 5139 3587 5214 differunt

2030 5274 2274 5346 quam
2322 5274 2691 5334 numero,
2747 5260 2828 5328 et
2886 5276 3030 5347 per
3081 5276 3586 5348 consequens

2032 5367 2324 5462 speeie.
2349 5370 3373 5461 Probaturconsequentia,
3402 5371 3592 5463 quia

2032 5505 2220 5557 cum
2279 5485 2640 5557 omniurn
2691 5484 3328 5577 impressionum
3390 5486 3588 5577 igni-

2035 5605 2311 5676 tarum
2372 5600 2478 5674 sit
2518 5601 2809 5692 eadem
2848 5601 3218 5682 materia,
3277 5601 3589 5678 scilicet
