4252 6393
670 396 789 463 293
1820 411 1923 473 Di:
1966 412 2234 476 RERUM
2278 412 2668 478 PRINCIPIO

1239 791 1641 848 SCHOLIUM.

734 967 1059 1040 Postquam
1094 968 1464 1039 probaverat
1493 976 1698 1028 actum
1720 971 1953 1029 divinae
1984 975 2212 1031 volun-

662 1066 808 1123 tatis
839 1080 1017 1137 aeque
1050 1067 1169 1123 late
1200 1072 1437 1139 patere,
1470 1073 1656 1140 atque
1691 1070 1887 1142 ipsam
1922 1073 2213 1130 volunta-

651 1166 800 1231 tem,
834 1166 1067 1236 quippe
1113 1166 1677 1237 simplicissimum,
1710 1184 1744 1224 a
1774 1171 2213 1241 compositione

661 1262 967 1331 alienum,
1003 1264 1416 1333 infinitatum,
1450 1266 1892 1322 actualissimae
1922 1271 2212 1338 potentiae

654 1365 857 1420 actum
890 1361 1206 1420 infinitum
1239 1364 1315 1422 ab
1344 1364 1561 1423 eadem
1591 1367 1844 1424 omnino
1867 1368 2204 1427 indistinc-

650 1468 787 1521 tum
845 1460 1032 1533 (quod
1089 1463 1276 1519 etiam
1336 1463 1545 1522 docuit
1603 1467 1666 1523 in
1730 1469 1778 1525 1.
1833 1468 2107 1526 distinct.
2152 1470 2212 1524 2.

660 1564 877 1632 quaest.
910 1562 964 1617 2.
998 1564 1051 1625 §-
1086 1562 1250 1616 Nunc
1278 1564 1543 1633 ulterius)
1576 1566 1898 1637 subjungit
1946 1567 2048 1623 hic
2082 1582 2214 1623 mo-

655 1657 826 1724 dum,
861 1673 984 1729 quo
1017 1661 1178 1717 Deus
1210 1660 1355 1718 vult
1385 1662 1509 1718 alia
1557 1667 1731 1720 extra
1779 1679 1865 1732 se,
1911 1669 1971 1722 et
2002 1665 2214 1722 decla-

654 1761 751 1814 rat
778 1756 933 1828 quid
994 1757 1176 1814 addat
1236 1758 1574 1817 diversitas
1633 1761 2032 1833 obJectorum,
2109 1763 2214 1821 vel

657 1854 1014 1913 differentia
1073 1861 1424 1928 temporum
1487 1874 1679 1931 super
1736 1864 1867 1916 vello
1898 1864 2012 1929 Dei,
2048 1862 2210 1934 quod

650 1954 716 2010 in
749 1968 815 2010 se
874 1959 967 2011 est
1024 1955 1277 2012 omnino
1339 1958 1594 2015 unicum
1644 1964 1703 2016 et
1752 1959 2208 2024 indistinctum,

655 2051 825 2119 Quod
865 2055 1055 2110 etiam
1117 2054 1398 2113 breviter
1457 2062 1516 2114 et
1574 2058 1748 2114 clare
1807 2063 2028 2118 tractat
2058 2062 2121 2116 in
2153 2062 2211 2127 3.

655 2150 930 2209 distinct.
963 2153 1056 2208 32.
1093 2158 1312 2224 quaest.
1352 2156 1557 2212 unica.
1631 2161 1725 2212 An
1758 2172 1910 2214 vero
1941 2158 2003 2214 hi
2037 2164 2209 2216 aetus

649 2248 863 2316 liberi,
901 2250 1003 2306 vel
1056 2250 1169 2307 hoc
1204 2251 1410 2324 ipsum
1444 2254 1609 2310 velle
1644 2257 1771 2321 Dei,
1823 2262 2008 2328 prout
2055 2257 2209 2316 dicit

655 2338 941 2396 diversos
974 2345 1293 2412 respectus
1324 2342 1399 2398 ad
1431 2348 1771 2412 creaturaS,
1804 2346 2013 2402 dicant
2057 2362 2205 2420 per-

653 2436 1014 2505 fectionem,
1050 2438 1170 2495 late
1218 2445 1686 2499 controvertunt
1735 2443 2092 2501 scholastici
2125 2445 2203 2501 ad

651 2535 702 2592 1.
730 2542 888 2605 part.
914 2542 1132 2607 quaest.
1160 2538 1244 2596 19.
1277 2543 1394 2597 011.
1425 2540 1479 2596 3.
1514 2539 1667 2598 Vide
1689 2543 2022 2614 vazquem‚
2054 2548 2200 2601 tom.

660 2636 710 2691 1.
742 2633 904 2708 disp.
934 2636 1026 2693 80.

335 2804 499 2919 &⁸323
528 2885 619 2919 w·
746 2794 864 2861 Ex
908 2810 1063 2882 quo
1100 2793 1439 2882 apparet
1485 2793 1737 2865 stulta
1779 2814 2200 2886 zat-gumen-

299 2907 857 3006 wencezlay-tatio
933 2907 1301 2989 illorum,
1386 2909 1517 3001 qui
1602 2931 1745 3003 pel·
1817 2911 2197 2987 similitu-

317 3000 622 3113 ’ἷῖαὲἷῗῗῖα
651 3024 915 3099 dinem
986 3025 1436 3099 voluntatis
1506 3031 1811 3101 nostrae
1920 3035 1998 3104 et
2072 3034 2196 3106 sui

328 3117 581 3233 οᾟζῖἶῗ*
659 3145 917 3224 actus,
989 3142 1113 3215 vel
1177 3142 1752 3238 cujuscumque
1812 3151 2196 3241 potentiae

645 3265 724 3334 et
771 3262 892 3334 sni
932 3264 1186 3342 actus,
1226 3263 1710 3337 concludunt
1761 3267 2060 3360 aliquid
2106 3271 2197 3341 (10

647 3381 1071 3453 voluntate
1114 3381 1251 3452 Dei
1325 3385 1402 3452 et
1449 3403 1593 3453 suo
1636 3384 1875 3465 velle;
1924 3389 1999 3457 et
2037 3407 2196 3458 non

649 3501 771 3569 est
811 3496 1100 3578 simile,
1151 3496 1311 3567 imo
1355 3501 1892 3581 contrarium,
1944 3506 2021 3574 et
2065 3524 2194 3575 ex·

646 3613 969 3687 cludens
1014 3633 1061 3683 a
1102 3612 1477 3686 veritate.

737 3727 955 3798 Unde
988 3727 1188 3810 (1100,
1231 3731 1432 3821 quod
1476 3730 1682 3804 sient
1730 3730 2193 3807 intellectus

648 3843 965 3916 (livinus
1020 3865 1177 3915 11110
1224 3846 1572 3939 simplici
1632 3848 1924 3920 intuitu
1980 3851 2192 3924 videt

646 3961 946 4053 absque
994 3961 1505 4034 successione
1574 3965 1698 4034 vel
1746 3965 2192 4040 innovatio-

651 4097 770 4158 ne,
850 4075 1123 4148 omnia
1220 4075 1466 4148 etiam
1542 4080 1942 4171 opposita,
2006 4083 2193 4175 qnia

647 4191 954 4264 nnllam
1029 4190 1628 4284 oppositionem
1708 4195 2026 4278 habent,
2102 4203 2188 4270 nt

649 4312 835 4381 sunt
897 4310 975 4381 in
1036 4330 1130 4381 00
1193 4309 1579 4401 cognita:
1629 4313 1744 4385 sic
1802 4316 2186 4391 voluntas

648 4448 803 4500 uno
868 4431 1050 4500 actu
1124 4426 1467 4509 volendi,
1542 4450 1700 4501 non
1772 4431 2183 4515 innovato,

646 4567 791 4619 1100
851 4544 1132 4627 diviso,
1214 4546 1387 4619 vult
1437 4546 1707 4618 omnia
1779 4550 2182 4641 opposita,

643 4664 914 4735 omnia
977 4664 1262 4746 volita,
1330 4687 1508 4737 esse
1580 4665 1784 4737 idem
1889 4671 1967 4739 et
2031 4688 2190 4737 non

642 4800 848 4863 esse,
910 4784 1280 4873 respectu
1326 4781 1841 4854 diversorum
1885 4785 2189 4875 tempo-

649 4917 863 4978 rum,
941 4896 1067 4967 vel
1143 4900 1513 4989 respectu
1586 4898 1944 4989 ejusdem
2015 4923 2194 4969 mmo

646 5010 996 5083 divisim.
1050 5015 1148 5084 Et
1204 5012 1411 5086 sient
1460 5014 1801 5086 ‹l'eimus
1841 5014 2191 5087 Intellec-

646 5130 780 5200 tus
824 5126 1202 5200 intuitive
1269 5131 1346 5200 et
1419 5127 1857 5202 actualiter
1928 5128 2195 5201 sertui·

641 5265 890 5338 super
962 5243 1365 5337 opposita,
1422 5244 1697 5317 videns
1760 5266 1853 5316 ea
1947 5246 2190 5319 simul

277 5361 484 5416 Divina
514 5386 599 5419 vo·
641 5385 801 5435 non
867 5361 1168 5435 similia
1209 5385 1413 5445 esse,
1481 5365 1613 5434 sed
1671 5349 1911 5436 simnl
1974 5387 2182 5448 esse;

277 5428 465 5478 luntas
476 5447 601 5495 quo-

274 5493 585 5619 '3232‘ss
643 5481 773 5553 sed
828 5480 1070 5551 simul
1132 5477 1343 5551 videt
1410 5479 1705 5553 similia
1771 5501 1930 5553 non
2007 5503 2184 5552 esso

2339 574 2474 646 sed
2512 573 2834 647 divisim
2871 600 2887 657 ;
2934 593 3134 666 ergo
3168 573 3441 647 divina
3496 573 3878 648 voluntas

2322 691 2497 764 vult
2560 691 2938 785 opposita
3008 693 3290 775 volita,
3339 713 3499 764 non
3564 692 3878 786 quidem

2321 808 2494 881 vult
2541 808 2784 882 simul
2837 830 3049 892 esse,
3098 809 3231 881 sed
3266 809 3506 882 simul
3560 809 3764 891 vult,
3807 809 3878 881 id

2322 929 2470 1007 est,
2538 926 2814 998 eodem
2878 929 3062 999 actu
3116 926 3458 1009 volendi,
3504 947 3663 997 non
3707 925 3881 1017 qui-

2322 1040 2499 1112 dem
2544 1041 2783 1113 simul
2815 1042 2989 1115 vult
3032 1064 3235 1125 esse,
3288 1043 3420 1115 sed
3476 1043 3648 1115 vult
3701 1041 3877 1115 fore

2327 1176 2604 1248 posse;
2679 1178 2840 1229 non
2907 1158 3081 1229 vult
3153 1157 3395 1230 simul
3464 1157 3638 1229 fore
3697 1179 3875 1229 esse

2324 1274 2854 1368 conjunctim,
2921 1294 3104 1348 cnm
3169 1274 3272 1348 sit
3337 1273 3866 1367 impossibile,

2324 1392 2456 1464 sed
2493 1391 2839 1463 divisim.

2419 1510 2659 1591 Item,
2739 1508 2946 1582 sicut
3015 1508 3333 1580 divinus
3406 1507 3867 1581 intellectus

2321 1624 2534 1696 videt
2569 1645 3006 1697 cansarum
3051 1626 3521 1696 creatarum
3554 1623 3873 1698 contin-

2325 1739 2709 1831 gentiam,
2756 1742 2837 1811 et
2914 1738 3478 1827 contingentes
3538 1739 3869 1811 effectus

2323 1859 2892 1950 contingenter
2931 1862 3359 1939 venturos,
3436 1856 3550 1930 sic
3599 1856 3870 1930 divina

2319 1975 2702 2046 voluntas
2771 1975 2943 2047 vult
2978 1994 3268 2047 causas
3319 1977 3641 2047 creatas
3682 1994 3869 2046 con-

2319 2091 2734 2183 tingenter
2790 2112 3071 2183 agere,
3140 2095 3220 2164 et
3283 2091 3618 2164 effectus
3676 2112 3866 2164 con-

2315 2207 2731 2299 tingenter
2789 2208 3139 2290 evenire,
3194 2209 3320 2281 vel
3369 2208 3861 2292 necessario,

2319 2328 2750 2399 secundum
2803 2327 3005 2418 quod
3049 2326 3244 2397 ordo
3287 2346 3725 2398 causarum
3778 2348 3864 2399 se

2313 2444 2551 2516 habet
2612 2444 3204 2535 contingenter,
3270 2444 3397 2515 vel
3436 2445 3527 2516 de
3589 2465 3863 2517 neces-

2317 2562 2559 2635 sitate
2611 2562 2706 2633 ad
2746 2560 3146 2633 effectum.

2399 2678 2785 2761 Quamvis
2828 2682 3100 2750 autem
3137 2677 3307 2752 haec
3339 2677 3596 2751 volita
3630 2679 3710 2750 in
3744 2702 3855 2762 se,

2309 2797 2387 2866 et
2423 2793 2503 2865 in
2540 2793 2710 2866 suis
2753 2792 3023 2867 causis
3068 2792 3469 2886 proximis
3513 2792 3860 2867 habeant

2310 2909 2977 3002 contingentiam,
3019 2909 3281 2982 relata
3313 2913 3584 2982 tamen
3622 2910 3717 2981 ad
3757 2909 3864 2982 di·

2308 3027 2586 3100 vinum
2639 3027 3025 3101 intuitum
3111 3031 3188 3100 et
3239 3026 3858 3120 beneplacitum,

2312 3144 2428 3218 sie
2478 3144 2883 3225 eveniunt,
2939 3147 3023 3216 nt
3074 3147 3257 3217 sunt
3312 3143 3742 3238 praevolita
3774 3145 3854 3215 et

2312 3260 2685 3355 praevisa,
2725 3261 3156 3332 secundum
3192 3262 3396 3353 qnod
3434 3258 3623 3334 dicit
3659 3261 3857 3331 Boe-

2311 3376 2475 3449 tius
2514 3381 2579 3448 5.
2617 3377 2707 3448 (10
2744 3377 3316 3451 Consolatione
3347 3380 3393 3446 ‘.

2880 3683 3285 3740 SCHOLIUM.

3994 1506 4081 1562 21.

3892 3397 3912 3421 ⁸
3933 3399 4091 3470 Proca
4117 3397 4191 3447 111-

3977 3466 4116 3511 1111111.

2379 3860 2704 3916 Rationem
2756 3859 2915 3915 110110
2965 3862 3025 3914 01
3072 3861 3499 3916 auctoritatem
3535 3859 3897 3917 80011101--

2307 3957 2429 4014 sert
2464 3960 2676 4014 Doctor
2717 3959 2782 4014 in
2825 3959 3128 4029 primum,
3164 3958 3305 4015 dist.
3338 3959 3428 4014 39.
3460 3963 3678 4029 quaest.
3708 3957 3763 4014 5.
3797 3965 3859 4024 ἓ.

2311 4054 2496 4110 Tereia
2522 4057 2719 4125 positio
2749 4055 2905 4111 dicit.
2941 4054 3056 4111 Sed
3087 4070 3223 4112 eam
3258 4056 3602 4127 impugnat,
3634 4060 3858 4127 quate-

2305 4167 2422 4207 nus
2452 4166 2526 4206 ex
2558 4151 2670 4207 illa
2703 4152 2921 4208 volunt
2951 4150 3150 4223 aliqui
3186 4152 3426 4208 inferre
3457 4167 3600 4209 cum
3641 4152 3856 4208 Philo·
3913 4193 3918 4196 -

2302 4249 2512 4320 nophe,
2536 4249 2697 4320 quod
2721 4251 2833 4306 etsi
2865 4263 2980 4305 cau
3019 4264 3052 4305 a
3084 4250 3288 4321 prima
3321 4251 3673 4306 necessario
3702 4265 3858 4319 age-

2301 4352 2396 4404 ret
2448 4353 2508 4404 et
2540 4349 2895 4405 necessario
2929 4352 3231 4416 moveret,
3266 4347 3470 4406 adhuc
3517 4363 3719 4405 causae
3750 4365 3855 4406 se-

2299 4443 2519 4501 cundae
2548 4446 2985 4514 contingenter
3014 4451 3291 4514 agerent,
3324 4447 3390 4502 in
3422 4447 3639 4518 eisque
3668 4461 3854 4503 cons-

2296 4544 2435 4601 titui
2472 4547 2676 4615 posset
2722 4542 2902 4599 radix
2931 4544 3391 4614 contingentiae.
3427 4543 3583 4600 Vide
3635 4546 3844 4616 ipsum

2302 4643 2432 4698 loco
2459 4643 2663 4707 citato,
2698 4645 2759 4698 et
2786 4640 2927 4697 dist.
2961 4643 3015 4698 2.
3066 4643 3283 4712 quaest.
3316 4644 3369 4696 2.
3404 4645 3458 4707 ἓ.
3506 4641 3720 4697 Ostensa
3773 4643 3844 4697 de

2295 4733 2749 4800 proprietatibus.
2775 4730 2928 4787 Vide
2951 4731 3140 4788 etiam
3164 4731 3230 4785 in
3256 4731 3308 4786 Δἱ.
3335 4731 3478 4789 dist.
3518 4731 3602 4786 13.
3624 4735 3850 4804 quaest.

2305 4827 2356 4882 1.
2390 4832 2505 4884 art.
2538 4827 2590 4883 3.
2624 4832 2686 4884 01
2713 4825 2855 4883 dist.
2889 4827 2977 4883 43.
3012 4831 3227 4898 quaest.
3259 4827 3313 4882 3.
3348 4826 3463 4883 Ubi
3499 4832 3684 4897 negat
3715 4842 3853 4883 mo-

2302 4929 2535 4985 tionem
2567 4941 2771 4983 causae
2802 4927 3023 4997 primae
3056 4940 3192 4982 esse
3233 4924 3478 4997 aliquid
3528 4931 3851 4997 receptum

2306 5028 2369 5083 in
2401 5039 2588 5082 causa
2621 5024 2912 5091 secunda,
2948 5029 3008 5081 et
3037 5023 3178 5080 dist.
3211 5023 3300 5079 49.
3350 5029 3572 5095 quaest.
3620 5029 3676 5083 6.
3729 5025 3850 5083 Ubi

2305 5124 2457 5180 dicit
2488 5123 2617 5181 tolli
2655 5122 3029 5189 libertatem,
3063 5121 3112 5177 si
3145 5121 3388 5193 aliquid
3436 5137 3549 5194 per
3597 5123 3850 5182 modum

2305 5221 2554 5280 habitus
2610 5227 2948 5293 poneretur
2996 5222 3060 5277 in
3093 5221 3434 5289 voluntate,
3469 5225 3854 5281 necessitans

2303 5336 2439 5378 eam
2475 5321 2550 5378 ad
2583 5323 2892 5378 effectum.
2929 5320 3100 5377 Unde
3149 5333 3269 5375 non
3301 5324 3472 5377 recte
3501 5335 3535 5375 a
3586 5320 3854 5392 quibus-

2299 5422 2440 5479 dam
2473 5420 2810 5478 attrahitur
2859 5420 2923 5476 in
2973 5420 3234 5475 classem
3265 5433 3482 5477 eorum
3515 5421 3621 5491 qui
3670 5434 3851 5477 asse-

2297 5525 2445 5576 runt
2478 5518 3195 5590 praedeterminationem
3221 5517 3404 5574 liberi
3439 5517 3681 5575 arbitrii
3705 5533 3847 5576 esse

336 5617 535 5683 posita.
639 5599 773 5674 Sed
839 5595 1018 5669 sore
1093 5618 1351 5691 posse,
1427 5618 1586 5672 non
1684 5598 2181 5693 conjunctim
2294 5618 2714 5676 necessariam
2746 5615 2822 5674 ad
2854 5632 3038 5675 suum
3070 5619 3360 5677 effectum
3411 5623 3579 5678 certo
3625 5631 3847 5676 conse-
