4252 6393
438 5438 519 5488 23.

360 5501 492 5550 Vide
520 5503 600 5551 ob-

340 5566 373 5632 j
376 5564 602 5613 cotiones

361 5641 512 5680 mam.
543 5627 592 5677 3.

678 403 798 470 666

665 565 901 649 entis,
966 570 1047 641 et
1105 567 1187 639 in
1250 567 1570 642 ratione
1630 586 2059 649 mensurae,
2130 568 2214 637 ut

669 688 1212 776 comparatur
1253 684 1348 757 ad
1404 686 1740 765 motum,
1802 682 2216 755 diversum

666 806 793 874 est
872 801 1305 875 seeundum
1396 802 1959 876 diversitatem
2054 822 2214 874 mo·

663 920 922 990 tuum.

759 1036 931 1108 Hoe
992 1036 1240 1109 etiam
1310 1039 1557 1129 patet,
1631 1038 1819 1129 quia
1892 1037 2213 1118 indicat,

671 1150 877 1242 quod
920 1150 987 1223 si
1038 1157 1307 1225 essent
1362 1154 1640 1246 plures
1692 1155 1897 1238 eoeli,
1962 1154 2216 1228 adhue

671 1271 890 1341 esset
924 1289 1169 1341 unum
1231 1274 1547 1363 tempus
1622 1272 1942 1344 ratione
2008 1294 2219 1343 men-

672 1404 912 1465 surae,
972 1385 1105 1457 sed
1140 1386 1377 1478 plura
1415 1387 1493 1459 in
1530 1388 1845 1461 ratione
1888 1389 2124 1463 entiS.

762 1500 932 1573 Hoe
991 1501 1240 1573 etiam
1286 1509 1534 1596 patet,
1591 1506 1778 1597 quia
1820 1505 2218 1580 Aristote-

673 1615 885 1688 1084.
930 1621 1201 1705 Physz‘C.
1268 1633 1429 1691 tart.
1497 1647 1661 1692 com.
1730 1628 1879 1695 133.
1944 1624 2022 1698 in
2063 1627 2216 1700 fine

670 1753 848 1826 cap.
883 1734 974 1807 de
1016 1736 1440 1828 Tempore,
1496 1738 1712 1821 dicit,
1767 1743 1972 1833 quod
2008 1744 2218 1818 sieut

672 1855 942 1923 motus
975 1852 1408 1926 circularis
1440 1860 1564 1930 est
1601 1878 1978 1931 mensura
2024 1862 2219 1935 alio-

671 1986 853 2040 rum
890 1973 1280 2054 motuum,
1331 1972 1444 2045 sie
1477 1976 1822 2067 tempus,
1861 1978 2064 2067 quod
2095 1984 2219 2052 est

665 2082 843 2174 ejus
906 2105 1313 2168 mensura,
1378 2094 1499 2161 est
1561 2091 1810 2164 etiam
1862 2094 2218 2168 aliorum

671 2200 1034 2274 omnium
1075 2207 1557 2295 temporum,
1597 2210 1776 2280 Non
1809 2214 2080 2283 autem
2113 2213 2220 2284 di-

669 2321 891 2393 ceret
948 2324 1267 2414 tempus
1316 2345 1494 2396 esse
1539 2346 2003 2401 mensuram
2050 2352 2219 2404 om-

673 2436 899 2509 nium
944 2442 1433 2531 temporum,
1482 2442 1550 2514 si
1594 2464 1751 2516 non
1793 2450 2008 2520 esset
2058 2448 2217 2520 nisi

671 2574 918 2627 unum
991 2560 1338 2649 tempus.
1386 2562 1585 2632 Cum
1646 2559 1857 2633 enim
1917 2562 2219 2636 dieitur

673 2672 883 2763 quod
962 2673 1156 2746 illud
1233 2678 1552 2768 tempus
1631 2682 1752 2752 est
1834 2700 2218 2754 mensura

676 2787 1040 2863 omnium
1104 2795 1568 2885 temporum
1640 2793 1793 2869 hoe
1852 2816 2011 2869 non
2077 2820 2216 2891 po-

670 2908 833 2980 test
881 2906 1256 3000 intelligi,
1302 2912 1509 3003 quod
1571 2916 1833 2987 totum
1896 2920 2219 3009 tempus

674 3023 780 3098 sit
837 3045 1225 3097 mensura.
1296 3028 1656 3102 omnium
1724 3035 2215 3125 temporum,

672 3141 747 3216 id
790 3146 939 3225 est,
981 3144 1339 3218 omnium
1377 3148 1733 3239 partium
1778 3152 2204 3244 temporis,

674 3259 861 3351 quia,
907 3281 1285 3334 mensura
1332 3270 1454 3338 est
1519 3266 1613 3348 id,
1680 3269 1882 3357 quod
1925 3274 2049 3342 est
2082 3291 2220 3343 no-

675 3376 1113 3461 tissimum,
1164 3400 1353 3472 pars
1425 3385 1697 3454 autem
1758 3385 2036 3456 notior
2094 3393 2218 3460 est

671 3499 846 3568 toto
883 3521 898 3564 :
941 3518 1325 3568 mensura
1382 3501 1503 3570 est
1561 3498 1655 3580 id,
1710 3501 1943 3591 eujus
1978 3523 2219 3593 quan-

671 3611 868 3684 titas
902 3616 1027 3686 est
1061 3613 1321 3704 magis
1373 3617 1590 3697 nota,
1633 3618 1893 3708 magis
1946 3623 2217 3693 autem

675 3732 871 3803 nota
938 3734 1062 3803 est
1124 3729 1540 3821 quantitas
1616 3733 1902 3823 partis,
1978 3755 2217 3826 quam

674 3847 929 3922 totius
974 3868 1228 3938 :ergo
1294 3852 1557 3922 totum
1620 3870 1778 3922 non
1818 3854 1943 3924 est
2008 3872 2217 3924 men-

674 3984 870 4035 sura
957 3964 1340 4055 partium,
1422 3965 1553 4036 sed
1651 3988 1692 4038 e
1763 3968 2215 4040 contrario.

672 4082 835 4154 Nee
900 4085 1167 4173 potest
1237 4081 1584 4172 intelligi
1634 4085 1965 4177 proprie
2029 4086 2220 4158 illud

672 4199 1033 4282 Verbum,
1083 4203 1287 4292 quod
1332 4215 1583 4291 tempus
1620 4209 1706 4270 sic
1749 4229 2055 4273 mensura
2086 4231 2219 4273 om-

674 4322 863 4386 nium
903 4331 1291 4404 temporum,
1362 4318 1549 4409 quia
1606 4340 1798 4412 pars
1840 4327 1964 4395 ost
2010 4344 2221 4394 luen-

671 4454 863 4504 sura
899 4433 1185 4514 totius;
1229 4455 1610 4508 mensura
1659 4438 1873 4509 enIm
1917 4457 1964 4509 a
2010 4461 2218 4511 men-

672 4552 960 4621 surato
1015 4547 1571 4640 distinguitur,
1620 4551 1807 4642 quia
1867 4556 1988 4624 est
2056 4554 2219 4625 uni·

678 4685 957 4756 genea,
1034 4686 1226 4759 pars
1291 4671 1563 4740 autem
1624 4667 1742 4739 ide
1779 4689 1902 4739 u1o
1929 4675 2002 4743 st
2040 4671 2215 4744 toti.

674 4784 838 4856 Nee
905 4787 1171 4876 potest
1237 4784 1585 4876 intelligi
1631 4785 1820 4859 illud
1854 4788 2216 4870 verbum,

674 4901 881 4994 quod
935 4923 1123 4995 pars
1186 4903 1292 4976 sit
1354 4924 1736 4975 mensura
1799 4905 2084 4996 partis,
2137 4911 2220 4979 ut

674 5040 831 5091 una
904 5019 1307 5092 revolutio
1378 5019 1721 5092 alterius
1778 5021 2221 5094 revolutio-

672 5134 829 5217 nis,
895 5136 1084 5227 quia
1163 5135 1538 5227 quaelibet
1616 5139 1737 5208 est
1792 5138 2222 5228 aequaliter

675 5259 895 5337 nota,
976 5274 1356 5326 mensura
1424 5259 1696 5329 autem
1767 5257 1889 5327 est
1956 5257 2220 5346 magis

682 5377 903 5447 nota..

768 5491 922 5562 Per
990 5490 1141 5562 hoe
1205 5494 1423 5582 patet
1496 5490 1797 5563 solutio
1868 5492 1961 5563 ad
2030 5492 2216 5574 alia,

678 5628 851 5699 quae
925 5607 1167 5702 objici
1230 5612 1632 5703 possunt:
1695 5608 1879 5701 quia
1944 5630 2223 5682 seeun-

1838 407 1939 469 DE
1984 405 2249 471 RERUM
2295 405 2680 470 PRINCIPIO

2329 565 2514 639 dum
2549 565 2698 641 hoe
2729 587 3014 639 verum
3054 570 3204 652 est,
3255 566 3460 658 quod
3505 569 3876 639 cessante

2337 688 2556 757 motu
2608 683 2848 776 primi
2904 683 3251 765 mobiliS,
3315 680 3569 755 adhue
3615 704 3878 755 move-

2336 804 2565 873 retur
2620 805 2800 873 rota
2842 801 3095 892 figuli,
3132 805 3211 873 et
3256 804 3882 872 mensuraretur

2333 922 2726 1010 tempore,
2766 918 2953 1010 quia
3030 916 3709 1012 apprehendimus
3751 917 3880 989 du-

2335 1036 2742 1110 rationem
2841 1038 3206 1128 longam‚
3298 1034 3422 1106 vel
3521 1035 3874 1115 brevem,

2331 1153 2885 1246 comparando
2941 1152 3201 1245 ipsam
3236 1151 3331 1223 ad
3365 1149 3879 1223 durationem

2332 1269 2679 1363 alicujus
2730 1273 2998 1342 motus
3059 1267 3402 1341 alterius
3448 1267 3711 1358 magis
3745 1286 3879 1339 no-

2330 1387 2452 1461 bis
2523 1387 2722 1470 noti,
2794 1392 2873 1460 et
2944 1387 3204 1478 magis
3282 1384 3513 1458 eerti.
3589 1386 3694 1457 Et
3764 1383 3877 1455 sie

2333 1506 2702 1597 quamvis
2760 1504 3083 1578 duratio
3147 1507 3417 1575 motus
3448 1500 3653 1583 coeli,
3692 1499 3880 1592 quia

2335 1623 2548 1696 inter
2610 1643 2886 1694 omnes
2947 1624 3069 1693 est
3115 1618 3484 1693 omnibus
3535 1616 3880 1690 homini-

2331 1742 2476 1813 bus
2519 1738 3066 1813 communiter
3110 1736 3372 1828 magis
3432 1740 3652 1817 nota,
3714 1754 3881 1805 ma-

2335 1858 2458 1949 gis
2494 1855 2862 1949 simplex,
2901 1859 2981 1928 et
3008 1853 3270 1943 magis
3302 1850 3885 1944 distinguibilis

2337 1996 2479 2069 per
2523 1979 2798 2066 partes
2848 1972 2947 2043 ab
2988 1968 3574 2062 imaginatione
3617 1968 3884 2060 signa-

2333 2094 2488 2174 taS,
2550 2091 2721 2163 ideo
2785 2094 3129 2181 teinpus,
3197 2086 3404 2179 quod
3456 2089 3580 2159 est
3622 2084 3704 2157 in
3740 2085 3881 2157 illo

2337 2213 2589 2289 motu,
2657 2212 2781 2281 est
2850 2204 3399 2278 communiter
3469 2222 3881 2283 mensura,

2332 2331 2412 2399 et
2453 2324 2768 2398 certior
2827 2324 2918 2393 ad
2966 2319 3592 2394 mensurandum
3642 2318 3883 2390 dura-

2334 2442 2639 2516 tionem
2699 2439 3052 2512 aliorum
3116 2441 3506 2512 motuum.
3573 2434 3883 2508 Nihilo·

2335 2559 2600 2631 minus
2644 2556 2711 2628 si
2756 2555 2891 2629 ille
2945 2557 3212 2627 motus
3245 2573 3405 2626 non
3438 2550 3884 2646 apprehen-

2331 2679 2596 2757 datur,
2646 2676 2731 2746 ut
2792 2693 3040 2766 supra
3075 2676 3093 2696 ⁶
3133 2670 3322 2752 dixi,
3369 2670 3495 2741 vel
3539 2671 3605 2743 si
3651 2690 3879 2743 mens
3909 2709 3926 2728 ·
3966 2721 4100 2757 num.
4126 2703 4174 2753 21

2333 2814 2491 2866 non
2537 2792 2840 2865 referat
2899 2790 3414 2863 durationem
3458 2788 3550 2860 ad
3614 2788 3875 2869 illum,

2335 2911 2468 2983 sed
2519 2910 2614 2981 ad
2665 2907 2916 2980 alium
2954 2909 3290 2986 motum,
3340 2910 3426 2980 ut
3470 2924 3718 2997 supra
3752 2909 3881 2977 est

2332 3048 2561 3101 exem
2577 3027 3044 3119 plifieatum,
3096 3044 3418 3116 semper
3449 3026 3722 3095 tamen
3755 3042 3882 3129 aes

2333 3146 2630 3240 cipiam
2696 3144 3100 3217 rationem
3143 3140 3544 3236 temporis
3585 3141 3684 3214 ab
3737 3140 3882 3214 illo

2336 3270 2586 3344 motu,
2639 3285 2779 3356 per
2821 3263 3051 3354 eujus
3093 3261 3603 3334 durationem
3657 3281 3888 3332 mens

2328 3392 2637 3483 judieat
2678 3391 3191 3464 durationem
3235 3389 3604 3462 alterius

2427 3511 2578 3581 Per
2640 3507 2790 3580 hoe
2853 3506 3101 3580 etiam
3164 3510 3388 3598 patet
3452 3504 3885 3597 responsio

2335 3628 2429 3698 ad
2474 3626 2720 3697 aliam
2768 3624 3270 3704 instantiam,
3311 3624 3377 3694 si
3422 3627 3695 3695 essent
3726 3623 3887 3693 duo

2337 3742 2667 3814 mobilia
2740 3761 2966 3832 aeque
3054 3739 3344 3831 prima,
3429 3738 3614 3830 quia
3693 3742 3888 3810 tune

2334 3863 2605 3932 essent
2675 3856 2930 3928 multa
3001 3860 3375 3948 tempora
3446 3853 3890 3926 seeundum

2339 3997 2537 4058 rem,
2592 3981 2673 4049 et
2708 3975 2787 4047 in
2833 3971 3149 4047 ratione
3207 3992 3608 4044 mensurae
3661 3991 3891 4044 eom-

2337 4097 2646 4184 paratae
2689 4092 2782 4163 ad
2836 4089 3364 4171 intellectum,
3413 4088 3541 4160 vel
3577 4087 3891 4178 eogita-

2338 4209 2638 4283 tionem
2675 4214 3072 4291 nostram,
3109 4211 3381 4279 essent
3411 4205 3661 4280 etiam
3684 4206 3876 4288 due,

2338 4325 2771 4398 seeundum
2808 4323 3010 4416 quod
3056 4320 3486 4414 aliquando
3537 4321 3891 4412 dirigen-

2334 4444 2428 4514 do
2492 4445 2912 4533 aspectum
2968 4438 3062 4509 ad
3124 4460 3395 4521 unum,
3454 4438 3893 4530 aliquando

2335 4557 2427 4628 ad
2464 4555 2713 4626 alium
2761 4574 3326 4626 111ensura1nus
3367 4552 3891 4626 durationem

2336 4670 2687 4743 aliorum
2734 4674 3123 4743 motuum.
3173 4670 3271 4742 Et
3324 4668 3392 4742 si
3437 4667 3701 4740 solum
3745 4688 3898 4759 per

2338 4809 2584 4860 unum
2660 4806 3255 4868 mensuramuS,
3338 4787 3600 4858 solum
3670 4793 3898 4860 esset

2339 4925 2583 4975 unum
2607 4907 2953 4997 tempus,
2993 4903 3204 4976 sieut
3239 4922 3622 4976 mensura
3648 4924 3898 4996 quan-

2338 5029 2508 5098 tum
2543 5023 2636 5093 ad
2682 5021 3212 5095 intellectum.

2423 5141 2585 5211 Nee
2622 5143 2949 5230 oportet
2984 5157 3284 5231 ponere
3337 5143 3677 5229 propter
3707 5135 3893 5220 hoo,

2337 5256 2544 5347 quod
2589 5257 2776 5329 lieet
2814 5260 3081 5329 motus
3123 5253 3304 5328 coeli
3350 5254 3458 5328 sit
3503 5275 3896 5328 mensura

2336 5375 2720 5455 aliorum,
2787 5378 2868 5447 et
2935 5372 3117 5444 finis
3191 5378 3460 5447 motus
3528 5372 3890 5445 aliorum

2340 5497 2731 5570 motuum,
2765 5489 2968 5582 quod
3007 5493 3345 5582 propter
3377 5488 3527 5562 hoo
3558 5488 3692 5561 ille
3729 5510 3892 5560 mo‹

2339 5613 2468 5683 tus
2516 5608 2621 5681 sit
2665 5626 2913 5680 eausa
2967 5606 3320 5679 aliorum
3383 5606 3626 5695 (sieut
3669 5605 3890 5680 enim

4031 5191 4112 5239 2⁴.
