4252 6393
1568 496 1756 572 QUAE
1767 497 1941 560 STlO
1997 495 2078 561 1x

236 659 436 742 mari,
505 679 597 733 ac
642 679 788 753 per
862 657 1015 731 hoc
1080 677 1243 731 non
1301 656 1599 730 habent
1660 661 1748 731 ut

233 776 554 871 perfecte
614 775 766 849 sibi
830 781 1116 850 mutuo
1187 774 1614 857 uniantur,
1674 778 1755 848 et

230 898 497 987 quanto
569 893 833 986 magis
902 893 1181 987 aliqua
1255 894 1644 967 recedunt
1706 913 1754 966 a

226 1012 775 1105 corporeitate,
813 1015 1048 1088 tanto
1091 1010 1356 1104 magis
1390 1032 1475 1083 se
1520 1031 1753 1104 pene·

230 1132 445 1210 trant,
489 1148 583 1201 ac
624 1148 772 1221 per
800 1126 954 1201 hoc
1017 1126 1282 1220 magis
1343 1130 1532 1201 sunt
1574 1126 1751 1200 uni·

227 1242 415 1316 bilia.
452 1247 622 1319 Hoc
656 1248 880 1338 patet
915 1244 995 1317 in
1027 1245 1333 1318 lumine
1368 1247 1747 1338 respectu

229 1362 568 1455 corporis
613 1360 874 1456 opaci,
907 1366 989 1437 et
1020 1362 1430 1457 diaphani.
1478 1362 1561 1438 Si
1604 1361 1752 1455 igi·

230 1481 344 1550 tur
370 1478 1005 1562 consideremus,
1043 1481 1254 1573 quod
1288 1479 1558 1554 omnis
1591 1479 1755 1553 alia

228 1593 457 1669 forma
502 1597 603 1671 ab
664 1596 1213 1680 intellectiva,
1261 1601 1404 1672 aut
1469 1602 1593 1672 est
1662 1598 1754 1671 de

226 1712 533 1786 materia
566 1714 879 1796 educta,
918 1719 1060 1788 aut
1101 1715 1194 1786 de
1238 1713 1561 1787 ratione
1598 1735 1747 1787 sua

228 1828 377 1920 plus
445 1831 754 1906 accedit
841 1831 938 1904 ad
1046 1831 1752 1911 materialitatem.

226 1945 633 2022 videbimus
665 1954 951 2043 aperte
994 1949 1201 2042 quod
1231 1949 1456 2022 nulla
1517 1949 1755 2022 habet

232 2062 445 2137 talem
553 2067 875 2138 modum
955 2066 1589 2160 spiritualitatis
1675 2071 1757 2141 et

234 2182 926 2270 penetrabilitatis‚
972 2203 1065 2256 ac
1106 2203 1254 2277 per
1317 2183 1469 2258 hoc
1536 2184 1760 2256 unio·

234 2294 360 2377 nis,
419 2298 632 2372 sicut
704 2297 886 2393 ipsa
940 2325 955 2369 ε
1010 2304 1089 2374 et
1152 2300 1340 2392 quia
1373 2299 1616 2373 homo
1659 2300 1760 2373 ab

238 2430 316 2482 ea
335 2418 447 2488 est
476 2414 753 2498 homo,
792 2415 977 2508 ideo
1001 2417 1265 2508 magis
1305 2420 1432 2491 est
1478 2437 1753 2500 unum,

235 2547 439 2618 quam
471 2533 801 2626 aliquod
828 2533 1041 2608 aliud
1078 2534 1656 2628 compositum.

304 2646 514 2732 Item,
576 2669 827 2721 unum
868 2654 948 2724 et
979 2671 1182 2732 esse,
1222 2654 1310 2725 ut
1343 2651 1755 2744 supradic-

232 2764 375 2835 tum
427 2768 551 2839 est
596 2786 744 2859 per
813 2768 1192 2841 Boetium
1239 2769 1321 2835 de
1384 2770 1654 2837 Unitaee
1698 2764 1762 2837 et

235 2878 371 2962 Uno,
429 2907 574 2973 cap.
643 2887 706 2956 1.
769 2887 1371 2959 convertuntur
1433 2889 1516 2959 et
1574 2905 1758 2978 pro-

236 2995 829 3082 portionantur:
863 3000 998 3073 sed
1032 3003 1207 3074 tota
1234 3000 1450 3074 ratio
1484 3020 1755 3073 essen-

236 3107 317 3191 di,
357 3133 521 3206 quae
561 3120 835 3210 potest
875 3117 1344 3210 excogitari
1384 3117 1569 3191 dari
1612 3117 1761 3190 ali-

239 3229 346 3300 cui
400 3235 859 3328 composito
900 3235 1291 3318 naturali,
1348 3236 1592 3311 datur
1660 3235 1759 3308 ab

243 3344 708 3426 intellectiva
734 3373 899 3425 suae
929 3352 1324 3436 materiae,
1354 3353 1524 3426 sive
1543 3373 1755 3427 com-

244 3466 505 3553 posito,
543 3475 631 3545 ut
662 3492 841 3544 esse
873 3471 1222 3544 liberum
1258 3470 1758 3545 intellectui-

243 3588 574 3669 quamvis
606 3588 824 3660 enim
866 3589 1030 3662 sint
1087 3589 1430 3661 diversae
1466 3588 1757 3660 sormae

241 3694 307 3767 in
345 3698 681 3787 homine,
717 3706 998 3779 dantes
1039 3706 1364 3779 diversa
1393 3730 1550 3786 esse,
1583 3703 1759 3776 ani-

245 3832 354 3887 ma
384 3817 873 3896 intellectiva
907 3844 1066 3895 non
1105 3824 1367 3896 solum
1392 3824 1527 3896 dat
1577 3842 1755 3894 esse

246 3926 684 4021 intellectui,
742 3940 876 4012 sed
931 3940 1249 4033 perficit
1283 3944 1515 4014 actus
1563 3939 1761 4011 alia-

249 4064 404 4121 rum
462 4053 945 4127 formarum.
993 4056 1215 4140 Quod
1267 4061 1516 4149 patet,
1569 4059 1758 4152 quia

252 4159 404 4254 ipsa
480 4174 924 4257 recedente,
1027 4173 1312 4267 incip1t
1408 4176 1760 4249 materia

252 4291 634 4383 corrumpi
714 4290 976 4382 quoad
1063 4295 1296 4365 actus
1401 4291 1759 4365 aliarum

256 4395 722 4488 formarum;
831 4426 1033 4499 ergo
1138 4408 1206 4480 si
1324 4410 1757 4482 secundum

256 4512 589 4595 Boetium
646 4526 762 4591 lib.
835 4526 943 4597 10.
1007 4526 1090 4592 de
1153 4527 1422 4593 Unilate
1476 4540 1537 4593 et
1590 4529 1755 4608 Um,

257 4654 381 4721 cap.
443 4642 497 4709 1.
570 4639 837 4713 forma
898 4641 1033 4715 dat
1092 4662 1303 4723 0550,
1380 4642 1539 4716 ista
1599 4642 1760 4715 sor-

263 4767 374 4821 ma
432 4756 612 4829 dans
681 4779 893 4839 esse,
961 4764 1620 4832 consummatum
1680 4763 1761 4832 et

266 4867 702 4955 perfectum,
789 4875 1025 4967 quale
1109 4880 1517 4949 creaturae
1584 4895 1760 4948 cor·

268 4988 592 5075 ruptibili
663 4996 934 5084 potest
977 4993 1596 5074 communicari,
1637 4997 1763 5067 est

266 5100 668 5183 perfectior
747 5108 969 5180 omni
1047 5108 1360 5191 forma,
1446 5128 1539 5182 ac
1620 5129 1765 5201 per

268 5210 399 5288 hoc
473 5224 808 5298 unitiori
864 5229 945 5298 et
1021 5224 1425 5299 intimiori
1496 5225 1766 5298 forma

272 5327 577 5423 intimat,
630 5348 711 5417 et
772 5362 1022 5414 unum
1082 5342 1305 5424 facit,
1374 5346 1767 5435 tanquam

278 5449 514 5530 forma
588 5463 662 5535 in
744 5485 899 5557 qua
992 5465 1495 5537 termInatur
1588 5468 1769 5538 tota

281 5568 469 5641 ratio
495 5579 817 5661 essendi,
855 5600 1040 5652 cum
1074 5580 1345 5651 forma
1380 5579 1488 5652 sit
1531 5583 1771 5651 matc-

3291 496 3409 561 4³5

1868 659 1983 731 tio
2035 656 2329 730 formae
2369 655 2871 732 terminatur
2912 657 3008 730 ad
3056 656 3415 731 sormam

1868 774 2480 858 intellectivam,
2538 781 2625 850 ut
2664 775 2965 850 dicitur
3000 777 3068 847 2.
3136 778 3411 863 physic.

1867 910 2029 967 texe.
2068 901 2436 966 Commeat.
2471 898 2584 969 26.
2623 895 2751 970 Sic
2785 899 2964 969 tota
2998 894 3216 969 ratio
3250 894 3417 968 uni·

1867 1013 2092 1096 tatis,
2149 1033 2324 1106 quae
2390 1012 2656 1108 possit
2716 1034 2897 1085 esse
2966 1011 3048 1085 in
3135 1011 3412 1104 aliquo

1868 1128 2330 1221 composito
2365 1148 2566 1220 pure
2597 1127 2985 1210 naturali,
3029 1127 3417 1200 termina-

1869 1250 2010 1320 tur
2052 1245 2132 1318 in
2173 1243 2527 1328 homine,
2566 1248 2654 1320 ut
2697 1245 2779 1318 in
2810 1243 3099 1318 ultimo
3132 1244 3419 1317 termi-

1867 1383 1972 1435 no
2030 1368 2353 1437 naturae
2416 1387 2431 1432 :
2508 1365 2855 1457 propter
2922 1360 3130 1454 quod
3205 1360 3414 1444 dico,

1870 1480 2078 1572 quod
2148 1479 2228 1552 in
2269 1479 2594 1551 homine
2635 1481 2759 1552 est
2818 1476 3088 1571 major
3148 1477 3419 1551 unitas

1868 1598 2335 1673 essentialis
2379 1618 2618 1690 quam
2688 1597 2768 1669 in
2811 1595 3085 1687 aliquo
3144 1594 3414 1675 bruto,

1868 1715 1996 1788 vol
2047 1715 2511 1808 composito
2581 1711 2968 1794 naturali,
3040 1714 3122 1785 et
3165 1710 3245 1784 in
3318 1731 3416 1783 eo

1871 1833 2373 1906 terminatur
2434 1831 2697 1903 omnis
2754 1829 2971 1903 ratio
3040 1827 3412 1909 unitatis,

1869 1952 1957 2022 ut
1992 1948 2072 2020 in
2115 1948 2500 2023 termino.

2229 2281 2475 2340 ARTlC.
2551 2281 2619 2339 11.
2695 2278 2900 2339 SECT.
2979 2279 3078 2339 1v.

1869 2463 2076 2529 Homo
2133 2462 2496 2549 perfectius
2553 2473 2616 2529 et
2664 2463 2890 2530 verius
2953 2473 3048 2529 est
3097 2462 3291 2529 homo
3341 2464 3416 2530 in

1955 2590 2136 2646 statu
2190 2591 2455 2647 naeuroe
2503 2581 2792 2648 conditoe
2832 2601 3031 2667 quam
3072 2580 3300 2668 lapsae,
3353 2589 3417 2647 el

1960 2700 2034 2764 in
2077 2708 2259 2764 seam
2282 2700 2538 2785 patria?
2577 2720 2778 2787 quam
2827 2698 3008 2765 vieae.

1962 2896 2079 2966 Ex
2142 2916 2299 2988 quo
2361 2898 2611 2988 patet,
2650 2895 2857 2988 quod
2917 2915 3103 2968 cum
3144 2914 3287 2967 ens
3336 2897 3421 2968 ct

1873 3032 2121 3084 unum
2219 3016 2837 3092 convertantur,
2945 3011 3153 3104 quod
3259 3017 3420 3084 un'a

1874 3128 2334 3204 substantia
2411 3128 2872 3222 composita
2955 3131 3083 3203 est
3154 3128 3421 3221 magis

1868 3245 2330 3320 substantia
2419 3266 2661 3338 quam
2738 3245 2929 3327 alia,
3043 3244 3264 3319 sicut
3342 3249 3425 3319 et

1873 3360 2137 3451 magis
2216 3380 2399 3433 una.
2474 3363 2573 3433 Et
2642 3380 2800 3431 non
2865 3359 3131 3431 solum
3178 3358 3259 3431 in
3308 3359 3423 3431 di-

1874 3476 2133 3548 versis
2194 3476 2622 3569 speciebus
2682 3481 2763 3547 et
2797 3475 3263 3566 generibus»,
3329 3479 3420 3549 ut

1872 3594 2113 3668 homo
2175 3598 2298 3669 ost
2378 3593 2637 3685 magis
2724 3614 2905 3676 ens,
2996 3598 3076 3668 et
3157 3592 3423 3683 magis

1872 3733 2119 3785 unum
2184 3734 2423 3806 quam
2529 3712 2888 3792 brutum,
2981 3710 3114 3782 sed
3173 3710 3425 3783 etiam

1874 3830 1953 3901 in
2020 3829 2296 3902 eadem
2351 3829 2643 3922 specie,
2709 3849 2915 3900 unus
2966 3826 3210 3899 homo
3255 3848 3423 3900 ma-

1874 3945 1998 4037 gis
2103 3951 2229 4020 cst
2304 3944 2592 4025 homo,
2686 3947 2766 4020 et
2859 3942 3120 4035 magis
3217 3963 3423 4016 unus

1874 4083 2114 4152 quam
2154 4062 2394 4144 alius,
2435 4063 2872 4135 secundum
2908 4060 3114 4152 quod
3150 4060 3428 4133 anima

1876 4179 2308 4253 rationalis
2361 4184 2488 4253 est
2531 4179 3047 4272 completior,
3103 4181 3184 4251 et
3245 4197 3430 4269 per-

1873 4296 2170 4371 fectior
2229 4316 2468 4388 quam
2540 4295 2744 4399 alia;
2801 4300 2882 4370 ct
2942 4315 3188 4367 unum
3251 4313 3429 4366 cor-

1880 4434 2028 4505 pus
2072 4412 2239 4484 alio
2287 4412 2364 4484 in
2406 4411 2997 4505 complexione,
3043 4414 3125 4485 ct
3168 4428 3429 4501 aequa-

1874 4527 2117 4601 litate
2135 4528 2733 4602 clementorum
2751 4526 3221 4619 perfectius,
3241 4525 3432 4619 quia

1880 4666 2133 4717 unum
2160 4665 2305 4715 cns
2331 4664 2490 4716 non
2512 4643 2818 4717 dicitur
2852 4643 3116 4715 solum
3149 4642 3429 4717 verius

1881 4780 2062 4830 0550
2133 4758 2295 4831 talc
2359 4777 2602 4849 quam
2662 4756 2904 4837 aliud,
2952 4755 3122 4827 sive
3175 4756 3256 4827 in
3321 4754 3430 4827 di·

1888 4876 2155 4949 versis
2187 4874 2630 4968 speciebuS,
2679 4874 2959 4946 sivein
3010 4895 3194 4955 una,
3242 4873 3432 4966 quia

1876 4994 2059 5087 ejus
2198 4990 2611 5085 principia
2725 4995 2913 5064 sunt
3026 4989 3433 5064 nobiliora

1880 5132 2120 5204 quam
2175 5110 2561 5188 alterum,
2630 5108 2762 5179 sed
2823 5108 3012 5201 quia
3063 5129 3220 5181 una
3271 5106 3432 5179 for-

1883 5248 2013 5300 ma
2077 5226 2356 5298 verius
2397 5230 2478 5298 et
2549 5224 2918 5298 intimius
2982 5223 3261 5299 unitur
3302 5224 3440 5297 uni

1904 5343 2273 5416 materiae
2323 5362 2560 5433 quam
2609 5341 2814 5423 alia3
2877 5346 2957 5415 et
2991 5346 3165 5414 tota
3224 5341 3439 5414 ratio

1888 5459 2234 5533 unitatis
2256 5459 2633 5541 hominiS,
2662 5464 2738 5532 et
2769 5479 2911 5550 per
2941 5478 3439 5550 consequens

1901 5578 2159 5651 totius
2223 5581 2569 5657 naturae,
2615 5580 2738 5648 cst
2784 5575 2971 5666 quia
3025 5574 3266 5646 homo
3316 5578 3441 5647 est

276 5679 417 5755 riae
446 5690 770 5778 unibilis,
830 5696 1042 5769 sicut
1095 5699 1275 5769 tota
1308 5693 1774 5767 considera·
1891 5694 2073 5766 sinis
2118 5700 2443 5768 naturae
2478 5692 2758 5772 totius,
2816 5691 2950 5783 qui
2983 5690 3136 5763 suit
3171 5690 3441 5764 termi-

3566 2915 3653 2969 75.
