4252 6393
479 2525 559 2578 ¹7.

382 2590 663 2642 Probatur

354 2651 407 2703 3.
439 2653 657 2728 coquetu-

470 2732 569 2768 sto.

715 356 834 419 354

705 518 990 600 swam,
1030 521 1118 591 ut
1154 517 1501 599 ostendi3
1540 537 1738 608 ergo
1775 516 1842 589 si
1887 516 2253 609 potentia

703 633 1029 728 passiva
1068 635 1338 709 differt
1403 636 1739 708 realiter
1778 655 1825 707 a
1886 635 2252 706 substan·

702 755 817 828 tia
890 755 1033 836 rei,
1125 776 1308 828 cum
1369 775 1464 827 ca
1525 774 1699 845 quac
1771 751 2056 826 taliter
2108 751 2250 824 dif-

699 871 999 953 ferunt,
1074 872 1365 944 saltem
1436 871 1898 945 intellectus
1989 869 2251 961 possit

701 1010 1114 1082 separare,
1198 988 1591 1080 sequitur,
1691 988 1895 1078 quod
1984 989 2251 1078 potest

705 1103 1052 1194 intelligi
1094 1109 1480 1176 creatura
1520 1123 1683 1176 non
1722 1103 2170 1195 dependens
2204 1121 2251 1171 a

702 1224 895 1302 Deo,
985 1221 1149 1293 imo
1209 1221 1371 1295 erit
1437 1225 1670 1294 actus
1758 1241 2009 1314 purus
2087 1238 2249 1290 non

704 1337 1283 1410 annihilabiliS.

796 1457 1028 1538 Item,
1091 1454 1233 1527 illa
1289 1454 1660 1549 potentia
1747 1474 1921 1546 quae
1978 1452 2251 1525 differt

705 1570 1068 1653 realiter,
1115 1574 1203 1645 ut
1264 1575 1349 1645 tu
1397 1570 1624 1652 dicis,
1669 1574 1795 1644 est
1836 1591 1976 1642 ens
2027 1588 2250 1642 crea·

702 1688 900 1769 tum,
957 1706 1050 1758 ac
1113 1706 1258 1779 per
1315 1685 1467 1759 hoc
1545 1687 2034 1780 dependens3
2108 1691 2250 1760 aut

702 1802 960 1895 igitur
1024 1805 1407 1897 dependet
1492 1806 1785 1898 seipsa,
1878 1809 2017 1877 aut
2103 1825 2250 1898 per

701 1920 949 1994 aliam
985 1922 1459 2015 potentiam,
1497 1925 1578 1995 et
1609 1921 1769 1995 erit
1810 1941 2248 2014 processus

702 2037 783 2109 in
825 2037 1271 2120 infinitum;
1332 2038 1460 2110 vel
1505 2038 1861 2112 stabitur
1917 2038 1996 2110 in
2057 2059 2244 2123 uno,

704 2154 784 2227 in
828 2174 984 2247 quo
1027 2175 1186 2228 non
1234 2154 1506 2231 differt
1550 2155 1915 2240 realiter,
1961 2160 2041 2229 et
2092 2177 2250 2249 qua

706 2268 1024 2343 ratione
1059 2269 1139 2342 in
1172 2289 1330 2342 uno
1364 2274 1572 2352 ente,
1607 2272 1884 2343 eadem
1929 2270 2248 2344 ratione

706 2383 786 2455 in
829 2385 1049 2457 omni
1099 2390 1306 2460 ente.

793 2510 1095 2591 Tertio,
1146 2511 1477 2585 ostendo
1520 2512 1727 2604 quod
1772 2512 1931 2586 ista
1973 2515 2248 2605 poten·

704 2624 821 2699 tia
862 2625 1351 2709 extenditur,
1404 2631 1485 2700 et
1547 2627 2097 2719 permiscetur
2168 2628 2248 2700 in

704 2741 924 2815 omni
955 2746 1137 2815 ente
1176 2748 1485 2817 creato.
1543 2743 2054 2836 Impossibile
2094 2750 2243 2826 est,

705 2860 911 2950 quod
989 2857 1312 2952 aliquod
1388 2864 1756 2934 creatum
1826 2860 1933 2935 sit
2009 2865 2248 2934 extra

702 2975 1109 3048 rationem
1151 2975 1388 3059 entis,
1426 2976 1615 3069 quia
1662 2977 1990 3051 omnino
2032 2980 2249 3050 esset

702 3089 950 3172 nihil;
1016 3096 1459 3186 propterea
1526 3113 1667 3165 ens
1736 3113 1899 3167 non
1977 3098 2247 3186 potest

698 3229 877 3282 esse
919 3229 1198 3301 genus,
1253 3209 1442 3302 quia
1482 3232 1667 3283 cum
1719 3211 1981 3284 omnis
2033 3212 2247 3285 diffe-

699 3324 969 3398 rentia
1010 3325 1117 3399 sit
1162 3330 1402 3400 extra
1444 3327 1847 3400 rationem
1892 3330 2243 3419 generis,

699 3444 916 3514 esset
956 3439 1199 3524 nihil;
1267 3441 1525 3534 igitur
1555 3443 1636 3515 in
1680 3445 2001 3519 ratione
2032 3446 2245 3520 entis

700 3558 1146 3652 participat
1180 3558 1397 3641 illud,
1434 3561 1641 3651 quod
1676 3562 2049 3653 sequitur
2082 3585 2247 3637 om-

701 3694 800 3747 ne
870 3695 1010 3748 ens
1088 3675 1567 3768 inquantum
1636 3698 1777 3750 ens
1846 3684 2242 3764 creatum,

700 3791 833 3864 sed
887 3792 1251 3885 potentia
1321 3794 1647 3885 passiva
1716 3797 2247 3888 consequitur

698 3905 1243 3981 substantiam
1301 3908 1512 3982 entis
1592 3911 1892 3992 creati}
1961 3915 2244 4001 (utos-

699 4025 1021 4095 tensum
1077 4028 1249 4113 est)
1280 4043 1480 4115 ergo
1517 4026 1728 4099 inest
1762 4026 1982 4100 omni
2021 4028 2214 4101 enti.

790 4149 1019 4230 Item,
1069 4147 1137 4220 si
1190 4149 1427 4224 detur
1494 4151 1817 4242 aliquod
1872 4157 2244 4226 creatum

698 4263 997 4355 absque
1032 4265 1402 4357 potentia
1436 4267 1787 4359 passiva,
1824 4271 2015 4342 tunc
2051 4269 2244 4342 illud

698 4379 860 4452 erit
948 4380 1518 4473 imperfectum
1608 4389 1980 4476 respectu
2045 4386 2236 4467 Dei;

699 4513 830 4566 res
917 4496 1130 4569 enim
1221 4503 1525 4589 quanto
1602 4503 1726 4573 est
1798 4499 2243 4593 perfectior

696 4616 1072 4702 respectu
1130 4612 1303 4695 Dei,
1374 4618 1608 4689 tanto
1660 4619 1785 4688 est
1853 4617 2243 4709 suscepti-

695 4724 942 4799 bilior
1029 4728 1388 4822 plurium
1471 4730 2065 4823 perfectionum
2124 4734 2242 4807 ..ab

695 4862 817 4925 eo,
881 4846 969 4918 ut
1011 4848 1236 4937 patet
1268 4845 1347 4917 in
1387 4851 1774 4921 creatura
1820 4848 2235 4922 rationali.

694 4962 859 5034 Nec
924 4965 1141 5035 esset
1216 4961 1575 5055 perfecta
1643 4969 2018 5057 respectu
2083 4966 2235 5048 sui,

689 5076 878 5168 quia
910 5083 1052 5151 aut
1086 5078 1423 5153 haberet
1456 5079 2023 5173 perfectiones,
2062 5103 2239 5173 quae

689 5199 876 5268 sunt
919 5196 1476 5270 essentialiter
1529 5197 1601 5271 id
1649 5197 1854 5291 quod
1908 5198 2111 5291 ipsa,
2159 5205 2239 5275 et

687 5314 880 5382 tunc
922 5315 1138 5385 esset
1182 5313 1398 5385 Deus
1435 5338 1449 5395 ;
1519 5317 1661 5387 aut
1702 5313 2006 5385 nullam
2063 5336 2238 5406 pcr-

684 5425 1119 5500 sectionem
1171 5426 1531 5509 haberet,
1606 5431 1687 5501 et
1720 5432 1908 5501 tunc
1943 5434 2083 5504 aut
2114 5452 2238 5502 es-

1890 355 1995 417 DE
2038 353 2305 418 RERUM
2351 354 2741 421 PRlNClPlO

2367 519 2482 592 sic
2575 524 2791 594 esset
2886 520 2967 592 in
3071 520 3438 614 potentia
3532 519 3886 613 passiva;

2365 642 2506 710 aut
2592 658 2750 710 non
2820 637 3178 720 haberet,
3243 659 3388 711 nec
3455 645 3670 714 essct
3728 662 3894 711 sus-

2364 756 2794 848 ceptibilis,
2858 761 2937 829 et
3008 761 3197 830 tunc
3277 761 3494 831 esset
3572 757 3891 830 omnino

2366 873 2869 966 imperfecta.
2925 876 3089 947 Nec
3142 874 3392 947 etiam
3452 879 3671 949 esset
3730 895 3896 968 per-

2364 989 2576 1063 fecta
2623 995 2992 1083 respectu
3057 990 3446 1073 universi,
3511 991 3698 1084 quia
3746 1011 3900 1064 non

2364 1112 2638 1201 posset
2694 1108 3075 1199 cogitari,
3124 1110 3330 1201 quod
3370 1109 3695 1201 aliquod
3737 1114 3899 1185 tan-

2364 1244 2848 1317 quampars
2917 1226 3255 1299 uniatur
3311 1225 3451 1298 alii
3515 1227 3610 1299 ad
3677 1227 3901 1319 perfi-

2360 1341 2726 1415 ciendum
2756 1345 3049 1424 totum,
3100 1343 3259 1416 nisi
3291 1344 3397 1418 sit
3432 1344 3511 1416 in
3543 1343 3903 1437 potentia

2364 1461 2739 1549 respectu
2828 1458 3092 1550 partis
3187 1459 3318 1533 cui
3412 1459 3719 1540 unitur,
3820 1463 3898 1533 et

2364 1576 2737 1666 respectu
2794 1573 3052 1649 totius
3114 1600 3129 1645 :
3194 1575 3264 1647 si
3319 1573 3534 1647 enim
3593 1574 3901 1646 nullum

2362 1694 2781 1782 aspectum
2840 1689 3179 1765 haberet
3237 1691 3331 1763 ad
3392 1694 3672 1784 partes
3746 1710 3903 1764 om-

2360 1807 2578 1888 nino,
2642 1807 2956 1879 nullum
3027 1812 3291 1882 totum
3361 1808 3905 1883 constitueret

2361 1944 2543 1996 cum
2589 1923 2778 2007 illis,
2826 1929 2914 1999 ut
2945 1928 3188 1999 Deus.

2454 2043 2683 2123 Item,
2732 2062 2968 2115 omne
3026 2047 3395 2118 creatum
3437 2043 3903 2117 necessario

2361 2156 2794 2228 secundum
2855 2160 3119 2231 totam
3181 2158 3728 2232 substantiam
3787 2159 3904 2231 de-

2362 2272 2648 2364 pendet
2707 2272 2803 2344 ad
2857 2272 3097 2355 aliud,
3180 2278 3261 2349 et
3323 2273 3437 2348 sic
3497 2278 3622 2348 est
3690 2295 3904 2347 com-

2362 2387 2721 2480 positum
2790 2409 2889 2460 ex
2950 2389 3332 2473 essentia,
3404 2392 3484 2463 et
3561 2412 3744 2464 esse
3810 2390 3903 2462 ad

2363 2505 2628 2577 minus
2686 2530 2700 2575 :
2742 2527 2976 2579 omne
3018 2511 3293 2581 autem
3354 2509 3904 2601 compositum

2359 2625 2485 2695 est
2554 2622 3032 2706 resolubile;
3095 2645 3298 2715 ergo
3388 2624 3649 2698 omnis
3733 2624 3905 2696 sub-

2362 2738 2692 2820 stantia,
2740 2739 2908 2812 sive
2937 2760 3079 2812 ens
3114 2746 3484 2816 creatum
3517 2744 3639 2814 est
3682 2740 3905 2814 anni·

2359 2853 2732 2937 hilabile,
2806 2855 2956 2929 hoc
3018 2860 3294 2931 autem
3343 2878 3503 2932 non
3544 2862 3669 2934 est
3739 2859 3909 2933 sine

2361 2973 2726 3065 potentia
2767 2973 3117 3066 passiva.

2452 3093 2787 3173 Quarto,
2862 3090 3196 3164 ostendo
3272 3092 3480 3183 quod
3551 3091 3716 3167 ista
3779 3113 3909 3186 po-

2363 3323 2797 3395 secundum
2869 3326 3075 3416 quod
3138 3327 3279 3399 illa
3336 3323 3722 3399 differunt
3785 3345 3910 3418 ge-

2358 3458 2579 3521 nere,
2622 3439 2748 3513 vcl
2795 3441 3083 3533 specie,
3128 3443 3256 3515 vel
3307 3463 3651 3515 numero
3702 3469 3719 3514 z
3758 3442 3911 3517 hoc

2360 3558 2574 3630 enim
2641 3558 2814 3651 jam
2895 3563 3143 3652 patet,
3234 3582 3420 3633 cum
3482 3565 3911 3636 ostensum

2362 3673 2493 3756 sit,
2534 3675 2738 3766 quod
2775 3676 3139 3768 potentia
3181 3677 3508 3770 passiva
3539 3681 3663 3752 est
3702 3678 3913 3752 idem

2363 3809 2452 3863 re
2492 3811 2675 3864 cum
2721 3792 3221 3876 substantia;
3265 3815 3467 3887 ergo
3530 3796 3749 3872 sicut
3783 3820 3911 3872 en·

2360 3906 2643 3981 titatcs
2684 3907 3091 3991 differunt,
3169 3909 3283 3981 ita
3359 3913 3437 3984 et
3489 3914 3908 4004 potentiae.

2453 4026 2682 4107 Item,
2766 4029 3184 4099 ostensum
3264 4028 3386 4099 est
3475 4028 3683 4121 quod
3740 4028 3913 4102 haec

2361 4141 2727 4232 potentia
2795 4142 3166 4234 sequitur
3213 4163 3355 4216 ens
3426 4142 3912 4237 inquantum

2359 4276 2542 4328 ens:
2619 4257 2753 4330 sed
2789 4260 3104 4349 quando
3147 4259 3453 4351 aliquid
3514 4260 3910 4334 essentia-

2357 4371 2552 4446 liter
2591 4374 3120 4466 consequitur
3151 4374 3390 4459 aliud,
3436 4378 3910 4450 necessario

2356 4488 2742 4562 dividitur
2799 4492 3234 4564 secundum
3295 4492 3515 4566 illius
3582 4492 3913 4569 divisio-

2356 4629 2564 4690 nem,
2630 4612 2716 4681 ut
2763 4612 2986 4701 patet
3041 4610 3121 4683 in
3160 4609 3515 4696 homine,
3579 4615 3660 4685 et
3726 4613 3912 4688 risi·

2354 4723 2547 4806 bili;
2637 4744 2837 4817 ergo
2904 4726 3117 4802 sicut
3184 4728 3408 4802 entia
3464 4729 3905 4813 differunt,

2356 4841 2471 4915 ita
2502 4845 2578 4915 et
2616 4844 3026 4936 potentiae.

2448 4971 2677 5053 Item,
2727 4970 3098 5063 potentia
3170 4972 3498 5066 passiva
3569 4973 3786 5047 sicut
3828 4977 3909 5049 et

2353 5086 2646 5168 activa,
2711 5088 2837 5159 est
2899 5087 3512 5163 fundamentum
3573 5090 3912 5163 inclina-

2354 5202 2602 5275 tionis
2662 5208 2742 5278 et
2835 5204 3264 5279 r21ationis
3336 5206 3611 5290 realis,
3685 5207 3905 5280 sicut

2354 5318 2692 5391 realiter
2753 5320 3233 5396 referuntur
3274 5321 3545 5396 activa
3584 5326 3663 5395 et
3723 5344 3906 5416 pas-

2354 5435 2527 5506 siva
2607 5462 2620 5505 :
2706 5436 2775 5508 si
2852 5436 3196 5510 diversae
3286 5441 3474 5512 sunt
3567 5437 3904 5513 inclina·

683 5547 807 5617 set
863 5543 1411 5638 susceptibilis
1478 5543 2101 5637 perfectionum,
2156 5552 2236 5622 et
2349 5550 2642 5633 tiones,
2694 5554 2772 5624 et
2825 5552 3273 5628 relationes
3337 5556 3600 5630 reales
3658 5573 3902 5648 agen-

4025 3117 4093 3168 18.

2357 3206 2620 3280 tentia
2684 3208 2952 3281 differt
3014 3210 3094 3283 in
3143 3209 3488 3283 diversis
3553 3180 4136 3295 entibus,{'‘2⁶ss‚‘‚¹.‘01

4026 3321 4106 3357 810.
