4252 6393
140 3078 281 3141 ,agii

97 3141 265 3204 quodlib.
307 3145 347 3194 ί.

182 4578 246 4630 26.

1748 428 2112 509 QuAEs‘rio
2159 426 2235 492 v1

395 596 699 667 motum
772 614 921 686 per
987 592 1369 687 primum.
1426 592 1643 663 Tunc
1732 590 1848 662 sic
1912 612 1928 658 t

396 711 895 804 impossibile
953 714 1078 783 est
1138 713 1345 802 quod
1413 708 1737 800 aliquod
1779 707 1933 782 ins·

386 832 915 907 trumentum,
976 826 1106 899 vel
1146 826 1447 919 aliquid
1500 826 1579 897 in
1612 825 1934 899 actione

387 944 674 1019 habeat
727 943 1134 1018 rationem
1169 941 1726 1024 instrumenti,
1770 941 1932 1015 nisi

388 1083 528 1155 per
568 1081 801 1135 suam
870 1061 1228 1134 formam
1295 1060 1652 1151 attingat
1711 1058 1927 1139 illud,

381 1177 475 1249 de
523 1198 683 1270 quo
744 1177 1198 1272 principale
1243 1195 1493 1267 agens
1552 1175 1751 1266 agit,
1817 1194 1931 1246 se-

383 1294 607 1368 curis
668 1296 885 1369 enim
929 1316 1075 1389 per
1129 1293 1481 1367 formam
1526 1312 1756 1365 suam
1816 1295 1932 1365 at-

383 1413 627 1504 tingit
694 1414 1032 1504 lignum,
1104 1413 1196 1485 de
1257 1431 1414 1504 quo
1485 1409 1932 1483 aedificator

380 1530 750 1612 aedificat,
804 1531 920 1603 sic
952 1529 1183 1602 calor
1204 1527 1612 1602 naturalis
1635 1526 1926 1607 cibum,

378 1646 474 1717 de
515 1666 673 1737 quo
712 1647 838 1718 vis
879 1643 1281 1718 nutritiva
1323 1663 1658 1716 carnem
1700 1661 1929 1732 gene-

382 1765 558 1835 rat:
598 1762 732 1835 sed
767 1760 1273 1855 impossibile
1306 1764 1431 1833 est
1464 1759 1668 1850 quod
1702 1776 1929 1832 crea-

378 1883 572 1952 tura
639 1896 785 1969 ρει·
853 1896 1084 1948 suam
1146 1874 1499 1948 formam
1575 1875 1931 1966 attingat

378 1994 611 2076 nihil,
649 1993 842 2086 quia
873 1996 1253 2086 aspectus
1286 1992 1627 2066 virtutis
1665 1993 1930 2085 cujus-

378 2109 577 2184 libet
607 2114 1017 2183 creaturae
1049 2113 1175 2182 est
1220 2108 1525 2190 finitus,
1571 2129 1718 2184 nec
1761 2109 1928 2181 infi-

375 2226 603 2300 nitus
666 2230 1048 2320 aspectus
1097 2225 1484 2299 virtualis
1552 2226 1931 2320 cipotest

374 2343 1017 2425 communicari;
1123 2360 1321 2433 ergo
1429 2342 1931 2436 impossibile

374 2467 504 2538 εει
547 2461 758 2554 quod
797 2466 990 2552 agat
1030 2461 1120 2534 de
1155 2461 1437 2533 nihilo.

465 2577 834 2651 Tertiam
890 2577 1109 2649 viam
1169 2583 1499 2652 sumunt
1538 2578 1789 2672 aliqui
1829 2598 1928 2654 ex

373 2695 693 2769 virtute
735 2699 1166 2778 creaturae,
1214 2716 1387 2788 quae
1445 2697 1538 2769 de
1586 2697 1929 2771 necessi-

376 2803 575 2893 tate,
631 2815 720 2884 ut
778 2811 1077 2893 dicunt,
1133 2816 1258 2885 est
1318 2812 1728 2896 accidens;
1775 2812 1926 2885 hoc

376 2920 657 3002 tamen
681 2948 843 2999 non
875 2947 1185 3009 assero,
1243 2928 1430 3018 quia
1465 2931 1790 3006 tenetur
1831 2928 1929 3000 ab

372 3045 787 3137 aliquibus
830 3045 1257 3135 Magistris
1292 3046 1497 3137 quod
1541 3040 1927 3138 potentiae

371 3163 671 3236 animae
703 3182 863 3235 non
890 3162 1268 3236 differant
1302 3162 1401 3235 ab
1432 3162 1731 3246 anima,
1766 3164 1927 3238 nisi

370 3281 644 3353 solum
687 3285 1060 3371 respectu
1124 3281 1511 3372 quodam.>
1549 3281 1926 3373 Arguunt

368 3391 573 3490 ergo
656 3397 817 3470 sic:
902 3395 1403 3489 impossibile
1487 3401 1636 3478 est,
1719 3398 1926 3490 quod

367 3516 712 3588 effectus
773 3513 1287 3587 immediatus
1354 3513 1603 3586 etiam
1657 3517 1926 3587 trans-

367 3631 661 3704 cendat
751 3649 980 3702 suam
1058 3631 1484 3723 propriam
1526 3649 1919 3711 causam;

367 3767 572 3840 crgo
653 3769 837 3821 cum
922 3748 1190 3820 virtus
1265 3753 1697 3829 creaturae,
1780 3767 1926 3841 per

368 3885 618 3957 quam
673 3864 1048 3957 producit
1106 3864 1507 3947 effectum,
1555 3865 1663 3939 sit
1721 3864 1924 3938 acci·

366 3981 588 4061 dens,
651 3980 988 4054 effectus
1041 3981 1218 4073 ejus
1287 3980 1603 4073 primus
1658 4000 1924 4053 neces-

367 4097 598 4169 sario
669 4101 794 4170 est
862 4094 1259 4177 accidens,
1352 4096 1485 4168 sed
1557 4097 1924 4170 accidens

367 4213 725 4306 requirit
807 4212 1293 4306 subjectum:
1373 4231 1574 4304 ergo
1662 4214 1924 4286 omnis

368 4336 763 4405 creatura
806 4330 885 4402 in
952 4329 1256 4422 agendo
1330 4331 1681 4422 requirit
1751 4332 1926 4403 sub-

361 4449 702 4541 jectum.

455 4569 778 4649 Quarta
816 4565 949 4638 via
988 4564 1395 4657 accipitur
1443 4585 1542 4636 ex
1586 4584 1923 4658 propor-

370 4679 591 4752 tione
680 4677 1014 4752 effeotus
1082 4678 1180 4750 ad
1236 4696 1597 4760 causam,
1671 4681 1921 4752 tantae

368 4796 581 4867 enim
618 4793 1007 4888 potentiae
1046 4798 1172 4867 est
1213 4813 1500 4867 creare
1530 4794 1924 4867 vermicu-

371 4910 561 4993 lum,
612 4913 942 5002 quantae
982 4910 1405 5001 Angelum,
1460 4909 1588 4982 vel
1649 4932 1922 5003 quam-

371 5023 562 5099 libet
633 5024 885 5097 aliam
947 5045 1144 5105 rem,
1209 5029 1458 5098 tantae
1538 5028 1920 5117 potentiae

370 5160 647 5224 unum,
724 5145 1044 5233 quantae
1118 5142 1449 5223 omnia;
1516 5143 1775 5233 igitur
1851 5147 1921 5219 si

371 5254 517 5330 hoc
556 5261 837 5352 posset
868 5258 1458 5330 communicari
1483 5264 1762 5334 creatu
1779 5283 1913 5347 rae,

375 5379 647 5464 posset
682 5374 824 5448 illa
848 5393 1131 5447 creare
1176 5376 1597 5466 Angelum,
1634 5380 1715 5449 ει
1738 5396 1919 5467 gra-

376 5489 598 5572 tiam,
638 5496 718 5565 et
754 5492 1024 5564 lumen
1069 5494 1383 5584 gloriae,
1430 5500 1508 5569 et
1572 5501 1760 5569 tunc
1802 5518 1918 5569 es·

375 5611 491 5681 set
538 5610 786 5683 DeuS.

3459 430 3581 495 343

2139 589 2436 671 Quinta
2486 588 2622 660 via
2673 587 3052 671 sumitur,
3108 610 3284 681 quae
3370 612 3595 685 supe-

2050 705 2223 778 rius
2257 705 2338 777 in
2382 706 2649 797 primo
2685 705 3036 779 articulo
3070 710 3294 785 tacta
3325 713 3474 790 est,
3512 713 3593 783 et

2050 821 2130 895 in
2185 820 2673 914 praecedenti
2708 822 3178 915 quaestione,
3230 828 3312 900 et
3354 825 3595 897 clari-

2045 938 2345 1012 ficatur
2409 959 2509 1011 ex
2560 938 2880 1012 ratione
2921 937 3211 1012 formae
3279 940 3590 1031 agendi.

2048 1048 2483 1129 Ostensum
2514 1059 2640 1130 est
2668 1054 2883 1127 enim
2914 1078 3144 1145 supra,
3181 1057 3386 1149 quod
3417 1058 3593 1129 nul-

2048 1172 2214 1243 lum
2276 1191 2524 1264 agens
2580 1176 2952 1245 creatum
3021 1177 3212 1264 agat
3262 1173 3591 1266 inquan-

2047 1294 2220 1364 tum
2291 1310 2457 1371 ens,
2503 1310 2689 1363 cum
2753 1289 2968 1362 ratio
3027 1290 3265 1374 entis,
3320 1296 3407 1365 ut
3465 1296 3591 1365 est

2047 1411 2376 1499 recepta
2402 1406 2483 1478 in
2511 1405 2882 1485 materia,
2911 1406 3019 1481 sit
3062 1405 3276 1480 inter
3299 1427 3589 1481 omnes

2049 1522 2310 1614 magis
2372 1521 2887 1604 universalis,
2934 1542 3027 1595 ac
3064 1542 3207 1615 per
3235 1521 3385 1595 hoc
3426 1543 3587 1596 ma·

2046 1640 2172 1732 gis
2217 1640 2718 1733 imperfecta,
2765 1644 2844 1711 et
2895 1639 3161 1712 minus
3205 1640 3283 1713 in
3331 1643 3527 1714 factu
3566 1666 3581 1723 ;

2049 1777 2284 1829 omne
2313 1761 2587 1829 autem
2628 1774 2876 1847 agens
2935 1757 3109 1848 agit
3152 1758 3585 1830 secundum

2047 1875 2454 1949 rationem
2497 1874 2749 1958 illam,
2812 1897 2988 1968 quae
3051 1876 3301 1950 estin
3368 1881 3582 1951 actu.

2046 1994 2481 2067 Ostensum
2512 1995 2638 2065 est
2676 1991 2953 2074 etiam,
3000 1994 3207 2084 quod
3273 1992 3586 2069 nullum

2045 2127 2295 2200 agens
2353 2112 2724 2182 creatum
2767 2108 3159 2202 producat
3210 2130 3308 2182 ex
3351 2113 3586 2202 parte

2046 2247 2194 2299 sua.
2245 2227 2623 2301 effectum
2664 2225 2899 2308 hunc,
2947 2227 3424 2320 inquantum
3464 2234 3590 2305 est

2048 2344 2234 2437 quid
2267 2343 2681 2435 signatum
2731 2367 2746 2411 ε
2791 2343 2953 2417 ista
3000 2368 3207 2433 supra
3257 2344 3337 2417 in
3388 2366 3587 2438 prae-

2045 2460 2508 2535 cedentibus
2578 2459 3160 2552 quaestionibus
3223 2467 3411 2536 sunt
3467 2484 3587 2536 os-

2045 2582 2304 2652 tensa.
2351 2580 2552 2651 Cum
2598 2575 2853 2668 igitur
2895 2577 3106 2668 ignis
3148 2582 3588 2670 generatus

2045 2696 2153 2769 sit
2191 2693 2610 2784 ens‚ignis,
2645 2697 2724 2768 et
2766 2693 2896 2767 hic
2944 2694 3178 2785 igniS.
3224 2696 3446 2778 Quod
3479 2698 3587 2772 sit

2043 2832 2212 2893 ens,
2248 2809 2487 2883 habet
2527 2829 2574 2881 a
2607 2809 2910 2902 primo;
2956 2811 3163 2903 quod
3196 2812 3304 2888 sit
3345 2812 3582 2904 ignis,

2040 2925 2282 3001 habet
2324 2926 2423 3000 ab
2463 2926 2646 3019 igne
2704 2931 3187 3018 generante;
3235 2931 3439 3022 quod
3480 2933 3588 3008 sit

2042 3041 2173 3117 hic
2227 3043 2461 3135 ignis,
2509 3042 2749 3117 habet
2798 3063 2845 3115 a.
2890 3044 3240 3116 materia
3294 3070 3309 3116 :
3382 3048 3585 3121 unde

2045 3160 2643 3243 ostendebatur,
2681 3160 2892 3253 quod
2935 3160 3005 3234 si
3036 3160 3246 3252 ignis
3279 3167 3404 3239 εει
3444 3164 3588 3237 ali-

2044 3279 2254 3371 quod
2284 3298 2532 3369 agens
2582 3279 2985 3361 naturale,
3020 3280 3149 3351 vel
3207 3275 3588 3355 artificia·

2039 3395 2140 3478 le,
2202 3401 2284 3470 et
2352 3382 2847 3490 'produceret
2918 3397 3219 3489 aliquid
3270 3418 3432 3471 non
3494 3400 3587 3471 de

2043 3513 2417 3594 materia,
2457 3513 2940 3606 produceret
2970 3514 3239 3604 ignem
3271 3515 3587 3588 univer-

2040 3631 2320 3712 salem,
2383 3651 2543 3704 non
2585 3630 2795 3703 hunc
2854 3632 3149 3722 ignem,
3214 3633 3422 3725 quod
3461 3639 3586 3708 est

2042 3747 2570 3840 impossibile,
2654 3746 2842 3840 quia
2886 3748 3383 3821 universalia
3424 3769 3583 3821 non

2041 3868 2568 3955 generantur,
2600 3864 2757 3937 nisi
2793 3864 2871 3937 in
2905 3865 3579 3958 particularibus;

2037 3999 2367 4052 necesse
2407 3983 2533 4054 est
2591 3999 2791 4071 ergo
2853 3980 3121 4053 dicere
3188 3981 3584 4075 (alioquin

2038 4095 2515 4188 implicatur
2571 4097 3143 4186 contradictio)
3184 4099 3388 4191 quod
3425 4119 3585 4171 om-

2039 4231 2137 4283 ne
2210 4230 2459 4302 agens
2546 4218 2916 4287 creatum
3004 4218 3587 4310 praesupponat

2041 4328 2501 4402 materiam.

2493 4660 2925 4719 ARTICULUS
3000 4663 3100 4720 111.

2040 4841 2436 4907 Creaturam
2465 4861 2673 4927 neque
2710 4842 3107 4909 secundario
3135 4867 3326 4933 posse
3355 4870 3580 4937 coope-

2477 4959 2628 5022 rari
2664 4958 2799 5023 Deo
2828 4961 3139 5027 creanti?

2123 5149 2363 5224 Circa
2402 5150 2782 5226 tertium:
2851 5156 3056 5245 quod
3098 5176 3258 5229 non
3319 5160 3581 5252 possit

2031 5267 2464 5359 cooperari
2563 5269 3068 5354 secundario,
3165 5277 3389 5365 patet
3481 5297 3579 5349 ex

2031 5382 2470 5478 praedictis.
2517 5383 2796 5457 Primo
2841 5387 3181 5478 quidem,
3234 5389 3423 5481 quia
3460 5393 3579 5479 (ut

2034 5506 2451 5575 ostensum
2496 5506 2648 5591 est)
2702 5504 2771 5575 si
2831 5510 3346 5597 cooperetur,
3438 5513 3578 5583 aut

2030 5620 2246 5691 Deus
2301 5618 2462 5692 erit
2495 5638 2746 5712 agens
2799 5621 3063 5695 minus
3099 5623 3573 5719 principale,

3741 620 3820 671 27.
