4252 6393
527 958 611 1010 28.

757 569 837 638 et
879 566 1111 645 fieret
1145 570 1547 664 frigidius.
1585 579 1683 649 Et
1717 579 1807 652 de
1851 580 2036 654 istis
2077 583 2294 658 sorte

725 428 734 459 τ
758 401 878 466 248
1914 414 2055 480 LlB.
2105 421 2201 481 tv.
2246 417 2303 482 M
2312 422 2788 490 ETEORORUM

2408 584 2535 668 lis,
2599 588 2676 659 et
2716 589 2966 662 etiam
3010 593 3429 686 sepa-ratio
3473 594 3933 671 multorum.

763 684 1055 759 melius
1115 689 1430 765 dicetur
1508 694 1873 780 inferius,
1929 703 2007 772 et
2125 723 2293 795 spe·
2404 700 2625 775 Unde
2657 712 3151 799 separantur
3187 710 3464 802 plures
3494 718 3943 805 vapores,et

755 803 1070 876 cia-lius.

846 932 961 1004 Ad
1020 934 1258 1018 aliud,
1319 942 1523 1008 seiltoe
1577 943 1660 1011 dc
1688 949 1948 1029 assatis,
1998 948 2298 1023 dicitur

757 1050 961 1137 quod
1015 1048 1165 1123 hoc
1205 1055 1611 1148 contingit
1661 1060 1858 1145 ide0,
1915 1065 2102 1157 quia
2148 1066 2298 1139 sre-

757 1165 1097 1250 quenter
1131 1165 1343 1257 ignis
1379 1169 1460 1242 in
1490 1172 1645 1246 fine
1678 1180 1799 1250 est
1837 1179 2293 1267 remissior,

755 1277 834 1346 et
878 1275 1039 1349 illae
1082 1281 1326 1355 stillae
1377 1287 1710 1362 veniunt
1765 1292 1857 1364 de
1898 1296 2295 1386 profundo

757 1395 1162 1468 assaturae
1221 1398 1302 1472 in
1360 1401 1626 1487 finem,
1692 1408 1788 1479 ad
1848 1413 2054 1502 quod
2116 1435 2296 1507 pro-

758 1504 1084 1582 fundum
1154 1533 1313 1586 non
1390 1521 1656 1610 potuit
1728 1526 1959 1617 prius
2017 1533 2300 1606 venire

759 1626 975 1699 actio
1036 1629 1365 1715 caloris,
1428 1656 1570 1709 nec
1632 1640 1906 1713 tamen
1985 1645 2298 1723 intenta

758 1741 998 1824 actio,
1047 1744 1220 1818 ideo
1279 1751 1451 1824 duae
1496 1754 1738 1827 stillae
1802 1762 2113 1852 quando
2181 1768 2298 1838 to·

755 1858 932 1930 tum
965 1858 1270 1937 factum
1305 1872 1453 1952 est,
1507 1893 1679 1963 quae
1728 1877 2060 1952 veniunt
2110 1884 2300 1957 ulti-

761 1991 893 2044 mo
929 1982 1119 2052 sunt
1151 1980 1494 2073 frigidae,
1541 1990 1670 2061 vel
1722 1994 2065 2069 remisse
2110 2002 2297 2075 cali·

756 2087 896 2170 dae,
937 2093 1068 2165 sed
1112 2094 1272 2169 isto
1316 2119 1476 2173 non
1510 2103 1882 2181 obstante
1916 2115 2301 2187 assatura

759 2205 875 2278 sic
910 2213 1192 2284 assata
1232 2219 1355 2288 est
1389 2219 1734 2295 calidior
1773 2230 2295 2314 naturaliter,

758 2321 836 2390 et
878 2321 1379 2410 virtualiter,
1434 2352 1677 2423 quam
1739 2343 1925 2413 ante
1956 2347 2301 2422 assatio·

760 2452 967 2518 nem,
1004 2442 1082 2510 et
1129 2440 1300 2515 ideo
1337 2450 1574 2539 coqui
1608 2457 1926 2546 experti
1965 2478 2110 2551 per
2150 2462 2301 2537 hoc

760 2564 1264 2643 cognoscunt
1349 2571 1819 2642 assaturam
1888 2596 2064 2649 esse
2132 2602 2300 2653 cer-

758 2670 955 2753 tam,
1008 2676 1197 2766 quia
1258 2681 1351 2752 ad
1416 2682 1820 2760 interiora
1897 2695 2115 2768 venit
2181 2700 2303 2771 de·

759 2788 1047 2861 coctio.

850 2911 962 2984 Ad
1024 2916 1240 2991 aliud
1306 2923 1396 2994 de
1439 2928 1789 3018 patellis,
1864 2933 1944 3005 in
2016 2937 2302 3029 quibus

761 3025 1022 3116 pisces
1055 3030 1526 3123 bullierunt,
1578 3043 1881 3118 dicitur
1920 3053 2126 3141 quod
2158 3076 2302 3129 coe-

758 3143 963 3217 teris
998 3150 1354 3239 paribus,
1404 3155 1483 3229 in
1533 3158 1689 3234 fine
1735 3166 1950 3239 actio
1994 3170 2300 3247 caloris

761 3264 1220 3348 penetravit
1294 3271 1579 3360 pisces,
1663 3281 1740 3350 et
1815 3281 2298 3371 profundum

760 3392 1073 3460 eorum,
1149 3381 1320 3455 ideo
1363 3389 1558 3461 tunc
1627 3411 1785 3464 non
1851 3397 2303 3473 reflectitur

759 3491 1010 3576 calor,
1048 3516 1192 3569 nec
1238 3511 1606 3580 remanet
1647 3509 1726 3580 in
1769 3516 2302 3590 extremitate

760 3611 1082 3699 patellae
1144 3615 1508 3702 inferius,
1560 3624 1767 3698 sicut
1822 3630 2052 3720 prius
2112 3638 2302 3708 ante

758 3722 1340 3814 decoctionem;
1387 3735 1646 3825 igitur
1687 3744 1925 3835 coqui
1963 3752 2302 3838 possunt

760 3843 1097 3932 tangere
1134 3870 1370 3922 manu
1443 3853 1769 3930 fundum
1805 3860 2140 3948 bassini,
2176 3868 2303 3939 vel

762 3960 1106 4048 patellae,
1173 3970 1250 4038 et
1325 3969 1732 4046 invenient
1798 3978 2066 4052 minus
2121 3984 2306 4060 cali·

758 4078 942 4149 dum
986 4102 1227 4172 quam
1271 4089 1481 4169 ante,
1525 4093 1603 4161 et
1638 4089 1789 4164 hoc
1822 4099 1943 4167 est
1979 4097 2302 4190 signum

763 4197 969 4286 quod
1027 4201 1403 4275 totaliter
1465 4207 1724 4299 pisces
1813 4217 2299 4304 penetravit,

762 4310 937 4383 ideo
986 4319 1173 4388 sunt
1245 4322 1479 4404 cocti,
1554 4325 1726 4397 idco
1796 4331 2110 4403 certum
2181 4337 2304 4407 est

763 4428 970 4517 quod
1004 4452 1185 4503 cum
1230 4432 1415 4507 istis
1479 4440 1667 4522 stat,
1733 4445 1937 4535 quod
1981 4447 2303 4521 calidio-

766 4560 897 4612 res
962 4547 1146 4616 sunt
1208 4547 1471 4640 pisces
1539 4555 1774 4637 cocti,
1842 4579 2082 4650 quam
2145 4583 2306 4635 non

765 4661 1003 4742 cocti,
1041 4665 1120 4734 et
1153 4685 1250 4736 ex
1289 4667 1471 4741 istis
1518 4674 1739 4762 patet
1786 4675 2088 4749 solutio
2124 4699 2307 4770 pro-

763 4771 1211 4851 blematum
1253 4784 1757 4861 Aristotelis,

852 4905 966 4977 Ad
990 4904 1238 4978 aliam
1263 4912 1882 5002 experientiam,
1916 4915 2308 4993 Homines

765 5018 1127 5094 bibentes
1161 5025 1352 5098 vina
1399 5028 1658 5100 calida
1720 5032 2185 5117 actualiter,
2230 5039 2308 5110 et

765 5138 1244 5213 virtualiter
1269 5143 1574 5216 faciunt
1606 5167 1748 5237 per
1770 5148 2306 5236 digestionem

765 5256 1115 5338 urinam,
1196 5260 1274 5329 et
1347 5256 1732 5330 humores
1801 5260 2301 5349 frigidiores.

763 5373 1089 5446 Dicitur
1123 5375 1329 5465 quod
1367 5374 1516 5447 hoc
1541 5377 1946 5468 contingit
1972 5378 2186 5451 forte
2209 5402 2306 5453 ex

763 5508 884 5569 eo,
933 5488 1140 5579 quod
1184 5490 1263 5559 in
1298 5489 1750 5576 digestione
1782 5491 1976 5564 talis
2009 5494 2176 5566 vini
2218 5495 2307 5567 fit

769 5603 1222 5695 corruptio,
1286 5606 1410 5676 vel
1467 5607 1957 5698 putrefactio
2004 5608 2309 5701 aliqua-

2409 816 2611 892 fumi
2653 841 2699 892 a
2729 820 2948 905 vino,
2994 825 3196 898 unde
3252 826 3596 919 spiritus
3630 829 3942 904 calidio-

2411 955 2542 1008 res
2573 938 2763 1010 vino
2799 945 3326 1031 generantur,
3363 949 3444 1020 et
3482 946 3575 1018 de
3629 946 3941 1022 residuo

2411 1071 2558 1143 per
2614 1053 2946 1146 longa-m
2987 1060 3801 1144 transmutationem,
3870 1069 3942 1138 et

2409 1170 3029 1262 corruptionem
3063 1175 3151 1246 fit
3187 1176 3451 1259 urina,
3481 1197 3657 1270 quae
3686 1183 3942 1272 potest

2411 1308 2588 1359 esse
2620 1287 3030 1379 frigidior,
3075 1292 3203 1365 vel
3240 1296 3506 1369 minus
3539 1296 3799 1372 calida
3833 1300 3945 1372 vi-

2410 1424 2513 1476 no
2545 1402 2824 1488 bibito,
2861 1410 2940 1480 et
2972 1411 3432 1496 actualiter,
3467 1416 3547 1488 et
3577 1414 3948 1492 virtuali-

2411 1521 2583 1601 ter;
2640 1521 2773 1593 sed
2815 1522 2879 1595 si
2917 1527 3277 1601 naturali
3339 1530 3791 1623 digestione
3835 1536 3947 1609 vi-

2412 1654 2603 1707 num
2642 1636 2816 1710 sine
2855 1643 3386 1735 corruptione
3419 1647 3779 1738 partium
3825 1669 3949 1721 ae-

2416 1772 2773 1837 rearum,
2810 1759 2888 1829 et
2925 1759 3426 1834 resolutione
3472 1768 3809 1837 causata
3838 1766 3947 1839 di-

2415 1870 2762 1959 geritur,
2799 1873 3030 1949 fieret
3063 1877 3428 1962 calidius,
3473 1884 3553 1955 et
3593 1901 3756 1954 non
3808 1884 3950 1955 mi-

2415 2009 2564 2060 nus
2606 1989 2976 2064 calidum.

2503 2104 2615 2176 Ad
2675 2109 3015 2190 sextam,
3073 2116 3554 2204 sequeretur
3594 2118 3801 2208 quod
3842 2118 3953 2191 di·
4031 2136 4104 2188 Aa
4141 2133 4177 2184 6.

2419 2220 2650 2308 gesta
2742 2226 3012 2296 essent
3099 2226 3439 2312 leviora,
3532 2235 3610 2305 et
3704 2234 3953 2308 etiam

2420 2335 2767 2409 minora.
2833 2343 3322 2416 Conceditur
3380 2351 3956 2440 consequentia

2420 2449 2501 2523 in
2571 2453 3048 2545 quibusdam
3121 2460 3739 2551 digestionibuS,
3831 2468 3957 2541 sed

2417 2586 2579 2640 non
2666 2569 2745 2643 in
2818 2573 3214 2649 omnibus.
3296 2579 3515 2652 Unde
3590 2580 3820 2655 cibus
3883 2587 3958 2656 et

2419 2688 2661 2775 potus
2697 2686 2940 2760 simul
2975 2689 3056 2763 in
3105 2696 3527 2769 stomacho
3590 2702 3961 2792 sumptus

2419 2805 2543 2873 est
2606 2806 2988 2893 grossior
3028 2830 3269 2902 quam
3308 2811 3609 2887 humor
3667 2836 3820 2910 per
3866 2819 3964 2892 di·

2419 2920 2872 3009 gestionem
2925 2929 3297 3019 sumptus
3359 2929 3439 3001 in
3507 2934 3955 3018 stomacho,

2415 3036 2544 3107 vel
2587 3055 2634 3109 a
2675 3040 3095 3114 stomacho
3131 3047 3509 3121 recedens
3540 3051 3636 3123 ad
3676 3050 3958 3145 hepar,

2420 3154 2550 3226 sed
2577 3159 2861 3248 postea
2895 3158 3030 3232 ille
3061 3158 3360 3237 humor
3388 3169 3511 3239 est
3546 3167 3958 3254 subtilior,

2419 3289 2657 3361 quam
2690 3270 3049 3346 finaliter
3078 3276 3217 3352 flat
3252 3300 3396 3372 per
3425 3282 3962 3374 digestionem

2435 3386 2804 3470 tertiam;
2848 3391 2926 3461 et
2971 3391 3494 3468 siosimiliter·
3523 3397 3967 3492 imaginan-

2417 3500 2601 3573 dum
2633 3508 2760 3577 est
2797 3506 2878 3578 in
2933 3509 3119 3581 aliis
3143 3511 3761 3602 digestionibus.

2508 3618 2622 3689 Ad
2710 3619 3396 3715 improbationem
3469 3649 3964 3724 consequen-

2419 3734 2580 3813 tiae,
2629 3756 2803 3827 quae
2847 3739 3136 3830 probat
3192 3744 3396 3833 quod
3450 3744 3531 3817 in
3592 3749 3964 3822 omnibus

2420 3851 3000 3927 universaliter
3042 3857 3158 3930 sic
3189 3859 3509 3933 deberet
3546 3862 3729 3936 fieri
3765 3866 3967 3958 quod

2424 3969 2584 4042 sint
2621 3972 3057 4046 subtiliora
3108 3976 3448 4068 digesta,
3497 3981 3691 4071 quia
3740 3985 3966 4057 calor

2427 4089 2795 4172 resolvit,
2861 4095 2941 4165 et
3014 4097 3420 4168 consumit
3489 4096 3962 4184 humidum;

2422 4205 2721 4278 dicitur
2756 4210 2961 4298 quod
2989 4211 3462 4304 quandoque
3494 4217 3617 4288 cst
3652 4215 3800 4302 sic,
3841 4221 3968 4291 scd

2424 4323 2612 4415 quia
2673 4325 3058 4416 quiescet,
3104 4333 3254 4402 etc.
3319 4330 3744 4406 humidum
3803 4339 3966 4409 ter-

2424 4440 2822 4515 minatum
2856 4443 3096 4530 siccO,
3124 4452 3201 4520 et
3235 4451 3754 4534 econtrario,
3796 4453 3963 4526 ideo

2425 4555 2843 4646 ingrossat
2918 4560 3299 4642 finaliter,
3376 4567 3462 4635 ut
3525 4565 3822 4640 melius
3888 4571 3963 4640 ct

2425 4674 2861 4762 specialius
2916 4679 3100 4767 post
3167 4676 3575 4752 videbitur
3630 4683 3714 4755 in
3781 4684 3963 4758 aliis

2425 4792 3033 4883 quaestionibus.

2513 4913 2614 4984 Et
2648 4911 2761 4983 sic
2792 4911 3095 4986 dictum
3136 4917 3262 4987 est
3315 4918 3822 5006 generaliter
3875 4919 3966 4993 ad
4079 4926 4142 4978 30·

2429 5027 2964 5118 quaestionem
3025 5029 3292 5112 istam,
3333 5033 3518 5124 quid
3565 5035 3672 5109 sit
3715 5036 3967 5110 dicen-

2424 5146 2608 5216 dum
2670 5146 2763 5216 ad
2810 5145 3013 5219 istas
3067 5148 3558 5238 quaestiones
3612 5173 3966 5225 commu·

2425 5261 2645 5335 niter
2684 5260 2859 5333 fieri
2911 5268 3373 5347 consuetas,
3449 5267 3633 5358 quid
3698 5269 3807 5343 sit
3863 5268 3963 5341 di-

2425 5377 2686 5468 gestio
2727 5378 3187 5453 definitione
3219 5385 3254 5449 ⁴?
3299 5382 3400 5454 Et
3460 5385 3738 5455 utrum
3805 5406 3963 5457 mu-

2426 5493 2632 5566 tatio
2675 5498 2710 5562 ⁴?
2739 5497 2837 5566 Et
2872 5495 2939 5566 si
2976 5495 3349 5577 mutatio,
3380 5518 3578 5590 quae,
3623 5500 3752 5571 vel
3826 5500 3964 5571 sub

2426 5631 2583 5702 quo
2619 5630 2913 5702 genere
2960 5613 3502 5687 mutationis?
3538 5617 3638 5689 Et
3682 5623 3956 5692 utrum
