4252 6393
1759 438 2119 519 QUAEs'no
2169 434 2187 504 l
3477 443 3589 504 221

431 600 502 675 in
554 608 827 681 eodem
864 608 1140 700 genita
1199 607 1494 679 habent
1555 605 1954 677 modicam

430 718 956 797 differentiam
1044 723 1123 795 in
1192 722 1482 815 specie,
1557 720 1673 794 ita
1752 719 1956 812 quod

431 835 796 914 videntur
872 840 1105 932 quasi
1199 838 1556 930 ejusdem
1657 836 1956 929 speciei

435 956 761 1028 omnia?

514 1070 607 1144 Et
651 1071 959 1164 quinto,
998 1091 1251 1163 quare
1296 1071 1459 1144 sint
1501 1074 1667 1144 tam
1702 1068 1957 1140 diver-

439 1198 519 1254 sa
597 1187 674 1259 in
741 1188 1034 1279 figura,
1103 1207 1350 1260 unum
1412 1190 1538 1261 est
1590 1186 1952 1275 longum,

457 1303 1040 1387 utlumbricus,
1095 1308 1175 1378 et
1219 1308 1503 1396 postea
1586 1303 1959 1395 sequitur

453 1428 667 1494 unum
763 1423 1008 1494 breve
1093 1425 1174 1495 et
1242 1420 1535 1502 latum,
1608 1425 1690 1494 et
1777 1425 1960 1512 post

460 1543 668 1611 unum
755 1539 1100 1630 gracile,
1184 1543 1266 1612 et
1354 1542 1637 1630 postea
1711 1557 1958 1609 unum

467 1659 829 1735 grossum,
893 1661 975 1729 et
1054 1654 1494 1727 secundum
1535 1652 1961 1725 diversita-

473 1766 604 1843 tem
637 1774 994 1866 capitum
1030 1773 1376 1846 multum
1407 1772 1806 1851 ‚differunt
1838 1776 1872 1841 ?

145 1894 366 1953 Dubium
403 1890 440 1949 ⁶·
539 1891 781 1972 Sexto,
856 1909 1109 1982 quare
1182 1890 1382 1963 utin
1454 1888 1823 1983 pluribus
1864 1908 1962 1959 ex

459 2006 912 2079 animalibus
985 2006 1471 2099 putrefactis
1516 2008 1964 2096 generatur

459 2123 724 2196 animal
807 2123 1172 2207 volatile,
1248 2128 1336 2197 ut
1393 2144 1687 2215 vespae,
1742 2141 1959 2214 apes,

456 2244 524 2312 et
551 2261 693 2312 non
732 2240 1183 2332 gressibile,
1228 2260 1413 2312 cum
1456 2244 1629 2312 tum
1672 2238 1966 2329 gressi-

459 2355 593 2427 bile
655 2356 767 2430 sic
809 2356 1161 2429 similius
1217 2355 1658 2445 gressibili,
1724 2374 1963 2446 quam

457 2472 856 2563 gressibile
948 2472 1294 2553 volatili,
1397 2473 1610 2545 sicut
1712 2491 1965 2563 equus

455 2590 750 2683 vespis?

143 2777 217 2826 M
240 2712 404 2832 ἔξω
529 2708 632 2778 Ad
682 2707 839 2780 ista
904 2707 1142 2779 dubia
1186 2711 1455 2800 potest
1495 2704 1650 2777 dici
1694 2722 1967 2774 secun-

266 2816 277 2827 '
408 2820 612 2893 'dum
660 2823 1195 2896 intentionem
1265 2821 1767 2901 AristoteliS,
1833 2817 1967 2911 qui

448 2937 766 3014 intendit
843 2939 1250 3032 complete
1336 2943 1706 3014 tractare
1786 2955 1966 3007 cau-

448 3075 605 3128 sam
687 3058 1245 3147 generationis
1324 3056 1805 3128 animalium
1875 3076 1966 3127 ex

450 3173 941 3263 putrefactis,
990 3173 1305 3266 quando
1337 3173 1536 3247 dicit
1589 3172 1796 3265 quod
1859 3172 1966 3244 in·

452 3294 881 3362 nascuntur
932 3290 1147 3362 enim
1232 3287 1624 3362 animalia
1686 3289 1765 3359 in
1835 3307 1967 3380 pu-

456 3405 801 3480 trefactis
860 3429 961 3479 ex
1029 3429 1149 3488 eo,
1213 3407 1418 3498 quod
1484 3407 1967 3497 disgregans

462 3521 829 3605 caliditas,
866 3544 1053 3596 cum
1102 3527 1298 3596 nata
1341 3522 1448 3596 sit
1488 3522 1820 3603 distare,
1858 3520 1966 3592 fa-

467 3635 561 3709 cit
618 3640 1105 3732 disgregata,
1183 3639 1371 3732 quia
1449 3641 1785 3714 effectus
1844 3643 1970 3711 est

471 3760 859 3842 naturalis,
903 3764 984 3833 et
1018 3760 1193 3833 vult
1234 3759 1583 3833 debitam
1656 3779 1968 3831 mensu-

478 3885 623 3943 ram
653 3876 1124 3969 requisitam
1211 3876 1310 3947 ab
1377 3876 1545 3957 illo,
1621 3875 1755 3967 qui
1835 3896 1968 3967 pu·

482 3985 741 4075 trescit,
777 3998 858 4068 et
889 4014 978 4065 ex
1003 3993 1542 4086 proportione
1573 3992 1750 4084 ejus
1783 4010 1966 4063 cum

482 4093 749 4182 humido
783 4108 1182 4201 requisita
1212 4109 1571 4190 dimissa,
1612 4112 1802 4181 tunc
1844 4109 1969 4178 est

478 4226 863 4311 proportio
928 4225 1167 4298 istius
1226 4225 1531 4298 caloris
1577 4222 1968 4316 superflui

468 4344 858 4415 remanens
938 4339 1378 4425 humidum,
1451 4346 1530 4414 et
1619 4342 1779 4414 ista
1845 4342 1969 4411 est

444 4447 841 4562 §ufficiens
884 4461 979 4532 ad
1038 4459 1653 4550 generationem
1725 4458 1969 4530 alicu-

427 4570 548 4635 JUS
594 4577 979 4649 animalis
1027 4577 1427 4650 mediante
1471 4575 1788 4649 virtute
1820 4595 1971 4646 coe-

429 4658 648 4768 ¹⁰Sti;
697 4698 775 4768 et
819 4698 1010 4767 tunc
1046 4693 1236 4785 quia
1285 4697 1586 4766 natura
1648 4710 1971 4782 semper

410 4771 617 4870 facit
672 4809 878 4901 quod
912 4808 1203 4881 melius
1246 4812 1395 4889 est,
1446 4807 1617 4880 ideo
1649 4804 1972 4879 desistit

395 4895 510 5026 aa,
551 4924 1292 5006 putrefactionem,
1364 4928 1445 4998 et
1525 4928 1973 5014 generatur

377 5016 773 5124 f¹11111131;
811 5048 894 5115 et
934 5061 1094 5113 non
1137 5040 1490 5134 amplius
1550 5040 1972 5133 disgregat

370 5113 610 5221 “lud
679 5158 1120 5240 humidum,
1189 5158 1404 5232 sicut
1463 5158 1691 5250 prius
1746 5156 1965 5240 fecit,

365 5243 516 5365 Sssfl
587 5273 797 5348 tunc
841 5278 1321 5365 congregat,
1357 5277 1437 5348 et
1498 5273 1788 5347 miscet
1831 5272 1969 5344 hu-

363 5364 729 5464 m¹dum
789 5411 973 5463 cum
1047 5389 1289 5471 sicco,
1349 5392 1430 5462 et
1500 5388 1615 5460 sic
1680 5388 1971 5480 recipit

371 5473 655 5590 Ἁλῶν
714 5509 870 5581 iste
913 5507 1310 5581 virtutem
1354 5505 1966 5589 informantem,

452 5631 635 5768 &out
704 5626 978 5700 virtus
1021 5624 1101 5696 in
1163 5623 1490 5706 semine,
1555 5623 1681 5696 vel
1741 5623 1972 5697 calor

165 1062 339 1119 Dubium
366 1072 408 1126 5.

2069 605 2429 689 seminiS,
2492 609 2571 678 et
2614 603 2825 678 sicut
2885 600 3057 695 agit
3098 604 3400 677 animal
3462 604 3602 676 im-

2070 721 2520 814 perfec-tum
2602 722 2864 812 magis
2952 722 3338 813 frigidum
3412 722 3609 793 bene

2071 839 2394 912 ratione
2444 839 2749 912 caloris
2783 838 2980 913 facit
3012 838 3427 911 humidum
3491 857 3608 907 ex-

2072 956 2521 1028 trinsecum
2582 955 3263 1046 congregativum
3327 954 3406 1026 in
3453 952 3609 1045 pel-

2071 1071 2254 1152 lem,
2309 1076 2387 1145 et
2431 1073 2525 1144 ad
2559 1071 2711 1144 hoe
2746 1072 2981 1163 juvat
3024 1071 3413 1161 frigidum
3474 1090 3609 1141 ex-

2070 1188 2327 1263 terius
2403 1188 2952 1281 comprimens
3030 1187 3468 1267 humidum,
3531 1190 3610 1259 et

2073 1312 2261 1380 tunc
2303 1306 2844 1397 disgregando
2886 1306 3185 1397 aliquid
3233 1306 3310 1378 in
3354 1304 3610 1376 humi·

2069 1422 2168 1492 do
2203 1421 2639 1503 subtiliori,
2680 1422 2943 1515 ipsum
2995 1421 3318 1511 digerit,
3365 1424 3444 1492 et
3504 1419 3611 1490 fa-

2071 1537 2184 1611 cit
2217 1538 2566 1630 speciem
2602 1539 2980 1611 animalis
3037 1537 3250 1610 infra
3293 1537 3609 1631 pellem,

2071 1659 2152 1727 et
2205 1654 2319 1726 sic
2390 1675 2548 1728 non
2592 1660 2715 1729 est
2757 1655 3301 1729 contradictio
3356 1655 3436 1726 in
3492 1655 3614 1727 lit-

2074 1774 2280 1849 tera,
2307 1769 2791 1861 disgregans
2835 1776 3221 1845 constare
3254 1771 3478 1843 facit.
3517 1773 3617 1844 Et

2075 1885 2264 1977 quia
2311 1886 2575 1978 primo
2609 1886 3053 1978 disgregat,
3085 1892 3365 1980 postea
3390 1907 3616 1959 cons-

2076 2007 2256 2076 tare
2308 2002 2531 2086 facit,
2594 2004 2722 2076 vel
2764 2005 3230 2086 condensat,
3277 2024 3438 2076 non
3515 2003 3614 2075 si-

2079 2120 2274 2201 mul,
2312 2142 2458 2193 nec
2501 2121 2781 2192 eodem
2816 2121 3077 2193 modo.

2168 2237 2496 2319 Quando
2588 2238 3012 2328 quaeritur,
3107 2256 3362 2328 quare
3459 2257 3616 2308 non

2078 2353 2242 2425 alia
2294 2354 2573 2435 mixta„
2613 2359 2700 2428 ut
2732 2374 3051 2436 aurum,
3096 2354 3222 2426 vel
3258 2354 3617 2447 lapides?

2079 2474 2344 2545 Causa
2386 2475 2536 2552 est,
2612 2471 2802 2563 quia
2860 2494 2948 2543 ex
3013 2469 3340 2544 humido
3393 2490 3619 2561 gros-

2080 2587 2286 2659 siori
2390 2591 2893 2679 generantur
2972 2587 3303 2661 metalla
3380 2607 3621 2679 quam

2082 2704 2403 2796 plantae,
2449 2709 2529 2778 et
2565 2705 2861 2798 plantae
2904 2725 3145 2795 quam
3204 2703 3619 2785 animalia,

2079 2825 2159 2894 et
2192 2820 2583 2894 animalia
2630 2820 3082 2914 inperfecta
3164 2841 3403 2913 quam
3450 2842 3622 2913 per-

2080 2934 2318 3020 fecta,
2380 2942 2460 3011 et
2529 2937 2609 3009 in
2669 2937 3206 3029 corruptione
3267 2937 3621 3009 aliorum

2085 3059 2452 3127 remanet
2483 3054 2733 3126 etiam
2760 3053 3176 3127 humidum
3212 3054 3617 3135 subtilius,

2082 3191 2324 3264 quam
2386 3172 2492 3246 sit
2569 3171 3012 3254 humidum,
3059 3194 3150 3245 ex
3191 3192 3346 3264 quo
3405 3172 3624 3265 plan·

2081 3295 2209 3372 tae,
2254 3295 2334 3364 et
2369 3290 2742 3373 metalla;
2794 3291 3099 3384 poterit
3143 3295 3416 3365 tamen
3450 3295 3621 3364 tan-

2077 3410 2256 3480 dem
2320 3408 2796 3498 contingere
2860 3409 3065 3500 quod
3128 3413 3624 3498 generentur

2082 3525 2443 3616 quaedam
2474 3524 2775 3617 ‘plantae
2829 3524 3329 3616 imperfectae
3366 3525 3444 3597 in
3490 3545 3622 3616 pu-

2080 3640 2567 3715 trefactione
2633 3662 2861 3733 aquae
2922 3642 3242 3723 stantis,
3281 3643 3625 3733 quando-

2082 3778 2233 3849 que
2270 3758 2347 3829 in
2380 3759 2808 3850 superficie
2841 3759 3274 3849 contingit,
3323 3759 3455 3830 sed
3500 3778 3622 3830 ra·

2084 3896 2177 3946 ro
2238 3875 2646 3966 contingit
2679 3875 2856 3959 hoc,
2895 3878 3027 3950 sed
3063 3898 3273 3969 saepe
3315 3874 3622 3947 anima-

2080 3994 2215 4077 lia,
2253 4017 2663 4088 nunquam
2703 3996 3059 4077 metalla,
3108 4016 3251 4068 nec
3286 3994 3617 4086 lapideS.

2081 4114 2183 4185 Et
2237 4133 2396 4184 non
2450 4113 2775 4186 videtur
2822 4133 3110 4184 verum
3171 4111 3375 4203 quod
3435 4110 3621 4182 dici-

2082 4232 2244 4309 tur,
2294 4229 2556 4319 magis
2598 4233 2723 4301 est
2762 4229 3029 4301 simile
3066 4248 3362 4300 aurum
3411 4247 3621 4300 mor-

2096 4350 2262 4427 tu0,
2352 4350 2503 4419 etc.
2586 4346 2853 4419 Etiam
2956 4346 3082 4418 ico
3160 4345 3366 4436 quod
3432 4363 3615 4425 non,

2087 4466 2479 4553 quantum
2524 4463 2619 4534 ad
2653 4462 3149 4555 principium
3194 4483 3358 4533 suae
3393 4481 3621 4552 gene-

2085 4580 2458 4661 rationis,
2506 4579 2694 4653 licet
2730 4580 2925 4651 illud
2962 4602 3137 4652 csse
3173 4579 3623 4652 inanimato

2082 4692 2237 4766 fuit
2300 4694 2562 4784 magis
2623 4693 2914 4777 simile,
2974 4715 3135 4767 non
3200 4699 3474 4768 tamen
3546 4693 3624 4765 in

2083 4810 2269 4882 aliis
2320 4834 2333 4876 :
2378 4815 2450 4884 et
2504 4810 2619 4882 sic
2664 4810 3051 4885 similiter
3081 4815 3302 4884 esset
3350 4810 3625 4884 diffici-

2084 4927 2241 4998 lius
2275 4928 2453 5001 fieri
2487 4927 2816 5010 animal,
2867 4948 3107 5020 quam
3141 4949 3461 5009 aurum,
3498 4927 3625 4998 vel

2087 5043 2476 5135 plantam,
2519 5048 2791 5118 tamen
2830 5065 2919 5115 ex
2963 5044 3311 5118 materia
3344 5044 3628 5118 taliter

2081 5159 2482 5251 disposita
2518 5159 2842 5234 facilius
2893 5160 2983 5234 fit
3015 5161 3344 5244 animal,
3385 5182 3625 5254 quam

2083 5297 2403 5360 aurum,
2450 5279 2575 5350 vel
2610 5279 2913 5372 planta,
2962 5279 3076 5351 sic
3122 5283 3342 5371 patet
3376 5279 3625 5353 etiam

2083 5392 2177 5462 ad
2219 5393 2677 5464 secundum.

2170 5508 2284 5580 Ad
2327 5509 2693 5591 tertium,
2749 5509 3051 5582 dieitur
3111 5510 3318 5602 quod
3373 5528 3624 5583 causa

2080 5629 2206 5698 est
2246 5624 2535 5698 divisio
2571 5624 2873 5698 humidi
2907 5627 3268 5701 contenti
3314 5647 3360 5701 a
3410 5626 3621 5701 calo-

3782 5532 3865 5588 29.
