4252 6393
1554 473 1918 555 QuAEs‘rio
1964 483 2071 548 xn
3348 513 3466 591 483

643 856 1106 939 QUAESTIO
1205 862 1390 935 XII.

1916 647 2120 733 quod
2163 649 2435 726 anima
2494 661 2705 738 videt
2763 673 3042 749 stellas
3103 679 3183 752 in
3224 686 3451 769 coelo,

1912 778 2085 850 quae
2119 765 2598 860 longissime
2633 785 2923 866 absunt
2955 814 3003 867 a
3060 820 3330 892 carne,
3375 817 3455 886 et

1910 879 2299 963 similiter
2328 894 2520 971 dicit
2560 902 2651 973 de
2702 909 3005 996 auditu,
3052 922 3187 1012 qui
3230 931 3453 1005 audit

706 1059 719 1071 ‚
762 1060 775 1072 ,
1074 1062 1087 1075 ,
1153 1065 1165 1077 ‚
1291 1064 1303 1078 ,
1393 1065 1406 1077 ,
1680 1069 1691 1080 ,
1907 1008 2147 1079 extra
2191 1035 2206 1091 ;
2253 1033 2451 1105 ergo
2498 1019 2566 1092 si
2609 1042 2770 1097 non
2803 1034 3076 1118 sentit,
3123 1041 3276 1116 nisi
3317 1049 3449 1121 ubi

271 1055 479 1120 Utrum
535 1069 861 1124 sensttwa
901 1061 1197 1128 hommw
1241 1074 1329 1129 sn
1379 1085 1453 1131 m
1501 1066 1794 1152 qualaebet

721 1187 916 1262 parte
945 1181 1249 1266 eorporis
1272 1181 1305 1248 ἰ)

262 1371 454 1429 Aristo«.
491 1373 541 1430 1.
573 1377 638 1430 de
663 1376 894 1444 Anima,
952 1383 1078 1434 test.
1139 1379 1229 1435 93.
1261 1381 1313 1434 et
1360 1380 1449 1436 94.
1504 1387 1553 1435 et
1605 1382 1700 1438 lib.
1731 1384 1785 1438 2.

323 1450 437 1500 text.
466 1446 557 1502 20.
582 1452 841 1506 Averroae
860 1451 912 1505 8.
939 1451 1331 1521 Physieorum,
1363 1469 1502 1508 com.
1533 1453 1624 1508 78.
1656 1460 1704 1508 et
1725 1458 1790 1508 do

321 1518 623 1573 substantia
652 1523 821 1586 orbis,
853 1538 973 1591 cap.
1012 1528 1059 1577 1.
1093 1523 1245 1578 Alen.
1272 1527 1327 1578 2.
1372 1529 1526 1594 part.
1576 1540 1633 1592 q.
1690 1527 1783 1581 61.

319 1586 496 1644 Thom.
536 1592 559 1646 1
590 1606 645 1658 p.
676 1606 727 1660 q.
762 1593 850 1649 76.
874 1599 986 1648 art.
1018 1595 1072 1649 8.
1105 1601 1152 1649 et
1182 1592 1235 1649 2.
1266 1602 1413 1651 cont.
1446 1597 1575 1650 Gen.
1615 1611 1661 1650 c.
1695 1595 1783 1652 72.

321 1656 549 1730 Cajetan.
581 1665 674 1718 ad.
720 1664 769 1719 1.
794 1680 849 1733 p.
882 1664 1135 1722 Soncinas
1192 1665 1244 1721 8.
1303 1669 1546 1737 Metaph.
1577 1683 1630 1735 q.
1695 1668 1781 1725 11.

319 1731 548 1788 Javeuus
573 1750 627 1802 q.
668 1732 721 1791 4.
758 1736 1037 1792 Marcellus
1076 1741 1121 1794 1.
1155 1739 1217 1792 de-
1249 1741 1439 1793 Anim.
1473 1755 1519 1794 c.
1543 1739 1597 1794 9.
1646 1740 1784 1825 Jan-

317 1801 436 1858 dun.
469 1802 524 1859 ⁶2.
548 1807 613 1859 de
635 1808 821 1864 Am'm.
851 1826 903 1878 q.
938 1809 991 1863 7.
1022 1809 1188 1865 Tolet.
1211 1825 1264 1878 q.
1290 1810 1341 1864 5.
1368 1808 1611 1867 Hurtado
1637 1811 1779 1880 disp.

314 1879 364 1930 2.
392 1882 512 1931 sect.
539 1876 592 1933 4.
627 1878 870 1936 cavenus
899 1883 962 1934 in
991 1886 1258 1951 supplem.
1292 1885 1367 1936 acl
1414 1885 1510 1939 lib.
1558 1883 1624 1970 fio
1671 1886 1778 1938 An.

316 1945 468 2012 Senti,
504 1950 650 2017 disp.
682 1951 729 2006 1.
763 1958 887 2007 sect.
915 1954 970 2008 9.
1002 1955 1204 2010 Aversa
1226 1958 1358 2010 tom.
1381 1957 1435 2010 2.
1463 1956 1778 2026 Phalosoph.

327 2195 820 2290 RespondeO,
866 2206 1222 2294 quatuor
1264 2213 1451 2281 sunt
1486 2207 1613 2279 hic
1666 2208 1776 2280 vi-

243 2309 469 2386 denda
502 2315 725 2389 circa
766 2325 1213 2411 aspectum,
1260 2344 1497 2416 quem
1537 2325 1775 2401 habet

244 2428 495 2504 anima
556 2434 651 2505 ad
709 2455 1008 2529 corpus
1069 2459 1331 2515 suum.
1406 2443 1772 2517 Primum

241 2550 375 2627 est,
411 2550 614 2640 quod
655 2550 1013 2627 existens
1060 2556 1138 2628 in
1181 2579 1557 2652 corpore,
1605 2561 1771 2633 nul-

240 2660 307 2735 lo
356 2667 583 2740 modo
624 2672 749 2743 est
792 2674 1054 2744 extra.
1117 2676 1567 2748 Secundum
1617 2682 1765 2758 est,

240 2782 427 2869 quod
477 2783 591 2858 sic
635 2790 760 2859 est
824 2787 904 2859 in
943 2810 1297 2883 corpore
1340 2815 1511 2876 suo,
1563 2795 1770 2886 quod

239 2915 363 2968 nec
407 2903 622 2981 tunc,
688 2922 834 2978 nec
873 2924 920 2975 a
980 2926 1332 3000 coi-pore
1384 2914 1769 3002 separata

240 3014 479 3102 possit
546 3039 726 3090 esse
782 3019 861 3092 in
929 3022 1117 3094 alio.
1191 3026 1561 3100 Tertium
1610 3032 1761 3110 est,

234 3133 420 3221 quod
460 3134 821 3210 existens
858 3137 938 3211 in
979 3161 1330 3234 corpore
1373 3144 1487 3217 sic
1528 3148 1653 3220 est
1687 3145 1765 3219 in

232 3266 338 3329 co,
418 3254 626 3343 quod
688 3259 862 3331 tota
934 3256 1013 3329 in
1055 3263 1256 3344 toto,
1321 3265 1401 3335 et
1446 3266 1619 3336 tota
1682 3264 1764 3336 in

230 3367 564 3454 qualibet
594 3377 853 3464 parte.
883 3380 1308 3460 Quartum,
1335 3380 1760 3455 videndum

227 3484 336 3553 est
363 3484 452 3556 de
496 3486 892 3563 sensitiva
934 3490 1396 3567 brutorum.

698 3803 1124 3863 ARTICULUS
1223 3811 1263 3864 Ι.

225 3978 315 4044 An
340 3982 569 4048 anima
600 3984 697 4049 ita
733 3986 920 4053 sitin
958 4008 1255 4075 corpore,
1284 4001 1354 4056 ut
1382 3994 1571 4072 nullo
1618 4015 1755 4061 mo-

595 4100 683 4168 do
710 4102 799 4168 sit
828 4113 1024 4171 extra
1062 4105 1352 4194 eorpus?

124 4316 183 4375 ιγ.
298 4284 529 4359 Circa
553 4289 910 4380 primum
935 4296 1059 4367 est
1083 4292 1518 4378 sciendum,
1548 4300 1752 4391 quod

124 4377 194 4431 ³⁰·
219 4394 297 4467 de
337 4406 567 4476 modo
600 4407 996 4482 existendi
1030 4410 1323 4484 animae
1357 4413 1434 4485 in
1469 4435 1753 4509 corpo-

226 4534 300 4587 re
336 4525 412 4595 et
478 4529 744 4608 extra,
816 4527 1405 4603 dubitationem
1449 4532 1752 4625 ingerit

224 4635 433 4709 nobis
480 4642 824 4714 verbum
876 4645 1339 4735 Augustini,
1403 4650 1753 4742 epistola

136 4760 174 4814 2.
220 4750 302 4823 ad
334 4756 936 4845 Volusianum‘,
985 4764 1115 4837 ubi
1151 4765 1265 4839 sic
1299 4765 1491 4842 dicit
1534 4798 1554 4842 :
1598 4774 1752 4837 Cer-

227 4879 278 4933 te
318 4879 565 4944 sentire
617 4900 758 4945 non
802 4891 1014 4967 potest
1052 4885 1269 4965 homo,
1325 4889 1465 4953 nisi
1514 4889 1695 4953 vivat
1725 4913 1750 4969 ‚-

225 4990 372 5056 vivit
407 5007 632 5061 antem
664 4998 737 5062 in
767 5019 972 5065 earne
999 5013 1357 5090 antequam
1405 5015 1757 5095 utrumque

218 5120 406 5175 morte
435 5112 810 5180 dirimatur
842 5142 863 5182 .·
897 5119 1221 5202 quomodo
1252 5122 1464 5207 iqitur
1491 5126 1751 5211 anima,

216 5240 341 5305 quoe
374 5240 527 5295 sunt
574 5241 772 5296 extra
816 5254 1108 5314 earnem,
1164 5240 1385 5317 sentit,
1432 5262 1576 5326 qua.»
1620 5264 1758 5309 uon

214 5339 334 5404 nisi
369 5343 437 5409 in
476 5366 601 5411 sua
630 5367 835 5413 carne
873 5351 1085 5416 vivit?
1126 5352 1227 5423 Et
1262 5352 1544 5425 Statim
1580 5358 1756 5430 sub-

216 5448 313 5525 dit
347 5485 362 5526 :
403 5462 655 5529 Sensus
685 5485 821 5531 esse
850 5487 987 5533 non
1030 5481 1243 5555 potest
1301 5472 1413 5539 ubi
1446 5477 1583 5541 vita
1622 5499 1759 5545 non

216 5580 315 5635 est.
360 5572 478 5642 Ex
520 5573 645 5646 his
680 5574 1031 5652 habetur
1064 5582 1271 5671 quod
1304 5586 1579 5659 anima
1624 5592 1754 5663 ubi

215 5678 418 5769 vivit,
489 5689 591 5762 ibi
646 5694 923 5768 sentit.
981 5700 1368 5791 Sequitur
1436 5706 1750 5793 ibidem,

1902 1119 2130 1206 vivit,
2195 1130 2469 1205 anima
2525 1137 2727 1216 vivit
2786 1153 3023 1223 extra
3083 1177 3444 1252 corpus:

1902 1237 2035 1307 sed
2075 1245 2297 1314 vivere
2327 1253 2694 1326 viventibus
2723 1277 2816 1331 ese
2853 1289 2987 1335 esse
3013 1300 3039 1354 ,·
3070 1293 3269 1367 ergo
3312 1279 3444 1354 ha-

1898 1352 2028 1427 bet
2060 1380 2195 1426 esse
2224 1369 2484 1438 extra.
2543 1374 3150 1460 Dubitationem
3193 1394 3441 1471 etiam

1900 1471 2200 1564 ingerit
2231 1485 3440 1608 verbumBei‘nardidepnaecep·

1900 1592 1982 1661 to
2051 1598 2132 1667 et
2197 1598 2825 1694 dispensatione,
2892 1637 3067 1714 cap.
3121 1626 3233 1698 27.
3309 1632 3440 1705 ubi

1898 1705 2014 1779 Sic
2056 1709 2250 1787 dicit
2294 1745 2310 1787 ε
2354 1721 2573 1809 Neque
2594 1737 2994 1814 prcesentior
3030 1753 3125 1808 est
3158 1749 3440 1832 spir-itm

1892 1836 2118 1893 noster
2153 1830 2271 1897 ubi
2298 1837 2578 1919 animat,
2624 1865 2820 1929 quam
2869 1853 2984 1918 ubi
3019 1870 3243 1925 amat:
3306 1863 3437 1936 sed

1895 1937 2027 2012 ubi
2089 1945 2400 2022 animat
2442 1958 2567 2027 est
2629 1978 2989 2050 praesens
3048 1990 3193 2062 per·
3261 1978 3437 2050 sub-

1892 2061 2286 2135 stantiam
2322 2091 2336 2146 ;
2374 2088 2573 2161 ergo
2615 2079 2740 2150 est
2782 2081 3452 2167 substantialiter

1889 2181 2126 2251 extra
2166 2204 2493 2279 corpus.

1982 2298 2149 2372 Hoc
2191 2303 2441 2377 etiam
2490 2315 2934 2393 concedunt
2992 2323 3269 2418 aliqui,
3326 2332 3432 2406 di-

1887 2421 2185 2500 centes,
2252 2425 2458 2514 quod
2506 2429 2865 2508 existens
2919 2438 2997 2510 in
3056 2463 3431 2538 corpore,

1886 2535 2430 2625 capacitatem
2475 2548 2980 2628 transcendit
3022 2565 3427 2654 cor-poris,

1885 2652 1962 2722 et
1996 2654 2334 2746 attingit
2382 2659 2652 2736 locum
2681 2687 2913 2759 quem
2939 2694 3238 2768 corpus
3270 2702 3429 2754 non

1882 2768 2244 2860 attingit.
2319 2780 2539 2858 Quod
2620 2784 2968 2874 probant
3054 2812 3151 2865 ex
3228 2795 3773 2888 hoc;1›‚·,·‚„am.

3563 2901 3655 2952 ιίο.

1883 2887 2175 2976 primO,
2223 2892 2411 2983 quia
2478 2917 2660 2969 cum
2712 2921 2917 2993 puer
2954 2913 3277 2997 crescit,
3350 2921 3426 2990 et

1878 3006 2000 3075 cst
2047 3002 2126 3076 in
2162 3011 2569 3102 completa
2616 3021 3098 3108 quantitate,
3154 3032 3427 3107 anima

1877 3122 1999 3191 est
2060 3126 2236 3196 tota
2309 3125 2387 3196 in
2468 3131 2823 3221 qualibet
2897 3145 3134 3231 parte
3203 3146 3423 3225 illius

1874 3234 2306 3331 'corporis;
2406 3267 2588 3320 cum
2657 3271 2855 3343 ergo
2926 3260 3198 3335 anima
3264 3287 3425 3341 non

1876 3360 2222 3436 crescat,
2266 3358 2453 3431 dum
2495 3383 2794 3457 corpus
2827 3378 3009 3449 erat
3051 3399 3418 3471 par-vum,

1874 3469 2330 3561 attingebat
2397 3477 2671 3553 anima
2729 3487 2822 3558 ad
2898 3490 3250 3584 aliquem
3311 3500 3420 3574 lo·

1873 3605 2081 3669 cum,
2120 3590 2215 3661 ad
2267 3612 2501 3684 quem
2535 3617 2696 3671 non
2747 3604 3200 3699 attingebat
3243 3636 3421 3689 cor·-

1877 3720 2050 3792 pus.
2100 3707 2487 3795 SecundO,
2527 3716 2714 3806 quia
2756 3722 3027 3797 anima
3086 3732 3208 3801 est
3243 3752 3417 3824 per·-
3475 3757 3729 3872 swa-„da

3510 3836 3578 3871 ra
3605 3838 3680 3874 20·

1872 3817 2119 3894 sectio
2190 3831 2602 3920 corporis,
2687 3841 2766 3912 et
2844 3848 2968 3916 est
3062 3851 3338 3923 motor
3401 3883 3416 3926 :

1874 3941 2246 4027 quamvis
2315 3951 2587 4021 autem
2646 3952 2725 4024 in
2788 3965 3179 4047 quantum
3245 3988 3419 4060 pcr-

1870 4051 2116 4128 fectio
2171 4077 2331 4132 non
2397 4067 2652 4156 possit
2696 4073 3104 4167 attingere
3147 4082 3418 4161 locum

1871 4192 2110 4263 quem
2172 4197 2472 4270 corpus
2533 4185 2891 4279 attingit,
3001 4200 3272 4273 tamen
3332 4210 3420 4279 ut

1872 4295 2149 4364 moto1²
2212 4295 2598 4387 attingit:
2639 4304 2829 4393 quia
2891 4309 3103 4387 sicut
3156 4316 3415 4410 Ange-

1874 4405 1996 4477 lus
2078 4429 2409 4485 movcns
2478 4438 2803 4511 corpuS,
2869 4431 2992 4500 est
3082 4428 3160 4503 in
3239 4434 3420 4511 loco

1873 4544 2105 4614 quem
2133 4547 2291 4599 non
2316 4531 2971 4635 attingitcor‘pus
3015 4555 3418 4641 nostrum,

1873 4638 1987 4713 ita
2021 4642 2294 4716 anima
2331 4658 2714 4741 separata
2747 4656 2984 4736 habet
3020 4668 3419 4761 majorem

1871 4757 2139 4831 locum
2186 4783 2429 4854 quam
2490 4790 2724 4844 suum
2769 4796 3095 4871 corpuS,
3132 4790 3212 4860 et
3282 4789 3419 4864 ille

1871 4875 2124 4960 locus,
2179 4883 2310 4973 qui
2363 4884 2699 4961 debetur
2749 4894 3043 4970 anima>
3099 4922 3423 4997 separa-

1873 4996 2002 5073 tae,
2040 4995 2373 5070 debetur
2403 5001 2475 5072 ci
2520 5004 2788 5090 unitae,
2840 5017 2925 5086 ut
2966 5021 3090 5090 est
3126 5027 3419 5097 motor.

2445 5192 2527 5248 SC
2538 5195 2850 5257 HOLIUM.

1943 5337 2222 5396 Resolvit
2247 5343 2759 5419 Doctorssanimam
2784 5353 2932 5414 dum
2955 5374 3181 5432 corpus
3212 5363 3429 5421 vivifi-

1873 5439 1990 5500 cat,
2026 5442 2202 5495 extr-a
2233 5457 2460 5515 corpus
2491 5460 2611 5503 non
2645 5464 2822 5519 posse
2876 5460 3155 5526 evagari.
3210 5462 3425 5535 Aliqui

1873 5539 2081 5592 tamen
2118 5548 2367 5599 movent
2399 5544 2830 5607 difficultatem
2866 5554 2930 5608 in
2965 5556 3044 5611 iis
3104 5560 3211 5630 qui
3253 5567 3428 5619 exta-

1875 5633 1991 5690 sim
2051 5643 2111 5694 et
2145 5644 2360 5711 raptus
2391 5646 2735 5715 patiuntur,
2781 5650 2844 5705 in
2896 5653 3125 5725 quibus
3173 5657 3427 5718 videtur

1873 5739 2149 5794 animam
2181 5743 2428 5797 evocari
2478 5749 2650 5800 extra
2700 5761 2945 5818 corpus,
2978 5756 3039 5810 et
3066 5767 3100 5809 a
3132 5756 3420 5817 sensibus
