4252 6393
1576 449 1936 526 QUAEsrlo
1983 450 2116 512 xv1

309 611 528 686 ctiam
599 609 893 683 habent
963 609 1508 702 quantitatem
1568 610 1827 682 conti-

306 749 524 802 nuam
603 731 1145 802 numerantur
1232 747 1601 807 numero,
1694 724 1828 818 qui

305 851 674 919 causatur
703 867 800 917 ex
842 844 1235 918 divisione
1295 843 1660 917 continui
1698 870 1712 913 ε
1749 848 1830 917 et

306 961 494 1035 sicut
537 960 951 1053 quantitas
1004 959 1373 1033 continui
1416 958 1626 1031 addit
1682 957 1828 1030 ali-

307 1077 470 1168 quid
530 1097 777 1169 super
835 1074 1405 1156 substantiam,
1460 1078 1540 1148 et
1583 1095 1830 1167 super

79 1226 270 1298 ›ana-u,
310 1215 423 1264 res
534 1191 887 1265 aliorum
965 1191 1823 1273 Praedicamentorum,

57 1290 271 1337 madema-

71 4698 80 4711 -
71 4642 80 4655 a·
71 4608 82 4623 u
67 4524 80 4585 u-m
69 4454 86 4511 -,-ι
67 4352 80 4435 1η.-
65 4180 80 4329 -ιιιι-Ι-Ί·
63 3770 80 4165 *ι-ι--ῌΙ-Ὶ-Ὴ-ν-
67 3708 78 3747 -m-

137 1351 195 1397 lis.

117 3660 168 3711 ,ΕΣ

308 1310 408 1381 sic
449 1309 602 1383 iste
660 1330 1073 1391 numeruS,
1140 1308 1274 1401 qui
1308 1314 1431 1383 est
1473 1309 1590 1381 eis
1624 1308 1827 1381 acci-

300 1425 624 1500 dentalis
667 1426 880 1500 addit
915 1447 1088 1498 rem
1122 1425 1480 1518 aliquam
1514 1425 1829 1497 absolu-

300 1548 449 1616 tam
519 1562 768 1634 super
841 1544 1309 1623 numerata,
1386 1561 1558 1632 quac
1639 1545 1827 1614 sunt

295 1660 634 1731 aliorum
731 1658 1591 1732 Praedicamentorum.
1680 1657 1826 1731 Sed

297 1794 413 1845 rcs
472 1793 650 1864 quae
713 1793 859 1865 per
924 1795 1007 1846 se
1069 1779 1256 1847 sunt
1301 1774 1381 1846 in
1434 1772 1826 1846 Praedica-

295 1893 547 1962 mento
602 1891 1128 1974 QuantitatiS,
1193 1912 1355 1963 non
1396 1911 1827 1964 numeran-

294 2011 418 2080 tur
479 2006 641 2079 nisi
704 2028 1044 2080 numero
1113 2008 1560 2091 essentiali,
1635 1993 1825 2102 quia

292 2124 650 2214 quaelibet
724 2146 914 2219 pars
977 2125 1463 2218 quantitatis
1535 2146 1681 2218 per
1740 2145 1824 2198 se

289 2247 399 2315 est
441 2263 623 2326 una,
686 2263 846 2315 non
890 2263 1034 2336 per
1093 2243 1308 2314 aliud
1358 2243 1823 2316 absolutum

289 2358 353 2430 ci
418 2360 772 2433 additum
844 2386 858 2428 :
936 2359 1147 2434 sicut
1240 2381 1371 2431 res
1461 2358 1821 2432 aliorum

291 2477 1112 2550 Praedicamentorum
1175 2498 1319 2570 per
1387 2498 1469 2549 se
1527 2476 1823 2550 habent

289 2593 710 2675 unitatem,
783 2614 945 2666 non
1014 2614 1159 2686 per
1227 2593 1444 2667 aliud
1502 2593 1820 2666 absolu-

290 2712 446 2781 tum
491 2710 1128 2802 superadditum,
1194 2713 1274 2783 ct
1318 2709 1489 2781 ideo
1552 2729 1824 2781 nume-

289 2847 442 2909 rus,
500 2827 637 2920 qui
689 2828 957 2920 surgit
1006 2849 1104 2900 ex
1145 2826 1540 2900 divisione
1573 2825 1825 2899 conti·

285 2944 435 3025 nui,
473 2948 599 3018 est
632 2943 1154 3018 accidentalis
1190 2944 1428 3016 rebus
1471 2943 1825 3015 aliorum

285 3059 1137 3144 Praedicamentorum‚
1183 3065 1264 3133 et
1286 3058 1496 3131 addit
1523 3057 1825 3150 aliquid

281 3171 737 3250 absolutum
789 3194 1035 3268 super
1084 3177 1564 3248 numerata:
1612 3172 1825 3245 sicut

284 3289 450 3381 ipsa
548 3292 968 3385 quantitas
1063 3292 1453 3366 continua
1514 3294 1636 3364 cst
1705 3292 1824 3365 eis

283 3408 826 3491 accidentalis,
876 3413 955 3484 et
997 3408 1211 3484 addit
1244 3408 1544 3501 aliquid
1580 3430 1829 3502 super

286 3520 414 3594 illa
456 3528 917 3598 numerata.

362 3641 546 3713 ‚Iam
605 3662 804 3733 ergo
848 3644 1096 3733 patet,
1144 3640 1350 3733 quod
1405 3662 1822 3725 numerus,

281 3756 404 3845 qui
440 3757 718 3832 oritur
757 3778 856 3829 ex
899 3758 1235 3837 unitate,
1303 3779 1478 3850 quae
1518 3758 1826 3832 virtute

279 3875 349 3944 et
393 3873 761 3966 potentia
801 3874 1165 3949 continet
1228 3896 1506 3948 omnes
1560 3875 1825 3949 unita-

279 3993 389 4061 tes
489 3993 843 4074 numeri,
942 3992 1205 4084 qualis
1308 3996 1433 4067 est
1550 3993 1823 4066 unitas

276 4104 557 4181 divinae
678 4109 1082 4191 essentiae,
1208 4113 1288 4182 et
1403 4130 1820 4191 numeruS,

278 4223 402 4313 qui
454 4226 732 4300 oritur
809 4247 906 4297 ex
977 4226 1313 4307 unitate,
1399 4247 1574 4318 quae
1643 4246 1825 4299 con·

277 4336 471 4414 tinet
564 4340 877 4414 virtute
969 4345 1049 4414 et
1135 4340 1504 4433 potentia
1593 4340 1824 4432 quasi

280 4456 600 4545 passiva
661 4458 1018 4532 unitates
1078 4457 1442 4539 numeri;
1518 4479 1615 4529 ox
1695 4479 1825 4529 cu·

271 4568 393 4658 jus
476 4575 877 4647 divisione
967 4574 1045 4646 in
1131 4580 1408 4667 partes
1514 4574 1823 4664 subjec-

279 4689 479 4763 tivas
574 4695 969 4765 causatur
1058 4711 1472 4773 numerus,
1561 4691 1821 4782 qualis

276 4812 391 4880 est
486 4809 763 4881 unitas
859 4808 1185 4900 generis
1251 4807 1818 4900 Metapliysici,

275 4924 393 4995 vel
418 4926 732 5018 Logici‚
773 4947 910 4998 seu
947 4924 1513 5018 praedicabilis,
1542 4927 1824 4995 estnu-

281 5060 549 5115 merus
593 5042 1085 5116 essentialis.
1132 5045 1543 5114 Numerus
1593 5062 1817 5123 vero,
1863 5128 1875 5141 δ

279 5157 403 5245 qui
485 5159 760 5232 oritur
827 5179 925 5230 ex
983 5157 1378 5230 divisione
1449 5155 1817 5237 unitatiS,

278 5290 443 5362 quae
541 5277 978 5348 secundum
1073 5274 1649 5354 substantiam,
1741 5276 1818 5344 ct

276 5394 679 5474 naturam,
745 5396 825 5465 et
869 5390 1418 5464 materialiter
1457 5389 1822 5463 continet

281 5506 636 5580 unitates
722 5507 1070 5588 numeri,
1144 5528 1243 5577 ex
1328 5506 1559 5599 quus
1627 5504 1823 5577 divi-

283 5619 503 5695 sione
535 5622 620 5693 in
655 5629 930 5715 partes
967 5623 1435 5713 integrales,
1466 5627 1546 5695 et
1581 5641 1820 5712 quan-

3355 454 3475 520 579

1940 608 2342 694 titativas,
2389 616 2782 687 causatur
2837 633 3254 697 numerus,
3299 633 3485 706 qua-

1942 726 2041 798 lis
2101 730 2227 801 est
2282 728 2551 802 unitas
2604 730 3229 805 continuitatis:
3271 731 3487 812 talis,

1942 843 2293 935 inquam,
2343 867 2732 918 numerus
2774 851 2895 920 est
2966 848 3491 921 accidentalis

1944 960 2184 1033 rebus
2226 963 2580 1035 aliorum
2630 964 3486 1048 praedicamentorum,

1943 1099 2116 1170 quae
2183 1077 2477 1152 habent
2554 1079 3025 1153 continuam
3087 1082 3489 1172 quantita-

1939 1197 2131 1276 tem,
2178 1196 2302 1266 vel
2356 1198 2542 1268 sunt
2602 1197 2679 1268 in
2722 1197 3111 1271 continua
3182 1198 3489 1291 quanti-

1940 1314 2135 1394 tate,
2218 1316 2297 1385 et
2338 1317 2463 1386 est
2494 1314 2958 1388 essentialis
2999 1315 3264 1396 rebuS,
3311 1335 3485 1407 quae

1940 1430 2030 1500 dc
2096 1450 2179 1500 se
2242 1429 2550 1500 suntin
2615 1450 2910 1521 genere
2952 1430 3480 1512 Quantitatis.

1943 1545 2090 1618 Sed
2153 1545 2343 1618 talis
2404 1566 2816 1628 numerus,
2891 1547 3025 1638 qui
3094 1551 3486 1619 causatur

1940 1684 2039 1733 ex
2090 1661 2486 1737 divisione
2526 1661 2916 1744 continui,
2961 1668 3042 1738 ct
3099 1669 3223 1738 cst
3284 1665 3486 1737 acci-

1937 1777 2284 1850 dentalis
2356 1779 2596 1850 robus
2665 1779 3019 1851 aliorum
3096 1780 3485 1852 Praedica-

1942 1898 2432 1976 mentorum,
2515 1914 2676 1966 non
2770 1897 3149 1970 convenit
3218 1895 3482 1977 robus,

1941 2030 2115 2099 quae
2161 2029 2321 2080 non
2380 2009 2677 2083 liabent
2720 2011 3260 2103 quantita-tom
3303 2031 3485 2083 con-

1942 2125 2278 2207 tinuam,
2324 2126 2449 2198 vel
2503 2130 2689 2199 sunt
2739 2128 2814 2199 in
2876 2127 3264 2201 continuo
3309 2154 3323 2197 ε
3373 2132 3488 2201 ta-

1940 2241 2050 2314 lia
2118 2242 2333 2314 enim
2424 2242 2598 2314 solo
2660 2263 2999 2316 numero
3068 2242 3490 2318 essentiali

1939 2363 2505 2441 numerantur,
2582 2363 2667 2433 ut
2735 2363 2909 2432 tres
2984 2358 3297 2451 Angeli,
3360 2360 3486 2431 vcl

1941 2479 2113 2546 tres
2157 2475 2476 2548 animae.

2027 2592 2103 2665 Si
2153 2613 2471 2684 quaeras
2517 2594 2917 2684 quomodo
2980 2592 3146 2667 tria
3191 2597 3488 2685 puncta

1937 2713 2529 2783 numerantur?
2588 2709 2817 2791 Dico,
2883 2710 3089 2802 quod
3148 2729 3491 2784 numero

1938 2825 2387 2907 essentiali,
2445 2830 2533 2899 ut
2568 2828 2752 2898 sunt
2798 2829 2969 2898 tres
3016 2846 3146 2898 ros
3185 2853 3200 2896 :
3238 2832 3318 2900 et
3353 2849 3487 2899 nu·

1941 2963 2166 3014 mcro
2210 2942 2714 3024 accidentali,
2754 2946 2837 3013 ut
2884 2946 3073 3016 sunt
3108 2941 3186 3015 in
3224 2943 3487 3017 tribus

1942 3059 2211 3131 lineis.

2031 3179 2175 3249 Est
2240 3174 2448 3248 alius
2518 3196 2908 3248 numerus
2982 3175 3117 3268 qui
3185 3175 3489 3251 dicitur

1938 3297 2275 3379 formalis,
2358 3294 2792 3366 secundum
2885 3313 3122 3384 qucm
3210 3293 3482 3386 aliqua
3539 3341 3574 3402 s

1939 3413 2481 3484 numerantur
2570 3410 2714 3481 sub
2808 3408 3081 3501 aliqua
3175 3409 3490 3483 unitate

1938 3524 2297 3607 formali,
2377 3546 2616 3618 quam
2687 3525 3210 3619 participant,
3278 3524 3490 3600 sicut

1940 3641 2343 3715 inlividua
2412 3642 2771 3743 ejusdem
2854 3642 3195 3735 Speciei.
3268 3642 3487 3714 Talis

1938 3757 2154 3829 enim
2196 3778 2581 3830 numerus
2628 3759 2898 3832 oritur
2938 3779 3037 3830 ex
3096 3756 3490 3830 divisione

1940 3874 2178 3945 unius
2247 3874 2533 3946 formae
2596 3874 2990 3967 specificae
3070 3872 3147 3945 in
3210 3876 3490 3965 partes

1941 3990 2460 4081 subjectivas‚
2535 3991 2668 4083 qui
2730 3991 3083 4063 formam
3134 3988 3491 4080 aliquam

1940 4127 2102 4179 non
2146 4108 2358 4181 addit
2408 4127 2654 4200 super
2720 4111 3103 4179 naturam
3168 4104 3489 4197 speciei,

1941 4224 2114 4295 idco
2177 4223 2448 4296 differt
2509 4245 2555 4296 a
2606 4242 2949 4294 numero
3017 4219 3489 4293 essentiali:

1940 4341 2131 4432 quia
2163 4344 2594 4413 numerata
2631 4339 2793 4421 illa,
2832 4360 3007 4431 quac
3041 4343 3228 4412 sunt
3268 4357 3494 4427 gene-

1942 4478 2061 4539 ra,
2098 4458 2226 4529 vel
2288 4456 2596 4549 species
2640 4456 3155 4536 subalternae,
3202 4454 3495 4526 addunt

1940 4574 2296 4646 formam
2336 4573 2720 4665 aliquam,
2774 4594 2949 4663 quae
2995 4572 3495 4664 importatur

1941 4712 2088 4783 per
2155 4689 2696 4762 differentiam
2768 4708 3015 4780 super
3095 4688 3494 4760 unitatem

1941 4807 2480 4899 importatam
2518 4825 2660 4896 per
2695 4823 2976 4891 genus.

2031 4925 2441 4995 Numerus
2469 4923 2744 4991 autem
2779 4916 3329 4998 accidentalis,
3363 4916 3500 5009 qui

1940 5041 2336 5110 causatur
2364 5058 2463 5108 ex
2496 5034 2887 5107 divisione
2931 5032 3327 5113 continui,
3369 5031 3508 5123 qui

1939 5158 2074 5243 (ut
2109 5152 2319 5241 (lixi)
2358 5154 2797 5220 accidentalis
2827 5148 3149 5227 dicitur,
3195 5168 3508 5240 respec-

1940 5277 2027 5345 tu
2054 5269 2494 5365 cujuslibet
2533 5268 2891 5339 aliorum
2925 5264 3505 5337 Praedicamen-

1937 5408 2226 5482 torum
2291 5406 2337 5455 a
2420 5383 2903 5475 quantitate,
2981 5400 3154 5469 quae
3233 5382 3503 5450 tamen

1939 5502 2242 5573 hahent
2310 5498 2876 5591 quantitatem,
2972 5495 3099 5567 vel
3168 5497 3353 5566 sunt
3430 5492 3507 5561 in

1955 5617 2418 5691 buantitatc
2471 5643 2483 5685 :
2535 5615 2787 5686 adhuc
2840 5611 3227 5684 dividitur
3261 5609 3339 5680 in
3372 5628 3509 5678 nu-

3634 3215 3719 3267 22.

3577 3275 3844 3330 Numerus

3604 3344 3799 3393 rmalis
