4252 6393
108 2019 119 2036 ⁶
138 2032 220 2082 cap.
245 2019 284 2069 7.

66 3976 75 4055 ἐι
92 4004 105 4025 ⁴
124 4023 153 4058 e.
172 4012 210 4063 5.
234 4022 276 4066 et

70 4068 275 4141 'deincepm

66 4158 75 4247 Ji

66 4338 67 4415 ς

66 4418 77 4455 l

64 4734 77 4889 *nm*
70 4696 77 4707 n
66 4536 67 4587 ⁴⁴⁴

1642 442 2009 519 QUAESTlo
2054 441 2184 505 xm

334 607 656 701 alicujus
707 606 825 680 rei
875 628 973 678 ex
1032 606 1496 679 inordinato
1543 623 1849 685 amore,

333 725 538 819 cujus
591 725 709 797 rei
788 745 984 796 usus
1039 743 1177 795 seu
1227 723 1551 804 abusuS,
1606 720 1853 795 estin

330 845 711 935 potestate
768 844 1058 914 nostra
1122 865 1135 908 :
1205 840 1338 912 sed
1399 838 1852 933 appetitum

327 958 866 1031 voluntarium
933 956 1401 1030 necessario
1472 955 1853 1049 praecedit

326 1075 663 1167 cognitio
699 1074 1195 1148 intellectiva
1232 1098 1246 1156 ;
1285 1092 1484 1165 ergo
1517 1092 1854 1163 cognos-

328 1191 563 1266 cimus
598 1189 1082 1284 singularia.

404 1308 624 1391 Item,
669 1306 1106 1380 consiliare
1172 1308 1250 1379 et
1291 1305 1719 1399 disponere
1759 1303 1851 1376 de

324 1422 658 1514 agendis,
704 1444 886 1496 cum
945 1421 1155 1496 dicat
1200 1421 1628 1515 quamdam
1688 1419 1851 1493 col-

324 1539 692 1613 lationem
764 1539 1293 1632 praesentium
1388 1537 1484 1611 ad
1568 1540 1849 1631 proete-

328 1657 473 1730 rita
543 1661 625 1731 et
666 1655 974 1741 sutura,
1019 1654 1490 1730 necessario
1534 1657 1849 1748 spectat

322 1775 404 1848 ad
474 1778 792 1868 partem
880 1774 1467 1850 intellectivam
1551 1773 1849 1866 practi-

323 1911 481 1964 cam
522 1920 536 1963 :
592 1893 725 1966 sed
762 1893 1133 1986 operatio
1166 1895 1243 1965 et
1285 1891 1616 1983 agenda,
1664 1894 1848 1964 sunt

323 2007 524 2082 circa
593 2008 1046 2102 singularia
1114 2011 1180 2082 6.
1261 2007 1844 2091 Ethicorumw

322 2146 528 2219 ergo,
573 2129 724 2200 etc.

400 2245 623 2327 Item,
661 2241 1165 2336 impossibile
1196 2247 1320 2316 est
1355 2260 1850 2335 cognoscere

323 2362 679 2445 medium,
723 2360 883 2432 nisi
931 2363 1540 2452 cognoscantur
1587 2362 1851 2431 extre-

323 2497 487 2550 ma:
523 2478 657 2551 sed
714 2478 1055 2561 veritas,
1107 2497 1347 2570 quam
1396 2475 1844 2568 cognoscit,

318 2594 388 2664 et
431 2593 960 2687 apprehendit
1024 2593 1511 2677 intellectus,
1574 2593 1851 2666 funda-

320 2711 446 2780 tur
493 2730 739 2802 super
788 2709 943 2783 duo
984 2714 1382 2792 extrema,
1439 2731 1573 2782 seu
1638 2708 1853 2780 affir-

325 2825 635 2907 mative,
693 2847 829 2898 seu
879 2825 1253 2917 negative
1288 2829 1640 2918 sumpta,
1680 2845 1852 2917 quae

328 2940 630 3032 quidem
691 2944 877 3014 sunt
940 2942 1507 3035 particularia,
1570 2946 1660 3016 ut
1711 2944 1852 3014 Pe-

323 3061 488 3130 trus
564 3077 728 3131 non
788 3060 913 3131 est
983 3056 1305 3140 Paulus,
1370 3057 1495 3130 vel
1558 3059 1850 3131 Petrus

318 3177 431 3248 est
479 3174 720 3249 homo
758 3201 774 3258 ;
812 3193 1038 3267 ergo,
1093 3179 1243 3250 etc.

400 3294 950 3368 confirmatur
1007 3297 1277 3368 autem
1349 3292 1591 3373 ratio,
1667 3292 1855 3384 quia

322 3407 583 3483 habitu
656 3410 1099 3484 scientifico
1170 3409 1676 3502 syllogistice
1726 3429 1856 3481 ac-

325 3526 638 3615 quisitO,
716 3526 894 3601 sola
973 3526 1340 3619 potentia
1416 3525 1858 3598 scientifica

327 3647 580 3732 potest
615 3643 1136 3737 syllogizare,
1176 3647 1260 3715 ut
1294 3641 1694 3733 contingit
1736 3663 1856 3713 as-

327 3762 696 3835 sumendo
766 3761 1123 3834 alterum
1193 3759 1635 3833 terminum
1704 3758 1858 3830 sin-

328 3876 710 3963 gularem,
786 3880 865 3950 et
940 3875 1089 3948 hoc
1152 3874 1231 3947 in
1295 3875 1511 3946 omni
1567 3874 1852 3965 figura,

327 3995 407 4066 ut
469 3998 681 4086 patet
744 3998 805 4066 1.
856 3993 1240 4066 Priorum
1280 3997 1327 4062 *.
1392 3996 1589 4066 Cum
1643 3991 1856 4063 enim

327 4110 771 4184 universale
832 4110 939 4184 sit
1014 4110 1403 4202 quoddam
1480 4131 1680 4202 opus
1747 4109 1859 4181 in-

325 4228 709 4310 tellectus,
754 4229 832 4300 et
869 4226 975 4301 sit
1020 4248 1164 4320 per
1221 4227 1859 4300 abstractionem

328 4359 370 4410 a
438 4343 1010 4435 singularibus,
1096 4363 1332 4415 omne
1399 4362 1645 4433 agens
1716 4362 1861 4434 per

330 4461 580 4532 artem
658 4463 981 4554 oportet
1062 4458 1561 4541 necessario,
1657 4460 1860 4551 quod

333 4581 760 4667 cognoscat
798 4576 1279 4668 singularia.

787 4907 1213 4966 ARTICULUS
1290 4906 1382 4962 111.

349 5087 662 5162 Quomodo
684 5089 1053 5155 intellectus
1074 5097 1418 5174 coquoscal
1438 5087 1864 5172 εἰηῃπιῐανῖαῖ)

427 5288 648 5362 Circa
703 5287 1042 5361 tertium
1115 5284 1557 5358 articulum
1619 5306 1867 5375 quoes-

351 5401 599 5489 tionis,
637 5405 974 5485 scilicet,
1013 5402 1189 5494 quis
1228 5403 1504 5473 modus
1539 5402 1643 5473 sit
1687 5425 1865 5495 cog-

351 5523 699 5595 noscendi
797 5518 1274 5611 singularia,
1366 5518 1646 5590 varius
1744 5524 1865 5593 est

357 5639 607 5711 modus
677 5637 1009 5712 dicendi.
1087 5638 1228 5708 Est
1305 5635 1521 5706 enim
1593 5636 1867 5728 opinio

3382 442 3490 504 511

1970 604 2534 695 quorumdam,
2629 603 2832 695 quod
2921 602 3339 693 singulare
3419 603 3518 674 ab

1967 718 2382 793 intellectu
2445 721 2676 793 modo
2727 719 3112 794 distincto
3172 739 3334 791 non
3384 739 3518 811 ap-

1964 836 2518 929 prehenditur,
2584 859 2731 913 ncc
2789 839 3081 933 primo,
3139 838 3271 910 sed
3325 837 3515 910 indi-

1967 958 2212 1036 recte,
2260 959 2340 1029 et
2385 976 2527 1048 per
2561 957 2988 1048 quamdam
3053 955 3352 1028 lineam
3397 976 3513 1028 re-

1963 1072 2281 1144 flexam.
2349 1075 2439 1146 In
2480 1073 2632 1145 hoc
2693 1077 2963 1147 autem
3016 1074 3513 1146 concordant
3539 1088 3856 1198 {hemana

1961 1190 2133 1262 duae
2169 1190 2570 1263 solemnes
2616 1191 3061 1285 opiniones.
3100 1191 3344 1264 Ratio
3379 1210 3511 1262 au-
3598 1153 3859 1267 enfffim’

1965 1310 2130 1380 tem
2207 1306 2446 1380 unius
2526 1328 2701 1400 quae
2799 1307 2950 1381 hoc
3031 1306 3286 1400 ponit,
3357 1309 3506 1389 est,

1965 1422 2156 1515 quia
2242 1423 2739 1517 principium
2820 1420 3506 1503 individuationis,

1961 1547 2041 1616 et
2076 1543 2522 1634 singularis
2568 1543 2647 1615 in
2682 1544 2921 1616 rebus
2961 1542 3504 1625 naturalibus,
3558 1554 3624 1604 D.
3658 1554 3852 1666 Τιιοὲιιὸ.

1960 1664 2084 1731 est
2131 1659 2516 1743 materia3
2559 1660 3019 1734 intellectus
3063 1664 3337 1735 autem
3368 1659 3507 1730 hu·
3535 1618 3664 1736 ¹511-ssss
3693 1632 3745 1730 ῗζ
3775 1650 3855 1730 ac'

1964 1795 2250 1848 manus
2319 1777 2804 1870 conjunctus
2879 1777 3265 1870 intelligit
3336 1742 3795 1869 abs-3‘opinto

3578 1882 3825 1919 asserem

1961 1890 2355 1965 trahendo
2417 1892 2770 1986 speciem
2824 1892 3419 1986 intelligibilem
3462 1912 3510 1964 a
3552 1931 3833 1994 ,mmm

1965 2010 2340 2093 materia,
2381 2014 2460 2085 et
2501 2011 3097 2085 conditionibus
3132 2009 3510 2085 materia·
3535 2007 3832 2122 92233'22-032,

1962 2124 2198 2209 libus,
2294 2130 2578 2220 utpote
2653 2133 2784 2213 hic,
2868 2133 2948 2203 et
3031 2153 3232 2211 manc,
3333 2147 3509 2220 quae
3615 2125 3754 2169 ’'⁶⁰“

1965 2247 2152 2317 sunt
2192 2244 2695 2317 conditiones
2738 2249 3325 2320 concernentes
3387 2265 3511 2317 ra-

1964 2359 2271 2435 tionem
2335 2361 2807 2453 singulariS,
2876 2362 3064 2454 quia
3115 2361 3283 2435 haec
3345 2383 3513 2454 spe-

1963 2477 2126 2550 cies
2162 2498 2324 2550 non
2366 2482 2638 2571 potest
2683 2483 3280 2572 repracsentare
3324 2477 3514 2550 indi-

1963 2595 2315 2668 viduum.
2382 2596 2628 2671 Ratio
2697 2596 3042 2671 alterius
3101 2601 3250 2681 est,
3326 2595 3516 2689 quia

1969 2714 2185 2787 ratio
2221 2712 2670 2805 singularis
2710 2713 3179 2787 necessario
3216 2711 3515 2806 aliquid

1967 2831 2181 2904 addit
2224 2850 2474 2924 supra
2527 2832 2935 2905 rationem
2991 2830 3510 2913 universaliS‚

1965 2945 2090 3018 vel
2174 2967 2285 3029 re,
2367 2946 2494 3018 vel
2577 2948 3054 3031 intentione,
3156 2946 3515 3040 alioquin

1964 3063 2118 3136 duo
2163 3063 2560 3136 individua
2605 3085 2765 3138 non
2821 3065 3246 3140 differrent
3304 3066 3519 3139 inter

1969 3204 2076 3265 se,
2130 3179 2340 3255 sicut
2372 3202 2517 3254 nec
2558 3180 2940 3257 differunt
2983 3181 3062 3256 in
3105 3182 3518 3255 communi

1972 3297 2290 3371 ratione
2335 3298 2658 3390 speciei.

2058 3417 2178 3485 Ex
2219 3412 2374 3487 hoc
2411 3412 2668 3505 igitur
2712 3419 2956 3508 patet,
3007 3417 3214 3508 quod
3249 3416 3516 3509 singu-

1968 3531 2143 3601 lare
2205 3551 2364 3603 non
2434 3532 3073 3624 apprehenditur
3140 3535 3237 3607 ab
3291 3533 3517 3607 intel-

1968 3645 2210 3726 lectu,
2291 3645 2452 3717 nisi
2530 3667 2672 3738 per
2760 3649 3188 3739 quamdam
3264 3651 3518 3723 deter-

1971 3762 2505 3836 minationem
2581 3763 2887 3839 factam
2953 3766 3034 3838 in
3095 3766 3514 3842 intellectu

1971 3882 2741 3973 correspondentem
2854 3882 3519 3957 determinationi

1972 3995 2491 4079 universalis,
2557 3997 2794 4072 factae
2850 3999 2932 4072 in
3011 4000 3186 4092 ipso
3252 3998 3520 4091 singu-

1971 4111 2131 4184 lari
2177 4139 2190 4182 :
2241 4114 2372 4185 sed
2432 4113 2896 4189 intellectus
2950 4116 3198 4189 talem
3258 4116 3520 4190 deter-

1975 4230 2507 4304 minationem
2541 4253 2705 4304 non
2741 4233 3080 4325 patitur,
3130 4234 3318 4327 quia
3378 4234 3520 4309 im-

1974 4348 2284 4439 pediret
2320 4349 2864 4440 receptionem
2899 4348 3186 4423 formae
3207 4352 3524 4425 univer-

1976 4465 2197 4549 saliS,
2264 4466 2450 4558 quia
2498 4467 3129 4542 determinatum
3179 4491 3337 4543 non
3391 4492 3524 4563 po-

1977 4584 2137 4655 test
2187 4603 2364 4656 esse
2426 4583 3168 4674 indeterminatum,
3260 4590 3339 4661 et
3408 4587 3524 4660 sic

1974 4698 2198 4770 nullo
2263 4700 2497 4772 modo
2571 4699 3034 4776 intellectus
3077 4702 3522 4795 apprehen-

1974 4816 2160 4889 dere
2229 4821 2499 4909 potest
2570 4818 3034 4893 universale
3104 4821 3172 4892 si
3272 4819 3523 4894 talem

1974 4932 2740 5010 determinationem
2775 4936 3134 5013 haberet.
3175 4938 3303 5013 Sic
3327 4958 3527 5031 ergo

1977 5050 2118 5123 isti
2185 5053 2336 5124 duo
2401 5052 2479 5125 in
2543 5053 2949 5145 positione
3008 5056 3523 5135 conveniunt,

1981 5165 2171 5241 licet
2230 5167 2579 5245 habeant
2639 5171 2854 5245 aliud
2939 5177 3019 5249 et
3080 5173 3294 5247 aliud
3355 5193 3514 5247 mo-

1980 5286 2263 5359 tivum.

2072 5405 2332 5476 Istum
2367 5411 2640 5480 autem
2677 5407 3000 5479 modum
3035 5407 3527 5490 reflexionis,

1982 5542 2137 5611 quo
2198 5522 2659 5598 intellectus
2701 5526 2827 5614 (ut
2884 5524 3202 5616 dicunt)
3262 5526 3529 5600 solum

1984 5636 2376 5730 intelligit
2410 5639 2852 5731 singulare,
2887 5641 3309 5717 declarant
3352 5642 3468 5717 sic
3510 5666 3523 5711 :
