4252 6393
419 1629 492 1678 14.

611 395 728 458 574

641 555 1008 648 potentia
1081 554 1462 648 possibile
1537 557 1663 627 est
1729 574 1934 636 esse,
2010 553 2181 625 sive

635 691 795 743 non
871 675 995 745 cst
1065 672 1497 744 seeundum
1566 673 1838 744 actum
1918 669 2183 742 infini-

639 788 834 858 tum.
909 787 1007 857 Et
1086 784 1235 856 hoc
1314 783 1486 856 ideo
1563 782 1907 863 videtur,
1994 782 2184 873 quia

637 901 843 992 quod
909 906 1032 979 est
1103 900 1436 975 infinitae
1506 898 2064 993 perfectionis,
2137 918 2185 970 a

635 1017 860 1089 nullo
902 1017 1309 1110 dependet,
1365 1021 1444 1090 et
1507 1016 1587 1088 in
1648 1017 1792 1089 tali
1842 1036 2000 1087 non
2043 1015 2184 1087 dif-

638 1134 797 1208 fert
827 1159 982 1215 csse,
1022 1137 1101 1208 et
1133 1157 1322 1223 posse
1350 1158 1505 1203 csse.
1549 1135 1645 1207 Et
1684 1133 1879 1213 idOO,
1929 1131 1995 1202 Si
2040 1131 2185 1203 ali-

636 1253 841 1346 quod
884 1257 1252 1326 creatum
1295 1254 1511 1330 essct
1555 1253 1636 1324 in
1681 1253 2046 1345 potentia
2089 1251 2183 1323 ad

637 1369 1034 1443 infinitam
1072 1368 1680 1462 perfectionem,
1716 1366 2185 1440 necessario

636 1493 852 1561 esset
893 1490 1106 1561 actu.

748 1605 1194 1677 Secundum
1288 1605 1526 1676 istam
1605 1603 1821 1674 viam
1898 1602 2186 1674 volunt

638 1721 913 1813 aliqui,
952 1723 1158 1813 quod
1192 1721 1560 1814 quamvis
1603 1722 1820 1793 Deus
1866 1720 1973 1794 sit
2019 1718 2187 1791 infi-

638 1837 830 1910 nitae
881 1837 1434 1929 perfeetionis
1507 1856 1668 1908 non
1736 1839 2009 1910 tamen
2060 1838 2186 1909 est

642 1953 1064 2026 imitabilis
1133 1974 1178 2026 a
1248 1953 1657 2027 creaturis
1746 1954 2184 2026 secundum

640 2069 999 2144 infinitos
1043 2072 1368 2162 gradus,
1442 2070 1630 2162 quia
1687 2090 1848 2142 non
1903 2073 2027 2143 est
2084 2091 2185 2141 ex

641 2193 874 2279 parte
945 2208 1116 2272 sua,
1191 2187 1421 2281 quasi
1491 2186 1837 2280 passive,
1910 2206 2185 2258 secun-

635 2303 821 2375 dum
856 2305 1208 2397 aliquem
1244 2303 1583 2394 gradum
1628 2301 2184 2384 perfectionis,

638 2421 796 2493 nisi
860 2421 1295 2494 secundum
1359 2420 1581 2491 illam
1641 2423 2028 2492 creatura
2081 2417 2185 2490 sit

640 2543 832 2631 apta
891 2541 1084 2612 nata
1139 2538 1406 2630 ipsum
1466 2535 1781 2609 imitari
1841 2535 2106 2609 active
2166 2562 2179 2605 ε

640 2656 756 2729 ita
800 2655 1004 2747 quod
1056 2660 1795 2747 quantumcumque
1855 2651 1961 2726 sit
2018 2652 2186 2725 infi-

638 2773 856 2845 nitas
908 2772 989 2843 in
1039 2770 1308 2842 divina
1365 2768 1896 2863 perfectione,
1953 2767 2021 2839 si
2072 2772 2187 2841 ta-

643 2908 823 2960 men
858 2888 963 2960 sit
1009 2886 1285 2959 finitus
1339 2890 1780 2978 respectus,
1836 2905 1974 2956 seu
2029 2888 2189 2957 ter-

641 3005 907 3077 minus
977 3003 1056 3076 in
1126 3002 1392 3075 forma
1461 3006 1891 3084 creaturae,
1965 3001 2189 3076 ultra

639 3142 875 3214 quem
908 3123 1292 3193 creatura
1332 3138 1431 3190 ex
1478 3122 1708 3212 parte
1753 3138 1898 3189 sua
1928 3118 2185 3190 Deum

639 3258 802 3311 non
855 3241 1125 3330 potest
1178 3234 1514 3316 imitari,
1570 3238 1786 3309 Deus
1833 3235 2054 3307 ultra
2100 3233 2187 3305 il-

643 3356 806 3427 lum
851 3375 1010 3426 non
1050 3354 1366 3426 dicetur
1409 3352 1828 3425 imitabilis
1871 3371 1918 3422 a
1960 3370 2189 3424 erea-

638 3473 855 3556 tura,
934 3489 1094 3541 non
1129 3472 1470 3560 propter
1501 3468 1898 3541 defectum
1935 3464 2188 3539 infini-

640 3587 839 3662 tatis
893 3608 1056 3659 suae
1119 3584 1672 3679 perfectionis,
1739 3584 1872 3655 sed
1923 3583 2187 3655 solum

642 3707 982 3797 propter
1050 3701 1486 3784 desectum,
1559 3701 1684 3773 vel
1764 3699 2188 3773 limitatio-

641 3841 821 3893 nem
872 3824 1303 3892 creaturae.

735 3940 833 4011 Et
863 3938 1296 4010 secundum
1340 3935 1587 4008 istum
1638 3934 1960 4006 modum
2002 3932 2189 4006 diei-

642 4067 803 4147 tur,
880 4064 1087 4155 quod
1155 4082 1543 4133 numerus
1608 4061 1878 4132 oriens
1938 4080 1985 4131 a
2042 4059 2190 4133 tali

644 4188 981 4272 unitate,
1023 4188 1242 4262 virtu
1262 4192 1358 4269 te,
1395 4190 1475 4260 et
1520 4186 1883 4279 potentia
1919 4185 2190 4259 activa

643 4315 1110 4390 continente
1180 4314 1536 4387 unitates
1606 4312 1954 4394 numeri,
2029 4333 2190 4385 non

646 4439 1011 4535 procedit
1084 4439 1162 4511 in
1234 4438 1672 4520 infinitum,
1748 4438 2038 4510 saltem
2110 4438 2192 4508 in

642 4566 1049 4639 essentiis.
1126 4568 1224 4639 Et
1283 4565 1557 4637 eodem
1621 4564 1849 4636 modo
1917 4583 2191 4636 nume-

644 4713 811 4773 rus,
851 4690 986 4783 qui
1039 4690 1308 4781 surgit
1351 4711 1448 4762 ex
1498 4688 1890 4762 divisione
1935 4687 2193 4761 unita·

642 4823 818 4891 tum
880 4817 960 4889 in
1014 4819 1293 4909 partes
1340 4814 1859 4907 subjectivas,
1916 4832 2194 4885 secun-

640 4944 826 5015 dum
865 4942 1186 5015 modum
1214 4940 1385 5033 jam
1428 4940 1758 5020 dictum,
1809 4958 1968 5009 non
2010 4957 2192 5030 pro-

641 5068 851 5142 cedit
895 5066 971 5138 in
1010 5065 1438 5142 infinitum,
1487 5064 1676 5155 quia
1716 5063 1884 5134 haec
1921 5061 2192 5133 unitas

644 5196 724 5266 in
770 5198 1048 5286 partes
1101 5189 1592 5281 subjectivas
1645 5187 2065 5267 divi‹litur;
2112 5189 2193 5258 et

645 5339 1059 5398 numerus,
1100 5316 1230 5408 qui
1266 5336 1362 5386 cx
1397 5314 1544 5387 tali
1586 5313 1980 5385 divisione
2013 5331 2195 5381 cau-

649 5450 908 5525 satur,
978 5442 1247 5514 oritur
1301 5460 1348 5511 a
1406 5440 1793 5532 praedicta
1853 5437 2189 5517 unitate,

650 5574 730 5645 et
792 5591 837 5641 a
933 5568 1319 5662 praedicto
1394 5586 1764 5647 numero,
1835 5565 1990 5636 etsi
2057 5563 2194 5635 ille

1784 391 1886 456 DE
1934 390 2198 458 RERUM
2270 389 2658 457 PRINCIPIO

2292 573 2679 626 numerus
2756 572 2915 625 non
2992 555 3356 645 procedit
3435 552 3515 625 in
3584 551 3837 625 infini-

2291 671 2491 751 tum,
2548 691 2690 743 nec
2753 670 2931 745 iste.

2384 787 2564 860 Alia
2605 792 2729 862 est
2773 788 3045 862 unitas
3086 790 3509 862 continens
3568 809 3838 861 nume-

2298 917 2503 982 rum,
2544 900 2678 993 qui
2719 901 2817 972 ab
2857 922 2951 973 ea
2994 901 3291 983 oritur,
3336 905 3416 976 et
3455 901 3631 993 ejus
3674 901 3840 972 uni-

2298 1017 2509 1089 tates
2543 1018 2976 1089 secundum
3011 1018 3552 1091 substantiam
3586 1020 3668 1089 et
3709 1038 3840 1087 na-

2295 1136 2596 1214 turam,
2660 1135 2778 1208 ita
2875 1136 3080 1227 quod
3152 1156 3296 1229 per
3361 1134 3843 1208 divisionem

2298 1252 2518 1323 illius
2580 1254 2945 1338 unitatis,
3011 1277 3172 1329 non
3226 1258 3304 1330 in
3350 1260 3627 1350 partes
3670 1255 3845 1327 sub-

2288 1367 2663 1460 jectivas,
2703 1371 2834 1443 sed
2872 1372 3340 1462 integraleS,
3397 1372 3672 1444 oritur
3711 1392 3847 1443 nu·

2300 1504 2573 1556 merus
2609 1487 2706 1558 ab
2739 1486 2882 1559 illa
2935 1489 3271 1561 unitate.
3320 1491 3421 1562 Et
3466 1489 3629 1561 isto
3685 1508 3847 1558 mo-

2296 1601 2393 1674 do
2456 1623 2703 1675 unum
2761 1606 3314 1696 magnitudine
3356 1602 3599 1677 habet
3642 1605 3721 1677 in
3766 1625 3850 1675 se

2301 1737 2619 1790 omnem
2657 1739 3111 1803 numerum,
3161 1721 3292 1813 qui
3340 1741 3485 1813 per
3523 1719 3848 1792 divisio-

2299 1854 2479 1906 nem
2516 1836 3098 1926 magnitudinis
3132 1840 3404 1929 potest
3446 1837 3623 1910 inde
3665 1858 3849 1930 pro·

2298 1952 2603 2024 cedere.
2652 1956 2750 2028 Et
2799 1954 2987 2046 quia
3046 1954 3237 2027 talis
3296 1955 3595 2036 unitas,
3672 1976 3851 2047 qum

2297 2073 2422 2142 est
2474 2070 2915 2162 quantitaS,
2979 2070 3271 2146 accidit
3332 2071 3597 2154 rebuS,
3671 2093 3851 2163 quae

2300 2187 2487 2257 sunt
2536 2185 2628 2256 de
2678 2204 2974 2276 genere
3022 2184 3498 2259 substantiae
3550 2207 3698 2278 per
3742 2187 3851 2279 ip-

2298 2320 2473 2372 sam
2509 2301 3075 2392 quantitatem,
3115 2323 3290 2395 quae
3321 2307 3445 2377 cst
3478 2303 3853 2376 accidens

2301 2416 2804 2504 substantiae,
2884 2418 3059 2491 idco
3121 2419 3370 2492 ctiam
3422 2419 3616 2491 talis
3654 2418 3853 2491 divi-

2302 2531 2448 2614 sio,
2504 2538 2583 2605 et
2635 2533 2824 2608 talis
2866 2555 3256 2607 numerus
3303 2557 3403 2607 ex
3451 2535 3855 2607 divisione

2301 2648 2492 2721 talis
2539 2650 2880 2725 unitatis
2939 2652 3510 2727 continuitatis
3571 2673 3856 2746 proce-

2299 2766 2514 2848 denS,
2580 2767 2873 2842 accidit
2933 2770 3197 2852 rebuS,
3274 2791 3449 2861 quae
3512 2774 3703 2844 sunt
3763 2772 3858 2843 de

2302 2902 2597 2973 genere
2640 2885 3141 2966 substantiae,
3193 2892 3273 2960 et
3314 2886 3563 2960 etiam
3610 2887 3857 2958 rebus

2301 2999 2655 3073 aliorum
2740 3002 3610 3085 Praedicamentorum,
3682 3005 3856 3095 qui-

2300 3117 2447 3189 bus
2493 3117 2783 3192 accidit
2836 3120 3279 3212 quantitas,
3335 3125 3424 3195 ut
3473 3122 3854 3194 albedini.

2303 3235 2526 3308 Sicut
2561 3240 2831 3310 autem
2865 3237 3310 3330 quantitati
3351 3259 3512 3311 non
3554 3240 3860 3313 accidit

2301 3351 2833 3435 continuitas,
2925 3354 3056 3426 sed
3136 3355 3638 3429 continuitas
3730 3362 3862 3431 est

2303 3466 2504 3539 idem
2551 3489 2663 3551 rc,
2711 3471 2916 3562 quod
2969 3472 3384 3562 quantitas
3433 3472 3865 3546 continua-

2303 3582 2390 3664 ti,
2428 3587 2514 3656 ut
2551 3584 2786 3668 linea,
2827 3592 2908 3660 et
2958 3607 3104 3659 sua
3149 3588 3679 3671 continuitas,
3743 3591 3865 3663 ita

2303 3700 2495 3773 talis
2562 3702 2849 3775 divisio
2920 3708 3000 3778 et
3068 3725 3456 3777 numerus
3517 3728 3617 3779 ex
3675 3707 3865 3801 ipsa

2304 3820 2770 3910 procedens,
2843 3842 3002 3893 non
3069 3826 3194 3896 est
3262 3824 3631 3897 accidens
3706 3826 3862 3906 rei,

2304 3955 2478 4025 quae
2546 3937 2637 4009 de
2708 3959 2793 4010 se
2858 3943 2984 4013 est
3049 3941 3124 4012 in
3183 3960 3477 4033 genere
3537 3944 3867 4033 quanti-

2305 4051 2524 4123 tatis.

2392 4168 2610 4240 Talis
2644 4174 2912 4244 autem
2948 4174 3247 4257 unitas,
3295 4196 3469 4267 quae
3511 4179 3637 4248 est
3670 4198 3867 4250 eon·

2304 4284 2671 4368 tinuitas,
2720 4309 2895 4380 qua}
2949 4290 3187 4362 rebus
3238 4291 3596 4363 aliorum
3641 4295 3865 4367 Prae-

2302 4399 2947 4477 dicamentorum
2992 4407 3308 4489 accidit,
3359 4410 3491 4481 sed
3539 4412 3869 4501 quanti-

2302 4517 2457 4591 tati
2518 4521 2640 4591 est
2698 4522 3186 4604 essentialis,
3251 4528 3522 4617 potest
3591 4527 3868 4621 accipi

2303 4634 2429 4705 vel
2474 4639 2683 4718 actu,
2735 4637 2860 4709 vel
2906 4639 3297 4730 potentia.
3355 4641 3588 4725 Actu,
3636 4641 3707 4715 si
3756 4644 3869 4715 di—

2303 4749 2670 4823 vidamus
2706 4753 3027 4845 aliquod
3069 4756 3568 4839 continuum,
3626 4763 3871 4853 utpo-

2308 4869 2383 4937 te
2444 4866 2752 4958 lignum
2810 4870 3171 4944 existens
3225 4874 3369 4945 sub
3454 4874 3873 4949 continui-

2306 4983 2509 5065 tatc;
2559 4987 2749 5057 tunc
2801 4986 2993 5059 talis
3044 5009 3435 5062 numerus
3487 4993 3872 5083 procedit

2305 5119 2403 5169 ex
2436 5098 2831 5174 divisione
2889 5102 3109 5177 illius
3164 5106 3531 5181 unitatis.
3582 5109 3735 5181 Vel
3789 5111 3872 5182 in

2308 5216 2698 5305 potentia,
2748 5224 2833 5293 ut
2877 5220 2945 5292 si
2996 5222 3362 5295 dicamus
3425 5225 3630 5315 quod
3692 5247 3873 5298 om·

2305 5330 2440 5404 nia
2481 5354 2859 5427 corpora,
2906 5359 3043 5410 seu
3079 5340 3678 5432 corruptibilia,
3718 5365 3869 5416 seu

2308 5448 2969 5545 incorruptibilia
3028 5462 3460 5530 sumantur
3515 5478 3614 5530 ex
3662 5459 3873 5533 divi-

2310 5566 2535 5638 sione
2612 5570 2848 5642 unius
2937 5572 3216 5663 quanti
3299 5573 3377 5644 in
3456 5578 3863 5666 potentia.

3874 809 4038 923 Um'ss}
4058 872 4119 920 in-

3891 935 4089 998 teyralt's.
