4252 6393
512 1505 563 1559 3.

378 1571 471 1625 An
488 1571 700 1637 singu-1

378 1633 450 1687 1oe
475 1634 682 1685 anima

376 1704 659 1750 creemur.

371 3851 534 3920 Epi-t.
566 3852 678 3907 ¹57.

738 353 864 420 438

725 514 1048 592 ratione
1115 518 1470 596 aliorum
1548 527 2007 619 requiritur
2080 531 2272 607 divi·

722 650 941 740 num,
1006 636 1208 714 utin
1240 637 1590 717 hominis
1623 647 2178 736 generatione.

1236 984 1663 1044 ARTICULUS
1712 987 1757 1043 1.

722 1145 1026 1257 Singulae
1062 1172 1305 1240 animce
1371 1175 1737 1243 rationales
1796 1179 2180 1250 immediate
2234 1206 2277 1251 a

1258 1290 1395 1358 Deo
1425 1304 1741 1362 creantur

815 1481 1057 1556 Circa
1134 1484 1519 1578 primum,
1602 1496 1727 1566 est
1834 1493 2270 1580 sciendum,

722 1598 928 1689 quod
948 1597 1116 1675 haee
1136 1603 1479 1695 quaestio
1501 1606 1738 1681 dubia
1761 1608 1912 1685 fuit
1936 1612 2280 1705 antiqui-

720 1716 881 1797 tus,
917 1736 1080 1790 non
1124 1720 1392 1794 solum
1438 1726 1644 1816 apud
1700 1725 2272 1823 Philosophos,

724 1832 858 1906 sed
918 1838 998 1908 et
1032 1836 1239 1930 apud
1275 1840 1642 1912 sanctos.
1682 1843 1901 1917 Unde
1934 1846 2050 1918 ait
2085 1850 2275 1920 Gre·

721 1948 1006 2040 gorius
1048 1955 1123 2021 in
1151 1955 1453 2043 Reqistro
1495 1958 1607 2025 lib.
1652 1960 1719 2032 7.
1756 1963 1946 2049 epist.
2007 1964 2118 2036 54.
2167 1964 2276 2038 lo-

719 2085 971 2157 quens
1011 2068 1103 2140 de
1140 2069 1459 2162 origine
1496 2073 1788 2148 animae
1822 2102 1837 2147 z
1893 2080 2075 2149 Inter
2107 2082 2133 2169 (
2165 2080 2274 2155 in-

719 2177 944 2270 quit)
980 2194 1241 2252 sanctos
1278 2187 1513 2254 Patres
1552 2211 1686 2256 non
1724 2192 1984 2261 modica
2061 2217 2275 2283 quces-

716 2297 811 2365 tio
841 2300 1039 2366 illata
1079 2314 1196 2383 est,
1232 2314 1453 2371 utrum
1495 2308 1740 2374 animce
1771 2311 1853 2376 ab
1883 2310 2100 2378 Adam
2131 2312 2272 2380 des-

717 2415 1087 2499 cenderint,
1123 2431 1240 2487 aut
1278 2427 1608 2491 creaturis
1646 2427 1936 2515 sinqulis
2000 2430 2268 2511 dentur,

717 2550 988 2621 eamque
1028 2535 1102 2601 in
1151 2536 1276 2603 liae
1329 2538 1468 2604 vita
1513 2541 1938 2609 insolubilem
1975 2547 2274 2613 sentiunt

716 2667 852 2714 esse
917 2653 1371 2738 quaestionem.
1444 2655 1543 2726 Et
1609 2659 1956 2731 seeundo
2016 2661 2269 2734 etiam

717 2763 841 2834 est
910 2762 1387 2848 dubitatum,
1480 2769 1669 2862 quia
1756 2774 1970 2857 dato,
2062 2779 2270 2870 quod

716 2875 993 2951 anima
1027 2879 1531 2956 intellectiva
1594 2886 1842 2978 primi
1912 2887 2268 2965 hominis

717 3015 766 3067 a
807 2994 1223 3070 creatione
1274 3003 1516 3083 esset,
1581 3001 1836 3079 adhue
1887 3006 2102 3079 enim
2144 3009 2271 3081 ‹lu-

714 3109 1182 3188 bitaverunt
1253 3115 1532 3209 aliqui,
1609 3122 1887 3194 utrum
1957 3144 2057 3196 ex
2126 3126 2269 3200 illa

718 3228 993 3303 anima
1127 3233 1653 3325 originaliter
1784 3240 2269 3318 descendant

716 3345 926 3429 aliae,
975 3348 1183 3423 sieut
1225 3373 1324 3423 ex
1386 3353 1652 3446 primo
1711 3361 1941 3448 patre
1995 3381 2268 3434 seeun-

714 3464 899 3538 dum
954 3486 1286 3540 earnem
1356 3489 1711 3563 corpora
1762 3479 2050 3548 nostra
2109 3479 2267 3552 ori-

716 3577 1132 3669 ginantur,
1207 3586 1287 3657 et
1384 3585 1895 3662 seminaliter
1972 3612 2267 3685 propa-

715 3700 1043 3785 gantur.
1082 3698 1181 3769 Et
1214 3697 1459 3772 istam
1499 3701 2063 3778 difficultatem
2094 3710 2265 3780 tan-

715 3808 836 3901 git
870 3811 1370 3903 Augustinus
1407 3816 1485 3888 in
1518 3818 1867 3910 epistola
1900 3824 1995 3894 ad
2028 3826 2265 3916 Opta-

714 3931 916 4011 tum,
968 3929 1265 4013 dicenS,
1310 3935 1461 4002 Non
1524 3938 1747 4025 itaque
1804 3961 2008 4009 unum
2076 3964 2267 4030 quem

708 4050 892 4135 facto
931 4061 1227 4119 exterra
1280 4054 1505 4138 primo
1545 4054 1806 4122 homini
1872 4058 2256 4144 inspiravit,

705 4167 825 4234 sed
861 4188 1121 4233 omnem
1158 4171 1396 4253 [latiam
1436 4170 1576 4256 ipse
1620 4173 1805 4257 fecit,
1852 4175 1993 4260 ipse
2043 4177 2264 4245 adhue

703 4284 901 4369 facit.
944 4285 1287 4360 Quoeritur
1312 4295 1529 4351 lamen
1559 4298 1783 4353 utrum
1821 4310 2080 4358 ommen
2126 4296 2260 4377 sla-

706 4412 845 4467 tum
883 4421 967 4465 ex
998 4399 1120 4467 illo
1159 4421 1291 4466 uno
1326 4403 1521 4484 flatu,
1582 4404 1751 4470 sicut
1784 4427 1984 4473 omne
2020 4430 2260 4496 corpus

703 4518 968 4585 homini
1032 4537 1115 4583 ex
1172 4517 1293 4583 illo
1344 4538 1474 4584 mio
1522 4541 1797 4606 corpore
1860 4526 2117 4609 saciat,·
2167 4549 2259 4594 αη

702 4655 859 4702 vero
917 4654 1093 4701 nova
1120 4633 1388 4721 quidem
1409 4657 1691 4721 corpora
1728 4638 1946 4722 faciat
1974 4661 2064 4706 ea·
2096 4664 2249 4726 ime,

699 4771 1033 4838 novosque
1083 4751 1348 4817 animas
1413 4751 1496 4817 de
1552 4754 1793 4820 nihilo.
1867 4756 1967 4828 Et
2029 4756 2254 4848 ponit

702 4863 813 4935 ibi
861 4864 1321 4958 exemplum
1364 4865 1455 4937 de
1490 4866 1869 4950 candelis,
1928 4892 2252 4963 quomo-

701 4981 798 5054 do
876 5002 975 5053 ex
1049 5001 1207 5054 una
1312 4982 1588 5056 multae
1674 4988 2248 5063 accenduntur.

704 5096 933 5173 Hane
1021 5097 1273 5170 etiam
1364 5097 1895 5190 quaestionem
2003 5105 2250 5178 sentit

705 5214 1213 5306 Augustinus
1254 5214 1491 5307 epist.
1534 5218 1644 5288 28.
1691 5217 1786 5288 ad
1856 5218 2250 5314 Hierony-

704 5350 950 5413 mum,
996 5331 1129 5403 ubi
1199 5333 1687 5405 contendens
1730 5354 1912 5407 cum
1968 5335 2250 5411 Hiero·

699 5465 972 5538 nymO,
1011 5447 1152 5530 ait,
1208 5453 1339 5516 Hoc
1378 5463 1548 5518 certe
1602 5455 1828 5532 sentis,
1893 5456 2068 5542 quod
2104 5459 2248 5523 sin-

697 5568 892 5660 gvlos
921 5569 1187 5637 animas
1219 5570 1506 5657 sinqulis
1534 5571 1976 5655 nascentibus,
2045 5575 2247 5642 etiam

1872 368 1976 433 un
2018 371 2288 452 anuum
2332 374 2724 468 ramcuuo

2382 541 2578 607 modo
2617 543 2792 610 Deus
2826 547 3083 632 faeiat,·
3116 548 3199 621 et
3261 546 3501 632 infra,
3564 550 3734 618 Ecce
3761 553 3918 635 volo,

2384 655 2559 744 quod
2617 659 2744 724 isla
2826 665 3156 729 sententia
3202 665 3399 731 modo
3445 687 3590 732 mea
3625 668 3736 746 sit,
3820 670 3924 735 sed

2384 772 2684 839 nondum
2717 795 2854 841 esse
2879 779 3224 862 confirmo.
3261 777 3406 852 Cui
3442 781 3922 873 respondens

2388 884 2968 980 HieronmeS,
3006 893 3148 978 ait,
3201 899 3332 976 Qui
3357 902 3624 966 animas
3670 922 3756 966 ex
3799 923 3925 969 una

2379 1011 2757 1095 propaqari
2784 1013 3045 1094 asSerit,
3094 1026 3314 1084 elnon
3341 1020 3417 1083 in
3448 1039 3688 1105 eorpus
3730 1023 3925 1108 juxta
3959 1073 3975 1090 .

2385 1126 2767 1212 exemplum
2799 1131 3019 1216 primi
3077 1132 3372 1200 hominis
3415 1136 3711 1223 quotidie
3749 1137 3919 1220 fieri,

2385 1241 2742 1309 anatliema
2771 1245 2883 1311 sit.

2957 1443 3367 1505 SCHOLIUM.

2461 1618 2717 1687 Mirum,
2750 1618 2914 1692 quod
2944 1633 3060 1693 per
3114 1626 3202 1682 tot
3230 1640 3536 1686 annorum
3593 1637 3928 1707 centurias,

2387 1715 2574 1774 etiam
2606 1722 2742 1788 post
2769 1724 3046 1777 exortam
3082 1720 3227 1782 fidei
3271 1725 3645 1787 Christianae
3705 1731 3927 1805 lucem,

2388 1814 2521 1871 haeo
2559 1816 2822 1887 quaestio
2851 1816 2927 1874 de
2958 1820 3206 1890 origine
3262 1826 3493 1882 animae
3560 1842 3682 1886 non
3729 1832 3928 1891 solum

2386 1913 2556 1971 inter
2597 1913 3022 1987 Philosophos‚
3055 1933 3280 1978 verum
3311 1926 3371 1980 et
3399 1925 3566 1983 inter
3595 1929 3928 2003 Theologos

2386 2011 2540 2069 adeo
2566 2013 2850 2082 obscura,
2893 2019 2953 2073 et
2982 2014 3461 2078 difficultatibus
3510 2025 3795 2087 involuta
3833 2044 3932 2088 re-

2386 2112 2712 2179 manserit,
2747 2117 2813 2169 ut
2831 2113 3065 2184 optima
3086 2130 3350 2189 quaeque
3369 2125 3622 2183 torserit
3652 2127 3929 2199 ingenia,

2383 2213 2446 2267 et
2474 2209 2591 2267 sub
2619 2211 2912 2280 Gregorii
2945 2217 3152 2288 Magni
3187 2219 3433 2289 tempus
3469 2228 3807 2294 putaretur
3833 2231 3933 2286 in-

2384 2307 2694 2367 solubilis
2730 2311 3068 2384 Propterea
3100 2315 3164 2371 in
3199 2317 3426 2375 multos
3455 2319 3614 2379 itum
3635 2329 3728 2382 est
3756 2341 3930 2385 erro-

2384 2418 2508 2474 res,
2541 2422 2695 2479 quos
2724 2411 2956 2481 partim
2988 2409 3091 2469 hie
3124 2411 3360 2472 indicat
3413 2421 3652 2488 Doctor,
3686 2427 3748 2480 et
3780 2425 3846 2481 in
3876 2430 3928 2485 2.

2383 2502 2527 2563 dist.
2563 2509 2651 2565 17.
2695 2515 2913 2581 quaest.
2951 2512 3002 2568 1.
3036 2516 3267 2584 partim
3335 2520 3621 2578 referunt
3676 2524 3933 2582 Conim-

2384 2602 2656 2676 bricens.
2693 2606 2803 2665 lib.
2837 2606 2912 2665 de
2941 2611 3188 2681 Anima,
3221 2629 3356 2688 cap.
3393 2617 3444 2673 1.
3469 2624 3686 2689 quaest.
3719 2622 3777 2680 3.
3802 2623 3934 2679 Ru-

2382 2703 2528 2759 vius
2557 2708 2737 2764 tract.
2769 2706 2846 2763 de
2877 2711 3105 2768 Anima
3135 2720 3419 2785 separata
3477 2723 3696 2789 quaest.
3763 2723 3815 2780 1.
3874 2729 3934 2781 et

2382 2800 2516 2859 alii.
2550 2804 2788 2878 Neque,
2829 2806 2993 2878 quod
3025 2808 3381 2869 mirabilius
3411 2819 3524 2882 est,
3584 2818 3930 2892 quidquam

2381 2899 2585 2959 adhue
2615 2903 2943 2963 definitum
2976 2912 3069 2965 est
3099 2923 3416 2983 expresse,
3458 2915 3525 2970 in
3560 2930 3628 2972 re
3659 2921 3786 2977 tam
3819 2936 3933 2977 ve-

2382 3002 2709 3063 hementer
2757 3007 3010 3077 agitata,
3043 3015 3105 3069 et
3162 3015 3340 3075 toties
3400 3015 3702 3077 discussa.
3769 3024 3934 3079 Duas

2378 3104 2734 3176 praecipuas
2773 3110 3146 3179 quaestiones
3175 3112 3336 3171 dixit
3364 3119 3761 3187 Augustinus
3820 3121 3932 3179 lib.

2380 3200 2456 3257 de
2487 3201 2739 3271 Ordine,
2771 3219 2905 3277 cap.
2938 3208 2992 3264 8.
3025 3222 3162 3264 esse
3197 3210 3257 3267 in
3291 3212 3711 3287 Philosophia,
3736 3235 3932 3280 unam

2380 3300 2457 3358 de
2489 3300 2736 3370 Anima,
2768 3303 3030 3361 alteram
3063 3303 3139 3361 de
3161 3309 3316 3382 Deo;
3351 3326 3556 3384 neque
3586 3315 3933 3386 immerito,

2380 3412 2522 3454 eum
2556 3399 2766 3456 anima
2797 3403 2878 3457 sit
2905 3404 3100 3461 veluti
3140 3406 3396 3465 horizon
3420 3415 3794 3471 aeternitatis
3817 3420 3934 3488 (uti

2380 3495 2468 3552 ait
2496 3496 2942 3568 Trismegistus
2977 3502 3038 3557 in
3059 3507 3368 3578 Asclepio)
3391 3513 3452 3565 et
3472 3510 3935 3584 intelligibilis,

2378 3606 2818 3666 corporeaeque
2854 3602 3095 3656 naturae
3127 3603 3207 3659 sit
3237 3605 3435 3663 veluti
3468 3621 3668 3666 nexus
3684 3615 3754 3667 et
3782 3628 3942 3669 eon·-

2379 3689 2623 3760 finium,
2657 3699 2712 3751 et
2738 3698 2804 3750 ut
2834 3696 2918 3754 ita
2949 3694 3153 3756 dicam
3195 3702 3381 3759 totius
3405 3705 3622 3763 mundi
3654 3722 3937 3778 summa,

2377 3793 2439 3846 et
2470 3795 2677 3849 tamen
2711 3794 2872 3852 nihil
2897 3796 3101 3855 adhuc
3122 3798 3198 3857 de
3218 3800 3354 3869 ejus
3375 3802 3621 3873 origine
3642 3821 3763 3878 per
3786 3808 3940 3867 fidei

2379 3890 2634 3960 regulas
2665 3893 3012 3953 stabilitum
3045 3902 3156 3954 est.
3221 3899 3651 3960 Temerarium
3715 3912 3940 3964 tamen

2375 3991 2437 4044 et
2467 4002 2802 4049 erroneum
2838 4008 3003 4050 nune
3027 3994 3315 4065 ,iudicant
3351 3999 3644 4071 Theologi
3684 4018 3944 4075 negare

2374 4100 2409 4143 a
2469 4090 2589 4145 Deo
2627 4090 3007 4149 'immediate
3067 4096 3293 4165 creari,
3362 4105 3692 4170 propterea
3765 4104 3941 4175 quod

2373 4186 2600 4244 exinde
2630 4190 2814 4260 sequi
2847 4191 3144 4250 videatur
3172 4197 3448 4255 animam
3501 4213 3637 4257 esse
3689 4208 3944 4260 morta-

2372 4287 2520 4357 lem,
2555 4289 2719 4360 quod
2749 4291 2807 4347 S.
2845 4292 3139 4353 'rhomam
3176 4299 3368 4354 movit
3398 4297 3463 4357 in
3521 4304 3575 4358 2.
3635 4309 3809 4374 part.
3874 4320 3936 4377 q.

2373 4388 2497 4445 118.
2531 4394 2646 4446 art.
2678 4391 2733 4445 2.
2768 4394 2835 4448 ut
2892 4406 3013 4450 non
3071 4395 3271 4453 solum
3330 4412 3631 4470 errorem,
3692 4416 3938 4459 verum

2370 4486 2560 4543 etiam
2594 4487 2889 4546 haeresim
2923 4494 3160 4563 putarit
3187 4509 3471 4554 asserere
3511 4500 3765 4559 animas
3830 4517 3940 4560 ra-

2368 4582 2638 4641 tionales
2666 4588 2733 4644 vi
2764 4589 3029 4646 seminis
3060 4596 3418 4666 propagari.

2459 4748 2738 4824 Potest
2786 4772 2986 4843 ergo
3030 4755 3370 4845 quaestio
3410 4758 3500 4829 de
3551 4760 3940 4836 intellec-

2366 4863 2538 4937 tiva
2624 4866 2897 4940 anima
2990 4870 3438 4964 tripliciter
3508 4875 3876 4971 intelligi

2364 4979 2661 5056 Utrum
2732 4985 3105 5076 quaelibet
3178 4988 3636 5066 immediate
3721 4997 3844 5070 sit
3890 5018 3940 5069 a

2365 5098 2848 5172 crea-tione?
2928 5103 3052 5175 vel
3151 5109 3425 5180 utrum
3520 5109 3941 5186 educatur

2361 5218 2453 5289 de
2525 5220 2890 5311 potentia
2962 5225 3328 5298 materiae
3371 5227 3932 5313 seminaliter,

2361 5337 2447 5406 ut
2492 5336 2670 5407 alife
2712 5336 3038 5421 formae;
3085 5342 3210 5413 vel
3272 5347 3549 5415 utrum
3596 5345 3693 5417 de
3766 5349 3937 5440 pri-

2363 5473 2493 5525 ma
2561 5452 2833 5526 anima
2894 5457 3440 5549 originaliter,
3490 5465 3576 5536 ut
3634 5460 3936 5537 lumen

2359 5572 2706 5646 candela>
2766 5572 2857 5646 de
2922 5574 3221 5649 lumine
3318 5578 3657 5651 alterius
3738 5603 3936 5656 can-

3918 4907 3932 4921 .
3992 4827 4135 4925 Siue}

3919 4938 3933 4951 ο
3965 4932 4132 4971 croam

3965 4984 4115 5033 botin·

3994 5045 4134 5093 write
