4252 6393
1664 454 2030 533 QuAEsrio
2082 441 2157 519 ix

345 618 541 693 siSol
572 623 787 692 esset
819 618 1184 691 elevatus
1217 638 1463 710 super
1496 617 1864 690 horizon-

347 744 480 812 tem
522 758 668 830 per
711 738 820 808 42.
867 735 1195 827 gradus,
1243 734 1616 826 sequitur
1659 735 1864 827 quod

346 857 687 924 centrum
752 850 1016 932 Iridis,
1070 856 1150 925 et
1193 855 1420 924 totus
1467 850 1867 923 diameter

345 974 582 1043 essent
634 969 781 1040 sub
837 968 1290 1049 horizonte,
1337 969 1524 1060 quia
1573 968 1865 1041 diame-

346 1092 449 1160 ter
484 1086 721 1157 Iridis
778 1090 904 1159 est
944 1106 1091 1178 per
1144 1108 1228 1163 se
1277 1089 1387 1158 42.
1438 1086 1861 1175 graduum,

345 1224 487 1295 quae
521 1203 792 1295 portio
822 1202 1308 1277 diminuitur
1349 1203 1442 1275 ad
1485 1200 1866 1275 elevatio-

344 1342 495 1394 nem
530 1322 772 1402 Solis,
809 1327 890 1396 et
941 1343 1092 1415 per
1124 1342 1631 1414 consequens
1675 1326 1865 1393 tunc

345 1458 476 1509 non
506 1438 934 1531 apparebit
971 1440 1152 1511 Iris.

416 1555 709 1635 Tertio,
763 1555 1136 1647 sequitur
1197 1556 1402 1647 quod
1460 1574 1558 1625 ex
1600 1552 1867 1625 inven-

346 1672 537 1744 tione
631 1671 1095 1746 altitudinis
1190 1672 1426 1743 Iridis
1511 1690 1656 1763 per
1715 1669 1869 1740 ins·

349 1794 823 1863 trumentum
881 1793 1151 1882 potest
1205 1787 1554 1860 inveniri
1596 1786 1870 1858 altitu·

346 1907 426 1977 do
477 1906 685 1979 Solis
755 1926 1001 1998 super
1060 1905 1595 1985 horizontem,
1681 1903 1869 1974 dato

348 2021 526 2110 quod
575 2019 712 2093 Sol
745 2020 1140 2094 videatur.
1199 2020 1634 2099 Probatur,
1683 2017 1871 2110 quia

347 2135 663 2208 altitudo
709 2134 946 2217 Solis,
985 2141 1064 2210 et
1097 2135 1441 2208 altitudo
1491 2132 1728 2206 Iridis
1771 2132 1870 2203 si-

350 2253 492 2323 mul
537 2251 847 2344 junctae
909 2257 1097 2325 sunt
1166 2272 1314 2344 per
1374 2272 1458 2321 se
1514 2253 1623 2322 42.
1690 2268 1870 2340 gra-

346 2368 596 2450 duum;
645 2368 905 2459 igitur
954 2367 1232 2441 habito
1286 2366 1493 2458 quod
1530 2364 1688 2437 Iris
1723 2364 1872 2436 ele-

344 2489 562 2558 vatur
631 2489 739 2558 10.
814 2485 1151 2575 gradus,
1226 2482 1602 2575 sequitur
1668 2480 1873 2573 quod

349 2618 473 2690 per
502 2600 910 2672 residuum
950 2598 1407 2672 elevabitur
1450 2596 1611 2678 Sol,
1659 2595 1874 2667 sicut

349 2736 473 2807 per
507 2720 614 2790 32.
662 2717 986 2809 gradus.

421 2835 686 2908 Tertia
727 2832 1146 2908 conclusio
1189 2837 1312 2906 est
1357 2831 1564 2924 quod
1609 2830 1689 2902 in
1740 2829 1874 2902 ho·

351 2950 637 3026 rizonte
666 2972 828 3025 non
871 2936 1109 3043 plano
1157 2950 1540 3043 possibile
1571 2952 1696 3021 cst
1736 2948 1876 3020 Iri-

349 3066 503 3139 dcm
544 3088 940 3163 apparere
994 3068 1430 3141 secundum
1473 3065 1876 3139 circulum

350 3184 848 3278 completum,
920 3189 1000 3258 et
1063 3182 1499 3255 secundum
1574 3181 1877 3275 portio-

351 3321 513 3373 nem
558 3303 953 3395 majorem
987 3299 1534 3373 semicirculo.
1585 3299 1878 3369 Proba-

353 3423 495 3501 tur,
560 3421 742 3512 quia
805 3421 874 3493 si
934 3421 1043 3493 sit
1093 3419 1380 3500 turris,
1444 3417 1571 3490 vel
1618 3437 1873 3499 monS‚

352 3536 640 3610 elevata
677 3539 756 3611 in
796 3538 1082 3617 altum,
1131 3536 1246 3609 ita
1281 3536 1486 3626 quod
1517 3534 1878 3606 existens

355 3674 579 3745 super
627 3654 955 3736 turrim,
1020 3653 1148 3724 vel
1193 3655 1548 3724 montem
1609 3654 1879 3743 potest

355 3771 601 3846 videre
648 3773 900 3845 nubes
955 3771 1101 3842 sub
1150 3792 1233 3841 se
1294 3769 1516 3842 circa
1564 3773 1878 3842 terram

357 3886 989 3981 circumquaque,
1028 3891 1218 3960 tunc
1254 3885 1623 3976 sequitur
1674 3884 1881 3977 quod

357 4003 441 4074 ad
500 4004 930 4096 quamlibet
990 4008 1310 4097 partem
1380 4002 1603 4075 circa
1665 4025 1882 4076 mon-

362 4123 505 4191 tem
539 4123 668 4196 fiet
704 4121 1062 4202 reflexio,
1112 4121 1224 4194 ita
1260 4121 1467 4212 quod
1507 4124 1881 4193 centrum

368 4236 579 4310 Iridis
621 4240 727 4312 sit
789 4239 870 4310 in
906 4242 1205 4318 monte,
1261 4241 1450 4309 tune
1513 4237 1885 4329 sequitur

365 4360 544 4446 quod
573 4359 915 4450 undique
957 4356 1206 4435 cirea,
1259 4352 1686 4445 apparebit
1732 4353 1884 4424 cir-

365 4471 873 4546 cumferentia
929 4469 1193 4568 Iridis,
1231 4473 1312 4542 et
1356 4467 1497 4539 illo
1541 4487 1734 4539 casu
1771 4471 1883 4540 ta-

366 4582 534 4658 liter
572 4588 831 4681 possit
875 4584 1170 4659 situari
1233 4583 1394 4663 Sol,
1462 4583 1668 4674 quod
1727 4581 1884 4654 Iris

371 4705 598 4792 possit
645 4724 1047 4798 apparere
1093 4699 1531 4773 secundum
1578 4698 1886 4790 portio-

367 4835 528 4889 nem
558 4820 952 4894 modicum
994 4819 1396 4891 minorem
1437 4814 1777 4895 circulo,
1807 4818 1887 4887 et

371 4936 732 5011 modicum
780 4937 1178 5029 majorem
1224 4931 1770 5018 semicirculo,
1806 4934 1886 5003 et

372 5049 474 5122 sic
510 5053 588 5126 de
613 5054 955 5129 diversis
992 5050 1527 5146 portionibus.
1566 5050 1686 5119 Ex
1730 5066 1885 5138 quo

374 5169 730 5257 sequitur,
778 5170 985 5263 quod
1038 5167 1103 5240 si
1142 5167 1277 5241 Sol
1313 5165 1597 5241 taliter
1640 5161 1885 5234 situa-

375 5284 598 5366 retur,
657 5287 864 5379 quod
931 5290 1307 5359 centrum
1364 5280 1602 5356 Iridis
1670 5280 1887 5350 esset

372 5396 735 5478 elevatum
781 5422 1029 5497 super
1070 5407 1456 5484 montem,
1503 5406 1695 5479 tunc
1741 5401 1887 5480 tali

374 5514 720 5596 existenti
781 5521 859 5593 in
921 5525 1195 5594 monte
1237 5521 1663 5613 apparebit
1729 5523 1884 5595 Iris

377 5650 541 5710 oum
580 5636 1111 5719 concavitate,
1148 5641 1228 5711 et
1260 5658 1442 5710 cum
1493 5625 1885 5711 cornibus

3395 459 3517 524 207

1980 617 2403 690 conversis
2462 619 2558 693 ad
2610 637 2817 692 eum.
2867 618 2968 694 Et
3018 617 3169 694 hoc
3212 622 3304 695 de
3336 621 3531 714 figu-

1982 755 2077 805 ra
2120 733 2386 807 Iridis.

2070 855 2382 933 Quarta
2423 852 2840 926 conclusio
2884 857 3009 926 est
3041 854 3132 925 de
3166 859 3536 946 tempore
3688 868 3743 923 5.

1981 967 2556 1059 apparitioniS,
2672 972 2879 1061 quod
2979 970 3533 1045 habitantibus
3615 936 3858 1048 „eZZZ-²5⁴.

1984 1084 2133 1154 sub
2194 1084 2751 1177 aequinoctiali
2829 1107 2989 1159 non
3062 1091 3333 1179 potest
3396 1058 3881 1181 apsss‘az‘r‘i'ssss‘f‘

1982 1220 2274 1292 parere
2324 1201 2480 1274 Iris
2524 1202 2797 1294 aliquo
2840 1203 2962 1274 die
3002 1203 3191 1276 anni
3252 1202 3331 1274 in
3375 1224 3530 1276 me·

1986 1317 2211 1391 ridie.
2286 1321 2720 1403 Probatur,
2806 1322 2994 1413 quia
3063 1342 3386 1414 semper
3454 1320 3534 1393 in

1988 1433 2321 1507 meridie
2379 1436 2751 1510 elevatur
2809 1438 2949 1510 Sol
3018 1457 3263 1529 super
3319 1437 3535 1510 hori-

1983 1554 2307 1622 zontem
2381 1572 2527 1643 per
2596 1555 2704 1624 42.
2790 1554 3122 1644 gradus,
3196 1557 3277 1626 et
3348 1576 3534 1628 cum

1983 1687 2397 1759 nunquam
2430 1669 2781 1765 elevatio
2818 1670 3057 1743 Iridis
3101 1671 3209 1746 sit
3241 1673 3533 1763 major,

1987 1786 2074 1855 ut
2117 1783 2383 1874 patuit
2418 1784 2681 1876 prius;
2732 1783 2990 1875 igitur
3022 1806 3346 1879 semper
3378 1786 3540 1858 illis

1987 1896 2103 1969 sic
2192 1897 2745 1973 habitantibus
2835 1905 3059 1975 totus
3145 1902 3542 1977 diameter

1992 2014 2229 2087 Iridis
2271 2022 2487 2092 essct
2539 2019 2684 2089 sub
2742 2018 3196 2093 horizonte.
3247 2023 3363 2091 Ex
3434 2020 3540 2092 is-

1988 2135 2072 2204 to
2126 2134 2500 2225 sequitur
2567 2138 2772 2228 quod
2833 2136 2913 2209 in
2953 2142 3240 2212 aestate
3307 2138 3537 2209 nobis

1989 2247 2543 2323 habitantibus
2586 2273 2829 2325 versu
2882 2254 3539 2348 Septentrionem

1988 2386 2150 2436 non
2196 2371 2465 2458 potest
2525 2368 2681 2440 Iris
2741 2390 3141 2464 apparere
3196 2371 3275 2443 in
3335 2370 3541 2442 hora

1992 2481 2529 2556 meridionali.
2594 2486 3023 2568 Probatur,
3089 2487 3279 2579 quia
3348 2491 3541 2560 tunc

1992 2596 2130 2669 Sol
2222 2596 2593 2672 elevatur
2688 2622 2934 2693 super
3029 2601 3542 2675 horizontem

1993 2713 2173 2805 plus
2219 2735 2459 2805 quam
2509 2718 2619 2787 42.
2667 2718 3005 2807 gradus3
3054 2718 3312 2810 igitur
3363 2722 3541 2792 tota

1996 2829 2155 2901 Iris
2205 2837 2423 2905 esset
2468 2853 2862 2926 oppressa
2893 2834 3040 2905 sub
3088 2833 3537 2909 horizonte.

2082 2948 2468 3029 Secundo,
2527 2949 2900 3040 sequitur
2958 2952 3162 3042 quod
3219 2950 3299 3023 in
3359 2950 3542 3042 hye-

1995 3082 2120 3134 me
2190 3062 2742 3138 habitantibus
2802 3067 2882 3138 in
2943 3068 3539 3161 septentrione,

1993 3183 2263 3271 potest
2344 3201 2745 3274 apparere
2817 3183 2977 3257 Iris
3045 3183 3125 3257 in
3191 3184 3546 3277 qualibet

1993 3294 2201 3368 hora
2259 3296 2440 3378 diei,
2498 3298 2765 3389 posito
2811 3302 3017 3391 quod
3073 3307 3374 3375 caetera
3430 3322 3546 3375 re-

1994 3410 2298 3504 quisita
2328 3420 2852 3488 concurrant.
2893 3416 3322 3499 Probatur,
3362 3419 3550 3510 quia

1996 3532 2187 3601 tunc
2271 3529 2536 3601 minus
2615 3530 2987 3605 elevatur
3065 3535 3226 3616 Sol,
3302 3556 3543 3626 quam

1997 3665 2144 3737 per
2171 3647 2281 3716 42.
2318 3647 2645 3738 gradus.

2091 3762 2395 3843 Tertio,
2436 3783 2578 3856 per
2620 3769 3017 3856 quantum
3076 3766 3342 3839 minus
3387 3769 3548 3840 ele-

1995 3881 2264 3961 vatur,
2302 3901 2448 3972 per
2472 3884 2789 3955 tantum
2826 3882 3091 3955 minus
3124 3886 3550 3978 apparebit

2002 3996 2159 4067 Iris
2199 3996 2516 4071 elevata
2558 4020 2805 4091 super
2833 3999 3368 4075 horizontem.

2087 4117 2423 4197 Quarto,
2472 4116 2659 4207 quia
2702 4139 3026 4210 semper
3062 4119 3140 4190 in
3175 4124 3389 4202 ortu,
3425 4121 3554 4192 vel

2001 4250 2299 4302 occasu
2344 4233 2557 4304 Solis
2603 4239 2871 4326 potest
2922 4256 3324 4328 apparere
3360 4238 3545 4320 Iris,

2000 4346 2069 4416 si
2103 4354 2403 4420 caetera
2445 4355 2973 4436 concurrant,
3014 4353 3410 4444 probatur
3455 4356 3553 4428 si-

1999 4470 2137 4540 cut
2172 4466 2655 4558 praecedens.
3364 4458 3386 4471 ’

2088 4583 2384 4665 Quinta
2417 4584 2835 4657 conclusio
2869 4587 2960 4658 de
3009 4588 3189 4661 loco
3225 4590 3551 4682 appari·
3710 4607 3771 4661 6.

2001 4699 2250 4773 tionis
2324 4701 2562 4774 Iridis
2630 4707 2754 4775 est
2826 4704 3007 4786 ista,
3083 4707 3288 4797 quod
3358 4728 3551 4779 nun·
3629 4676 3883 4811 cffi‘jit‘s„

2002 4836 2241 4907 quam
2307 4822 2577 4910 potest
2649 4819 2806 4891 Iris
2866 4821 3097 4893 nobis
3148 4799 3906 4916 appare1·e⁰⁶²32?{'‚¹¹'“

2002 4930 2081 5002 in
2126 4932 2485 5014 meridie,
2541 4933 2711 5006 sive
2767 4956 3057 5008 versus
3104 4939 3548 5013 meridiem.

2004 5050 2449 5132 Probatur,
2533 5051 2722 5143 quia
2804 5074 3126 5147 semper
3207 5062 3555 5150 apparet

2003 5166 2161 5238 Iris
2213 5188 2312 5238 ex
2377 5169 2752 5260 opposito
2815 5171 3066 5253 Solis;
3125 5174 3359 5244 modo
3407 5195 3559 5246 mc-

2003 5283 2246 5355 ridies
2280 5305 2439 5355 non
2475 5285 2915 5378 opponitur
2949 5289 3141 5370 Soli,
3178 5289 3337 5382 nisi
3372 5292 3557 5364 Sole

1999 5400 2317 5474 elevato
2389 5423 2635 5496 super
2679 5402 3213 5488 horizontem,
3292 5410 3555 5498 magis

2000 5538 2242 5609 quam
2303 5519 2409 5592 sit
2441 5519 2860 5594 diameter.
2916 5525 3035 5594 Ex
3088 5543 3244 5613 quo
3290 5525 3556 5617 sequi-

1997 5638 2139 5710 tur
2182 5636 2386 5728 quod
2438 5636 2515 5708 in
2558 5642 2845 5711 aestate
2886 5660 3045 5711 non
3092 5645 3367 5731 potest
3420 5662 3552 5740 ap-
