4252 6393
821 519 1243 591 Quaestionem
1272 523 1600 596 quartam,
1654 518 1769 582 ubi
1805 518 2349 597 infallibilitatem
2362 525 2786 601 praescientiae
2813 525 3043 588 divinae
3072 540 3218 589 cum
3246 542 3472 588 rerum
3511 529 3913 606 continqentia

741 624 1109 699 concordat,
1150 623 1503 699 disputasse
1535 628 1680 685 ante
1708 624 1952 686 editum
2000 629 2356 687 tractatum
2419 625 2504 688 de
2543 627 2754 692 Primo
2802 629 3149 707 principio,
3209 634 3450 693 constat
3504 647 3589 691 ea:
3652 632 3912 707 ejusdem

740 727 1057 787 tractatus
1106 724 1315 799 capite
1343 727 1602 799 quarto,
1653 722 2054 787 conclusione
2096 727 2347 805 quinta,
2408 726 2526 788 ubi
2564 729 2859 791 eamdem
2888 728 3066 802 citat,
3097 736 3247 791 etse
3275 730 3628 806 disputasse
3656 747 3908 796 comme-

739 833 978 891 morat.

824 933 1243 1005 Quaestionem
1272 933 1844 995 decimamsextam
1872 933 1957 996 de
1989 936 2274 997 numeris
2296 936 2639 1000 instituisse
2658 944 2804 1015 post
2834 941 3145 1016 scriptum
3178 941 3557 1015 oxoniense,
3575 943 3914 1019 praesertim

732 1040 877 1113 post
907 1034 1154 1097 librum
1181 1036 1495 1111 primum,
1525 1038 1854 1113 suspicari
1875 1037 1987 1114 fas
2007 1043 2095 1100 est
2126 1054 2209 1100 ex
2258 1037 2677 1104 distinctione
2710 1044 2809 1104 24.
2845 1046 3214 1122 quaestione
3247 1045 3440 1106 unica
3470 1046 3535 1108 in
3580 1045 3909 1123 principi0,

740 1137 858 1199 ubi
886 1140 1296 1216 propositum
1327 1139 1594 1201 dubium
1637 1142 1715 1202 de
1744 1143 2007 1203 numeri
2057 1143 2395 1221 qualitate,
2428 1151 2485 1207 et
2516 1148 2784 1208 essentia
2813 1149 2965 1212 dicit
2994 1166 3060 1210 se
3106 1149 3496 1222 soluturum,
3531 1149 3791 1228 quando
3838 1149 3914 1214 do

737 1243 1054 1315 numeriS,
1086 1243 1316 1320 inquit,
1349 1243 1751 1306 tractabitur.
1786 1248 1861 1306 Et
1891 1245 2035 1307 licet
2080 1249 2539 1328 marqz'naliter
2567 1259 2820 1315 moneat
2851 1254 2921 1315 id
2938 1254 3091 1331 [leri
3137 1255 3205 1315 in
3232 1256 3598 1331 Reportatis
3641 1256 3756 1318 sub
3807 1256 3917 1319 illa

736 1351 1159 1419 distinctione,
1205 1345 1508 1409 lectorem
1540 1346 1741 1424 plane
1767 1347 1975 1423 fallit,-
2021 1367 2221 1429 neque
2288 1354 2459 1416 enim
2506 1354 2691 1426 alibi,
2725 1372 2923 1434 quam
2986 1357 3111 1429 hic,
3159 1362 3384 1421 exacte
3411 1358 3696 1436 disputat
3726 1358 3914 1434 cleiis,

741 1474 883 1534 quae
923 1455 1163 1518 ibidem
1185 1451 1511 1532 proponit.

818 1561 1054 1638 Aliqua
1084 1562 1281 1622 etiam
1309 1559 1375 1620 in
1402 1560 1504 1621 his
1544 1559 1702 1635 ipsis
1754 1561 2206 1635 quaestionibus
2224 1565 2544 1640 promittit
2573 1582 2637 1627 se
2669 1565 2839 1628 alias
2880 1566 3344 1640 discussurum,
3375 1583 3520 1644 quae
3545 1565 3647 1627 vel
3686 1569 3919 1642 desunt,

736 1666 839 1729 vel
864 1681 993 1728 non
1020 1665 1202 1729 licuit
1241 1666 1598 1743 perficere;
1648 1672 1879 1731 etenim
1921 1669 2279 1748 quaestione
2328 1671 2429 1732 21.
2476 1671 2576 1732 22.
2626 1675 2693 1732 et
2719 1672 2819 1733 23.
2865 1670 3216 1747 pollicetur
3255 1688 3321 1733 se
3349 1672 3427 1732 de
3454 1688 3610 1744 aevo,
3672 1672 3924 1748 ejusque

739 1770 1269 1835 immutabilitate
1297 1780 1355 1836 et
1382 1774 1750 1848 duratione,
1807 1773 2310 1851 disputaturum,
2361 1773 2530 1849 quod
2567 1779 2783 1835 tamen
2810 1775 2878 1835 in
2921 1774 3040 1836 hoc
3066 1790 3260 1850 opere
3286 1774 3699 1836 desideratur
3723 1791 3744 1831 :
3783 1775 3922 1847 qui-

742 1876 862 1939 bus
902 1878 1090 1951 adde,
1132 1883 1523 1957 posteriores
1564 1883 1761 1942 etiam
1804 1880 2181 1955 quaestiones
2212 1880 2624 1957 imperfectas
2662 1878 3020 1957 reliquisse.

818 1983 1131 2045 Doctrina
1173 1983 1235 2045 in
1259 1984 1494 2060 paucis
1537 1984 1856 2059 discrepat
1906 1982 1988 2043 ab
2030 1999 2130 2057 ea,
2173 1999 2375 2061 quam
2409 1984 2682 2061 praesert
2725 1984 2793 2045 in
2841 1983 3031 2045 libris
3078 1984 3583 2056 Sententiarum,
3615 1981 3811 2059 idque
3833 1987 3929 2048 vel

741 2087 999 2162 quando
1031 2068 1315 2148 aliorum
1348 2088 1550 2165 refert
1580 2087 1933 2163 opiniones,
1966 2087 2067 2149 vel
2096 2103 2182 2148 ex
2211 2085 2480 2149 illorum
2510 2086 2802 2164 loquitur
2827 2091 3170 2161 sententia,·
3199 2087 3458 2165 reliqua
3491 2092 3710 2150 tamen
3737 2089 3919 2152 simil·

737 2183 897 2245 tima
924 2189 1095 2259 sunt,
1154 2186 1503 2263 iisdemque
1531 2185 1762 2258 verbis,
1812 2191 1866 2244 et
1920 2186 2281 2248 rationibus
2339 2187 2684 2263 saepissime
2729 2189 2934 2248 utitur
2975 2186 3336 2264 utrobique.
3380 2186 3633 2263 Diffuse
3678 2188 3833 2249 satis
3873 2194 3926 2248 et

738 2286 1010 2362 clarius,
1043 2288 1426 2365 meliorique
1474 2289 1783 2362 methodo,
1849 2304 2046 2366 quam
2078 2290 2246 2353 alibi
2268 2292 2633 2368 propositas
2664 2290 3079 2368 difficultates
3097 2292 3477 2370 perstrinqit
3520 2296 3577 2352 et
3614 2292 3801 2354 solvit
3829 2316 3850 2368 ,·
3874 2299 3927 2355 et

727 2388 1028 2465 plur-ima
1084 2390 1189 2453 liic
1228 2395 1529 2468 qraviori
1579 2395 1776 2460 librat
1818 2398 2088 2471 trutina,
2139 2412 2282 2472 quae
2335 2394 2604 2472 reliquae
2660 2397 2965 2459 doetrinae
3035 2399 3363 2474 majorem
3409 2393 3685 2473 afferent
3732 2396 3925 2460 clari-

736 2498 953 2556 tatem.

820 2602 954 2676 qu
990 2602 1299 2677 prolixas
1340 2606 1712 2679 quoestiones
1766 2606 1835 2666 in
1864 2603 2178 2667 articulos
2207 2605 2564 2684 dispertivi,
2596 2602 2763 2665 nihil
2815 2609 3056 2677 tamen,
3087 2620 3293 2680 neque
3332 2603 3599 2665 verbum
3644 2605 3925 2682 quidem,

739 2697 806 2759 in
848 2714 1038 2775 opere
1080 2701 1451 2774 immutans,
1482 2705 1595 2766 sed
1617 2704 1834 2767 titulos
1864 2705 2301 2766 intermiscens
2329 2703 2398 2763 in
2426 2704 2506 2764 iis
2549 2702 2729 2775 locis,
2754 2702 2986 2780 quibus
3001 2704 3208 2779 juaeta
3237 2703 3529 2765 materiae
3555 2703 3929 2764 varietatem

741 2809 974 2865 auctor
1001 2805 1069 2865 in
1088 2806 1419 2883 principio
1453 2809 1948 2887 uniuscujusque
1998 2808 2363 2886 quaestionis
2383 2806 2844 2885 pollicebatur,
2902 2824 2970 2869 se
2997 2812 3084 2870 tot
3118 2806 3434 2869 articulos
3461 2809 3925 2882 discussurum,

737 2919 900 2980 quos
920 2907 1137 2965 tamen
1164 2905 1299 2967 sine
1337 2907 1683 2970 titulorum
1708 2912 2058 2988 partitione
2087 2913 2295 2988 juxta
2330 2915 2619 2972 veterum
2661 2910 3214 2973 scholasticorum
3251 2926 3524 2987 morem,
3590 2927 3931 2991 proseque-

740 3008 953 3069 batur.

819 3112 1086 3175 Scholia
1127 3114 1356 3176 deinde
1378 3115 1685 3192 adjunxi,
1718 3121 1906 3178 notas
1934 3118 2359 3195 marqinales‚
2394 3123 2451 3181 et
2482 3120 2772 3181 omnium
2802 3125 3147 3182 auctorum
3192 3120 3527 3185 citationes
3548 3122 3616 3184 in
3647 3123 3930 3202 qratiam

737 3217 995 3282 lectoris
1022 3219 1306 3283 adhibui.

821 3321 1012 3384 Codis
1042 3320 1447 3399 autoqraplti
1466 3326 1838 3385 vetustatem
1891 3323 1990 3387 vel
2019 3321 2201 3402 illinc
2237 3325 2570 3402 expiscari
2608 3324 2820 3397 liceat,
2853 3329 3029 3404 quod
3056 3327 3124 3387 in
3153 3324 3383 3388 ultimo
3416 3326 3582 3402 folio
3611 3328 3715 3390 ita
3758 3328 3928 3406 leqa-

737 3425 890 3481 tur.-
925 3420 1062 3482 lstae
1094 3421 1489 3499 quaestiones
1520 3427 1672 3482 sunt
1715 3421 1799 3483 ad
1842 3438 2034 3485 usum
2083 3424 2182 3484 Fr.
2219 3421 2615 3485 Ferdinandi
2671 3422 2757 3485 de
2790 3425 3095 3486 llliescaS.
3152 3425 3264 3486 Ille
3308 3430 3526 3485 autem
3569 3427 3713 3503 ipso
3765 3429 3937 3489 Scoti

735 3517 969 3582 saeculo
1014 3523 1161 3580 ante
1189 3534 1431 3580 annum
1484 3518 1656 3581 1390.
1691 3526 1831 3582 erat
1876 3538 1918 3581 a
1947 3522 2154 3583 sacris
2182 3522 2687 3599 confessionibus
2711 3525 2954 3586 loanni
2991 3527 3037 3584 1.
3068 3524 3233 3601 Reqi
3258 3523 3570 3598 castettae,
3601 3532 3664 3586 et
3690 3525 3808 3586 sub
3829 3541 3934 3586 eo-

734 3617 902 3691 dem,
947 3616 1360 3693 ejusdemque
1399 3615 1539 3693 filio
1581 3618 1852 3680 Henrico
1895 3621 1999 3679 ΙΙΙ.
2027 3618 2557 3695 ρνωσίανὼείτηιζς
2587 3619 2849 3696 functus
2873 3626 2961 3681 est
3002 3621 3457 3698 leqationibus,
3486 3623 3565 3684 de
3592 3623 3834 3700 quibus
3872 3623 3936 3684 in

735 3719 970 3792 quarto
999 3717 1057 3774 et
1078 3714 1299 3791 quinto
1326 3713 1652 3777 volumine
1677 3720 2046 3778 nostrorum
2088 3718 2439 3778 Annalium
2466 3718 2725 3794 aqimus
2747 3719 3187 3794 opportunius.
