4252 6393
68 6185 85 6294 ,,,..-.

1806 405 2168 486 QUAES'HO
2218 410 2263 476 ll

434 553 558 642 tia,
620 564 856 659 quale
941 565 1185 640 datur
1264 564 1346 640 in
1432 566 1960 661 productione

429 684 839 755 creaturae.

501 794 611 869 De
701 798 851 873 hac
923 800 1182 893 igitur
1249 801 1805 894 productione,
1879 805 1960 876 et

430 916 1150 1024 Pommunicatione
1210 919 1611 1011 quaeritur
1678 923 1958 993 utrum

435 1032 871 1109 lmmediate
917 1057 1001 1108 se
1033 1037 1607 1120 communicet,
1641 1037 1770 1109 vel
1806 1057 1959 1110 me-

437 1127 689 1223 diate‘?

517 1261 744 1343 Circa
833 1269 1040 1362 quod
1119 1268 1286 1341 tria
1357 1275 1546 1343 sunt
1594 1272 1950 1344 videnda.

448 1356 685 1457 Primo
745 1389 1045 1468 autem,
1094 1385 1441 1458 medium
1513 1388 1959 1481 tripliciter

457 1488 679 1576 Potest
746 1504 1033 1596 accipi,
1113 1508 1194 1576 et
1278 1507 1714 1579 secundum
1803 1507 1954 1580 hoc

460 1606 784 1694 Operatio
866 1620 1241 1703 mediata,
1304 1622 1431 1694 vel
1491 1623 1958 1698 immediata

364 1808 373 1821 ‚
459 1701 860 1814 tripliciter
910 1741 1179 1829 potest
1236 1738 1486 1811 etiam
1530 1738 1765 1811 sumi.
1813 1743 1957 1814 Est

138 1813 392 1967 ff?
440 1826 631 1917 e”im
705 1850 1052 1923 medium
1133 1852 1509 1928 totaliter
1578 1875 1952 1947 operanS,

121 1975 197 2037 «1
224 1957 392 2033 imm’.
432 1955 770 2047 qualiter
800 1966 994 2041 dicit
1034 1968 1469 2053 Avicenna,
1507 1972 1710 2063 quod
1743 1975 1957 2046 Deus

128 2046 280 2109 diam,
314 2033 406 2085 m·

130 2087 788 2185 ²,z,·,2,·1„·‚·‹112·-producit
851 2088 1121 2159 omnia
1202 2089 1599 2163 mediante
1657 2091 1957 2163 Intelli-

177 2185 317 2231 citur.

269 4541 331 4593 10.

189 4604 285 4660 ΟΜ
322 4613 367 4673 pl

431 2203 720 2296 gentia,
784 2204 1036 2277 etiam
1098 2204 1237 2277 illa
1301 2211 1561 2281 totam
1627 2208 1958 2300 produc-

428 2320 717 2394 tionem
793 2320 1016 2394 facit.
1096 2324 1240 2395 Est
1331 2323 1682 2395 medium
1769 2345 1955 2396 coo-

429 2455 736 2529 perans,
862 2436 1222 2529 qualiter
1323 2437 1647 2521 dicitur,
1749 2439 1955 2530 quod

421 2555 623 2629 Deus
710 2553 1087 2647 producit
1119 2553 1487 2646 plantam
1558 2556 1955 2628 mediante

419 2674 733 2754 natura,
852 2671 1044 2764 quia
1113 2670 1330 2745 actio
1404 2671 1544 2744 illa
1628 2678 1751 2746 est
1838 2677 1953 2746 to-

417 2792 495 2865 ta
534 2811 579 2861 a
620 2792 819 2872 Deo,
850 2793 929 2864 et
965 2792 1145 2863 tota
1178 2810 1225 2862 a
1257 2793 1581 2864 natura.
1622 2793 1762 2864 Est
1800 2811 1952 2862 me·

411 2906 620 2980 dium
699 2906 1223 3000 coadjuvanS‚
1316 2906 1489 2978 sine
1569 2927 1723 2998 quo
1795 2926 1954 2977 non

412 3023 664 3106 fieret,
715 3023 1087 3118 quamvis
1121 3022 1219 3095 ab
1284 3044 1441 3095 uno
1513 3022 1620 3097 sit
1664 3022 1954 3116 princi-

414 3140 708 3234 paliter
807 3139 1052 3224 acti0‚
1142 3139 1496 3232 qualiter
1585 3138 1951 3222 dicimuS,

419 3259 614 3351 quod
656 3278 964 3352 corpus
1005 3262 1130 3330 est
1178 3257 1525 3329 medium
1572 3256 1651 3327 in
1708 3257 1956 3330 actio-

418 3375 642 3448 nibus
739 3374 1254 3447 sensibilibus
1350 3374 1669 3454 animae,
1770 3373 1956 3465 quia

423 3491 686 3564 anima
716 3511 881 3564 non
920 3491 1136 3564 videt
1189 3490 1351 3562 nisi
1395 3511 1539 3583 per
1600 3489 1949 3563 oculum.

427 3609 519 3683 Et
551 3607 706 3683 isto
739 3607 992 3683 etiam
1027 3608 1259 3682 modo
1293 3608 1592 3683 dicitur
1615 3611 1681 3680 2.
1711 3607 1951 3700 Phys.

429 3728 612 3798 text.
656 3743 950 3797 comm.
986 3726 1099 3797 22.
1137 3724 1342 3818 quod
1384 3743 1521 3795 ars
1564 3726 1960 3817 operatur

432 3841 815 3916 mediante
898 3845 1224 3924 natura,
1330 3840 1531 3912 unde
1603 3839 1957 3912 Medicus

437 3955 799 4032 minister
830 3962 955 4031 est
987 3960 1328 4030 naturae.
1369 3957 1720 4048 Propter
1752 3955 1961 4047 quod

437 4071 612 4148 dicit
652 4073 1194 4168 Philosophus
1226 4077 1292 4146 7.
1349 4072 1700 4164 Metaph.
1757 4075 1956 4144 text.

438 4211 709 4263 comm.
743 4195 857 4264 23.
894 4192 1099 4283 quod
1150 4191 1382 4263 calor
1414 4195 1537 4263 est
1583 4208 1773 4281 pars
1835 4209 1961 4259 sa-

442 4306 729 4381 nitatis.
760 4311 861 4380 Et
897 4307 1012 4379 sic
1047 4311 1266 4400 patet
1310 4306 1707 4398 quomodo
1745 4305 1958 4377 actio

443 4428 684 4513 potest
714 4423 870 4497 dici
905 4424 1276 4504 mediata,
1302 4423 1430 4495 vel
1465 4422 1957 4494 immediata.

516 4542 863 4614 Secundo
914 4546 1038 4614 est
1093 4541 1525 4621 sciendum,
1591 4539 1798 4630 quod
1837 4541 1962 4611 est

221 4630 420 4731 ratam*
440 4655 850 4747 pluralitas
919 4658 1312 4733 unitatem
1379 4655 1815 4735 includens,
1864 4653 1962 4724 si-

188 4739 396 4792 unitatem

186 4802 370 4856 Mad„
438 4777 559 4846 eut
622 4774 962 4848 dicimus
1040 4775 1245 4866 quod
1334 4770 1964 4867 participatione

171 4887 214 4928 et
231 4870 391 4924 arcla-

213 4947 293 4998 dit.

430 4891 719 4984 speciei
780 4891 1053 4984 plures
1095 4888 1463 4962 homines
1523 4892 1712 4962 sunt
1760 4907 1965 4958 unus

425 5009 691 5081 homo.
739 5012 842 5082 Et
883 5007 1045 5080 alia
1088 5006 1524 5100 pluralitas
1568 5004 1966 5076 unitatem

419 5126 896 5208 excludenS,
996 5124 1208 5196 sicut
1302 5122 1678 5201 dicimus,
1763 5119 1969 5212 quod

422 5244 663 5338 plura
749 5240 1155 5334 principia
1227 5235 1705 5310 essentialia
1763 5235 1967 5327 eJus-

358 5427 363 5431 ,
414 5363 599 5434 dem
644 5357 991 5450 generis,
1046 5376 1206 5429 non
1240 5358 1582 5447 possunt
1616 5374 1793 5426 esse
1828 5353 1969 5425 im-

419 5474 774 5554 mediata
842 5473 1199 5567 ejusdem
1249 5471 1402 5556 rei,
1449 5475 1537 5544 ut
1595 5471 1765 5542 duae
1807 5470 1970 5542 ani-

416 5615 575 5674 mae
680 5591 916 5668 unius
1003 5588 1385 5678 hominiS,
1480 5587 1693 5665 sicut
1776 5587 1972 5663 dicit

3521 409 3634 475 281

2075 570 2621 666 Philosophus
2672 575 2734 646 1.
2805 570 3235 645 Elenchor.
3280 588 3455 663 cap.
3500 573 3610 644 13.

2075 689 2280 781 quod
2368 689 2799 782 proportio
2875 686 3209 782 pluries,
3281 707 3442 759 non
3489 690 3615 760 est

2075 804 2546 896 proporti0‚
2618 805 2806 898 quia
2867 805 3142 878 eadem
3217 806 3343 877 est
3398 803 3614 878 ratio

2075 920 2666 1011 proportionis.

2160 1035 2435 1109 Tertio
2478 1041 2602 1110 est
2661 1036 3095 1118 sciendum,
3153 1035 3359 1128 quod
3411 1056 3689 1161 quae-G
3754 1046 3834 1101 11.
3896 1113 3908 1126 ,

2069 1149 2251 1223 dam
2314 1157 2500 1224 sunt
2569 1153 3018 1236 contraria,
3094 1173 3267 1245 quae
3318 1150 3616 1225 habent
3688 1118 3945 1250 ἷᾞιαξὲα

2072 1284 2322 1340 unum
2419 1269 2875 1361 subjectum
2958 1290 3409 1350 commune,
3486 1268 3618 1341 cui
3667 1238 3925 1366 αὲἧέῗῖἶ

2070 1383 2439 1458 vicissim
2522 1386 2822 1470 insunt,
2905 1387 3117 1461 sicut
3175 1386 3477 1461 dicitur
3544 1390 3618 1455 in
3755 1365 3852 1414 αα·

2071 1507 2186 1577 lib.
2223 1506 2929 1587 Proedieamentorum,
2966 1530 3112 1594 cap.
3161 1509 3270 1580 10.
3325 1518 3486 1575 teoet.
3545 1507 3612 1578 3.

2069 1635 2130 1689 et
2168 1623 2235 1693 6.
2274 1620 2462 1713 quia
2508 1623 2872 1690 Contraria
2927 1630 3102 1703 sunt,
3154 1646 3297 1711 quae
3325 1624 3618 1690 maoeime

2068 1765 2109 1808 a
2156 1761 2224 1806 se
2262 1741 2539 1821 distant,
2568 1750 2627 1805 et
2675 1741 2749 1805 in
2798 1739 3021 1805 eodem
3066 1739 3477 1827 susceptibili
3519 1741 3618 1805 vi-

2069 1860 2292 1925 cissim
2332 1859 2582 1937 insunt,
2638 1858 2776 1923 nisi
2829 1857 3116 1923 alteram
3191 1857 3354 1923 insit
3401 1878 3444 1922 α
3498 1878 3616 1924 na-

2071 1985 2247 2040 tura.
2338 1971 2516 2043 Alia
2617 1973 2800 2042 sunt
2890 1970 3340 2052 contraria,
3442 1990 3617 2061 quae

2072 2108 2317 2162 unum
2362 2109 2613 2179 genus
2657 2087 3166 2181 praedicabile
3211 2086 3616 2159 immedia-

2069 2208 2148 2278 te
2214 2204 2631 2277 dividunt:
2694 2207 2774 2277 et
2837 2203 3040 2278 talia
3100 2204 3351 2279 etiam
3421 2209 3621 2283 sunt.

2070 2343 2261 2393 vere
2293 2322 2548 2405 entia,
2597 2321 2782 2413 quia
2827 2342 3077 2413 genus
3117 2322 3208 2394 de
3270 2325 3616 2412 utroque

2067 2439 2395 2520 dicitur,
2441 2438 2654 2513 sicut
2695 2438 3172 2513 differentiae
3218 2458 3470 2529 genus
3510 2438 3617 2513 di-

2065 2555 2453 2649 videnteS.

2174 2672 2356 2745 Alia
2443 2677 2631 2747 sunt
2716 2673 3164 2754 contraria,
3272 2692 3616 2765 quorum

2068 2809 2316 2861 unum
2363 2791 2460 2862 ab
2496 2790 2773 2862 ordine
2803 2790 3069 2863 debito
3102 2789 3445 2863 alterius
3496 2791 3616 2863 de-

2065 2905 2260 2990 ficit,
2322 2911 2401 2979 et
2435 2906 2550 2978 sic
2583 2907 2927 2981 dicimus
2958 2906 3164 2981 vitia
3196 2905 3618 2981 contraria

2066 3043 2244 3094 esse
2276 3022 2754 3107 virtutibus,
2800 3028 2880 3097 et
2914 3024 3131 3096 mala
3179 3023 3440 3096 bonis.

2156 3139 2356 3213 Dico
2391 3139 2671 3231 igitur,
2729 3141 2931 3233 quod
2975 3140 3215 3232 plura
3276 3144 3615 3233 possunt
3750 3172 3827 3224 12,

2066 3257 2527 3330 immediate
2560 3258 2658 3327 ab
2693 3278 2850 3329 uno
2883 3255 3245 3349 produci,
3283 3258 3616 3350 produc·
3650 3237 3950 3290 ⁰⁰²²⁰²“⁸⁸’⁰·

2065 3375 2289 3446 tione
2331 3374 2820 3447 extrinseca.
2856 3373 3057 3446 Dico
3091 3379 3364 3448 autem
3411 3377 3617 3464 ptura

2070 3494 2474 3574 immediate,
2548 3490 2732 3582 quia
2784 3488 2954 3562 Sine
3027 3490 3285 3564 medio
3346 3492 3615 3567 totali-

2069 3609 2199 3680 ter
2269 3609 2707 3698 operante:
2755 3604 2824 3676 si
2890 3605 3105 3678 enim
3167 3607 3617 3700 producere

2070 3724 2456 3805 animam,
2526 3724 2651 3794 vel
2751 3723 3386 3816 Intelligentiam
3472 3747 3640 3820 per.

2073 3861 2305 3914 suam
2361 3840 2808 3933 potentiam
2861 3843 3074 3914 Deus
3119 3862 3262 3935 per
3329 3865 3412 3917 se
3454 3865 3617 3917 non
3646 3864 3793 3938 Dea?
3827 3875 3963 3924 pro-

2075 3961 2378 4050 possct,
2446 3957 2956 4050 omnipotens
2988 3977 3150 4028 non
3198 3964 3439 4041 esset,
3475 3926 3962 4038 nec·⁶¹⁸‘23‘r2:⁸“'

2075 4071 2157 4143 in
2233 4070 2386 4141 fine
2455 4070 2938 4143 nobilitatis.
3004 4073 3254 4164 Cujus
3299 4049 3963 4165 cont1²a-⁰1²}‚³3n“{d}2²‚‘

2079 4185 2295 4257 rium
2337 4184 2532 4260 dicit
2597 4184 3093 4263 Aristoteles
3139 4187 3219 4260 in
3270 4192 3376 4263 11.
3425 4192 3620 4258 Meta-

2068 4307 2361 4395 physic-ce
2395 4333 2414 4371 .·
2446 4307 2638 4388 Dens,
2681 4304 2964 4397 inquit,
3023 4319 3117 4375 est
3155 4332 3328 4378 uvius
3376 4313 3450 4378 in
3485 4314 3622 4398 sine

2072 4424 2469 4503 nobilitatis,
2517 4434 2827 4492 (eternus,

2157 4537 2354 4611 Dico
2406 4538 2656 4611 etiam
2716 4542 3122 4623 immediate,
3171 4542 3380 4633 quod
3449 4542 3622 4617 Sine

2079 4655 2336 4728 medio
2405 4655 2965 4747 coadjuvante,
3042 4658 3230 4748 quia
3262 4659 3425 4731 tale
3468 4680 3623 4733 me-

2074 4773 2289 4845 dium
2326 4773 2556 4865 ponit
2592 4773 2669 4845 in
2706 4773 3147 4868 principali
3190 4781 3483 4868 agente
3512 4778 3622 4850 in-

2078 4888 2689 4972 sufficientiam,
2746 4890 2962 4964 sieut
3041 4897 3265 4984 patet
3337 4894 3417 4966 in
3471 4914 3624 4967 me-

2076 5005 2366 5089 dicina,
2422 5027 2577 5099 qua
2636 5012 2939 5081 natura
2996 5008 3370 5100 indiguit,
3456 5015 3626 5086 tan·

2080 5143 2319 5215 quam
2367 5124 2621 5195 medio
2672 5125 3238 5215 coadjuvante.

2170 5238 2370 5311 Dico
2435 5238 2683 5311 etiam
2727 5244 3132 5323 immediate,
3190 5242 3379 5334 quia
3439 5242 3630 5316 licet

2082 5354 2356 5446 aliqua
2401 5355 2792 5447 producat
2872 5357 3271 5431 mediante
3341 5364 3632 5451 agente

2083 5474 2367 5544 creato
2400 5478 2924 5564 cooperante,
2999 5478 3270 5548 tamen
3303 5475 3383 5547 in
3417 5476 3631 5569 prin-

2085 5585 2301 5683 cipio
2337 5587 2612 5662 mundi
2646 5591 2884 5686 plura
2918 5592 3302 5686 produxit
3334 5594 3631 5689 absque
