4252 6393
224 2638 479 2691 secunda

255 2719 287 2752 ο
334 2703 455 2752 ἠὼ.

350 2770 418 2816 rt.
446 2765 478 2814 2

216 2829 272 2878 d.
300 2828 349 2878 3.
378 2832 478 2878 art.

191 2891 241 2942 ⁴.
262 2892 460 2941 Bonav.

211 2958 314 3005 art.
347 2954 396 3003 ¹.
424 2968 475 3026 q.

210 3015 475 3068 200111·
534 3018 937 3098 damento,
966 3016 1431 3110 accipiendo
1469 3013 2081 3087 materiamnon
2198 3011 2790 3103 spiritualibus,

182 4203 493 4255 Conclusio·

174 4281 270 4317 nee
297 4266 494 4340 duode-

282 4343 406 4381 cnm.

567 401 687 463 352

1742 402 1845 463 DE
1892 400 2156 465 RERUM
2201 400 2587 466 PRlNClPlO

545 577 681 635 cap.
720 566 776 619 2.
826 561 1052 634 Ephe&
1102 561 2105 633 Eugubinusmyphus,Francis·
2216 560 2358 641 tio,
2398 582 2572 652 ‘1¹¹ae
2622 564 3154 656 consequitur
3203 584 3346 637 ens
3423 565 3760 659 inquan-

548 675 658 716 cus
680 661 1005 731 GeorgiuS,
1037 664 1097 716 et
1127 659 1260 716 alii.
1283 657 1599 715 Gradatim
1632 658 1839 730 pergit
1868 657 1946 716 ad
1978 663 2103 715 sta-

549 759 915 825 biliendam,
974 761 1034 815 et
1091 754 1534 813 declarandam
1585 757 1956 813 sententiam
1990 770 2103 826 per

545 856 875 915 duodecim
934 856 1384 921 conclusiones,
1456 859 1517 910 et
1583 853 1815 911 deinde
1883 853 2103 924 probat

538 969 675 1014 esse
703 956 1083 1014 conformem
1114 953 1411 1010 doctrinae
1441 957 1792 1008 sanctorum
1828 953 2099 1006 Patrum.

545 1052 774 1125 Aliqua
803 1055 992 1110 etiam
1024 1052 1253 1122 repetit
1285 1063 1361 1105 ex
1404 1051 1505 1115 iis,
1568 1065 1708 1120 quae
1767 1048 1977 1106 docuit
2032 1049 2098 1105 in

540 1146 736 1206 libros
764 1146 841 1205 de
874 1151 1122 1217 Anima,
1156 1152 1373 1219 quaest.
1402 1147 1488 1203 15.
1531 1145 1634 1202 ubi
1658 1144 1866 1201 docuit
1885 1147 2099 1215 aperte

540 1244 933 1304 intellectum
965 1251 1245 1304 nostrum
1278 1261 1400 1304 non
1433 1242 2094 1301 esseimmaterialem.

545 1343 917 1401 scholiastes
949 1341 1167 1400 timide
1199 1343 1458 1401 videtur
1488 1341 1818 1400 admittere
1850 1343 2095 1396 Scotum

542 1441 736 1512 hujus
768 1441 969 1498 fuisse
1000 1443 1336 1514 opinionis,
1398 1441 1507 1497 sed
1539 1456 1612 1497 eo
1641 1445 1809 1497 certe
1840 1438 1993 1504 loce,
2036 1440 2099 1492 et

544 1541 609 1597 in
640 1541 777 1608 isto,
810 1544 872 1597 et
899 1546 1123 1614 quaest.
1159 1543 1470 1613 sequenti,
1504 1555 1681 1596 num.
1712 1539 1802 1592 33.
1836 1538 2004 1595 clare
2038 1530 2098 1592 et

535 1643 888 1698 constanter
937 1641 1096 1698 hane
1153 1639 1436 1697 defendit
1493 1639 1884 1695 sententiam.
1947 1636 2094 1694 Eam

534 1739 723 1798 etiam
753 1741 1036 1800 indicare
1067 1741 1323 1800 videtur
1378 1740 1655 1815 quodlib.
1714 1742 1769 1797 9.
1829 1739 2005 1795 artic.
2036 1739 2091 1792 2.

537 1842 593 1905 5.
626 1837 947 1896 Secundum
978 1844 1149 1897 otiam
1206 1842 1380 1896 istum
1439 1842 1667 1896 tertium
1721 1841 2083 1902 intellectum,

538 1935 645 1993 ubi
684 1937 951 2009 loquens
981 1939 1058 1996 de
1089 1941 1299 1997 anima
1322 1944 1630 2012 quatenus
1653 1942 1746 1994 est
1775 1938 2093 2009 receptiva

534 2033 1002 2104 intellectionis,
1034 2037 1122 2094 ait
1150 2050 1286 2094 eam
1321 2050 1441 2095 non
1478 2036 1710 2093 habere
1741 2033 2090 2097 materiam,

536 2139 753 2203 saltem,
814 2136 1042 2208 inquit,
1102 2139 1470 2208 corporalem,
1543 2137 1728 2193 tacite
1795 2134 2088 2197 innuenS,

536 2245 676 2290 eam
744 2232 974 2291 habere
1050 2236 1379 2293 materiam
1448 2234 1900 2305 incorpoream,
1977 2242 2087 2284 seu

537 2330 957 2401 spiritualem.

632 2549 838 2620 Ecce
871 2547 1173 2639 positio
1223 2567 1410 2620 cum
1457 2545 1937 2620 rationibus.
1985 2547 2086 2619 Et

546 2666 780 2739 modo
849 2670 973 2740 est
1024 2665 1187 2738 alia
1231 2664 1556 2758 positio,
1622 2684 1795 2756 quae
1861 2662 2080 2743 dicit,

547 2785 753 2878 quod
832 2805 1164 2857 necesse
1239 2786 1363 2856 est
1452 2785 1618 2854 tam
1697 2780 2079 2860 animam,

540 2922 780 2994 quam
813 2900 1210 2992 Angelum
1242 2898 1480 2973 inniti
1516 2897 1883 2970 materiae
1914 2894 2083 2967 fun-

535 3155 686 3229 pro
748 3134 887 3207 illo
951 3132 1408 3227 potentiali,
1456 3133 1658 3224 quod
1718 3133 1843 3203 est
1901 3149 2078 3202 esse

531 3250 734 3326 nihil
772 3255 1144 3343 respectu
1180 3270 1382 3330 esse,
1422 3248 1554 3320 sed
1592 3267 1740 3339 pro
1774 3244 1914 3318 illo
1952 3266 2077 3338 po-

528 3368 874 3450 tentiali,
914 3367 1120 3460 quod
1153 3364 1393 3439 habet
1418 3385 1597 3437 esse
1630 3367 1844 3443 actu,
1869 3362 2075 3453 quod

528 3487 819 3558 contra
899 3482 1255 3555 formam
1326 3479 1885 3570 distinguitur,
1985 3480 2074 3550 ut

521 3601 828 3675 dictum
887 3604 1037 3684 est,
1094 3620 1269 3692 quae
1332 3602 1456 3671 est
1498 3601 1754 3675 actus,
1808 3599 1889 3667 et
1939 3593 2072 3665 ha-

525 3718 657 3793 bet
707 3739 884 3790 esse
928 3721 1142 3791 actu.
1198 3716 1312 3788 Ad
1363 3713 1596 3806 cujus
1642 3710 2071 3804 positionis

523 3833 1036 3915 evidentiam,
1083 3837 1172 3907 ut
1202 3832 1441 3925 juxta
1481 3833 1747 3902 artem
1810 3825 2071 3898 Philo-

523 3950 757 4046 sophi
788 3951 1265 4024 accedamus
1306 3969 1353 4020 a
1385 3943 1944 4020 communibus
1978 3943 2071 4015 ad

525 4069 939 4163 specialia,
970 4072 1158 4141 sunt
1181 4063 1596 4139 duodecim
1622 4061 1904 4136 conclu
1920 4061 2071 4133 sio·

524 4207 666 4259 nes
725 4184 1253 4261 declarandae.
1319 4182 1595 4255 Prima
1662 4183 1812 4260 est,
1867 4180 2071 4270 quod

529 4322 764 4377 omne
812 4323 952 4374 ens
1002 4304 1375 4374 creatum
1416 4298 1655 4370 habet
1704 4313 2069 4367 necessa-

524 4419 652 4493 rio
685 4417 1135 4512 potentiam
1176 4416 1644 4488 admixtam.
1682 4411 2064 4492 Secunda,

525 4538 730 4632 quod
763 4536 903 4610 illa
944 4534 1310 4628 potentia
1341 4553 1500 4604 non
1532 4530 1801 4603 differt
1835 4527 2067 4601 reali-

521 4662 652 4732 ter
691 4677 738 4729 a
780 4675 870 4728 re
936 4657 1245 4728 creata.
1304 4650 1605 4730 Tertia,
1668 4647 1873 4739 quod
1924 4645 2067 4718 illa

519 4772 886 4868 potentia
952 4789 1097 4864 per
1159 4788 1392 4842 omne
1468 4785 1610 4837 ens
1694 4766 2064 4835 creatum

517 4889 1016 4970 diffunditur,
1082 4890 1161 4959 ct
1224 4882 1769 4977 permiscetur
1846 4875 2065 4949 omni

517 5008 710 5083 enti.
766 5008 1101 5089 Quarta,
1168 4999 1374 5093 quod
1443 4997 1602 5072 ista
1672 5001 2060 5091 potentia,

519 5128 609 5198 ut
641 5124 1098 5200 contracta,
1142 5114 1414 5189 differt
1461 5113 1538 5186 in
1568 5114 1912 5196 entibus,
1953 5138 2064 5187 se-

522 5241 867 5315 cundum
902 5236 1108 5329 quod
1142 5231 1365 5306 entia
1412 5230 1625 5304 inter
1666 5252 1749 5302 se
1791 5231 2065 5305 ‹listin-

524 5363 912 5453 guuntur.
951 5352 1273 5437 Quinta,
1321 5350 1526 5442 quod
1561 5350 1749 5422 talis
1795 5354 2066 5442 peten-

522 5476 640 5551 tia
681 5474 878 5548 facit
918 5466 1356 5561 aliqualem
1390 5465 2066 5557 compositionem

525 5592 606 5667 in
640 5592 905 5666 rebus,
935 5590 1206 5668 Sexta,
1230 5583 1437 5675 quod
1461 5581 1651 5656 talis
1672 5581 2067 5674 composi·

2211 678 2387 748 tum
2411 700 2762 770 enS,quae
2785 685 3031 754 estex
3052 686 3235 756 actu
3262 687 3342 756 et
3367 685 3757 776 potentia,

2213 795 3003 870 estindeterminata.
3025 799 3628 892 Septima,quod
3658 823 3758 874 ex

2213 909 2371 982 ista
2395 913 2988 1005 compositione
3012 916 3761 990 cumaliodetermi·

2212 1032 2405 1099 nato
2441 1031 2984 1121 superaddito,
3035 1032 3113 1103 in
3148 1033 3518 1105 omnibus
3559 1034 3759 1107 enti-

2211 1141 2355 1213 bus
2407 1145 2780 1235 sequitur
2835 1148 3355 1240 compositio.
3420 1151 3751 1229 Octava,

2197 1261 3757 1358 quodilludindeterminatum‚quodca-

2206 1376 2418 1450 ditin
2443 1381 3123 1472 compositionem
3144 1382 3578 1476 cujuslibet
3601 1383 3760 1456 sin-

2207 1495 2521 1584 gularis
2559 1498 2795 1579 entis,
2847 1499 3444 1572 determinatur
3480 1520 3757 1572 secun-

2204 1610 2387 1682 dum
2428 1612 3014 1697 diversitatem,
3062 1616 3187 1688 vel
3230 1619 3588 1698 actuum,
3623 1615 3757 1688 vel

2203 1727 2934 1805 determinationis.
2996 1735 3256 1815 Nona,
3310 1734 3517 1825 quod
3561 1733 3758 1806 illud

2205 1842 2924 1921 indeterminatum
2953 1849 3033 1920 in
3057 1849 3323 1930 rebus,
3365 1870 3538 1941 quae
3566 1855 3761 1924 sunt

2200 1958 2290 2030 de
2334 1978 2629 2050 genere
2665 1963 3166 2046 substantiae,
3211 1971 3337 2040 est
3389 1966 3758 2040 substan-

2202 2076 2342 2148 tia.
2388 2078 2749 2163 Decima,
2798 2082 3004 2173 quod
3051 2081 3247 2155 illud
3293 2082 3755 2156 indetermi-

2201 2197 2511 2277 natum,
2569 2197 2774 2288 quod
2807 2198 3182 2290 sequitur
3217 2220 3452 2272 omne
3491 2220 3632 2272 ens
3667 2200 3752 2272 in

2202 2329 2499 2401 genere
2586 2313 3102 2397 substantiae,
3184 2320 3310 2389 est
3400 2316 3754 2390 materia

2202 2428 2543 2501 realiter
2574 2449 2621 2501 a
2667 2430 2934 2503 forma
2972 2432 3383 2508 distincta.
3418 2433 3751 2507 Undeci-

2200 2563 2355 2623 ma,
2403 2545 2609 2637 quod
2653 2547 2850 2620 illud
2892 2549 3630 2633 indeterminatum,
3664 2554 3753 2624 et

2197 2660 2827 2737 determinatum
2890 2665 2968 2737 in
3029 2685 3325 2757 genere
3383 2669 3751 2753 substan-

2198 2776 2358 2860 tiae,
2398 2784 2591 2871 puta
2627 2782 2977 2854 materia
3010 2787 3091 2856 et
3123 2783 3416 2864 forma,
3454 2782 3751 2859 habent

2200 2896 2640 2967 maximam
2685 2897 3086 2972 unitatem
3142 2899 3222 2972 in
3265 2899 3747 2974 substantiis

2900 3016 3415 3099 Duodecima,
3536 3020 3747 3110 quod

2195 3124 2364 3201 haec
2409 3131 2813 3207 sententia
2867 3132 2974 3208 sit
3045 3132 3495 3207 conformis
3560 3133 3743 3208 doc-

2191 3246 2430 3321 trinae
2468 3252 2979 3333 Sanctorum,
3015 3255 3096 3325 et
3138 3251 3345 3344 quod
3377 3251 3740 3326 rationes

2192 3365 2590 3457 oppositae
2633 3386 2792 3438 non
2827 3367 3333 3442 concludant.

2307 3479 2675 3553 Primum
2747 3480 3006 3573 igitur
3089 3483 3447 3564 ostendo,
3530 3484 3739 3575 quod

3937 3522 4036 3574 15.

2192 3616 2424 3670 omne
2481 3621 2623 3673 ens
2681 3602 3054 3673 creatum
3115 3600 3403 3674 habeat
3464 3603 3741 3693 poten·
3797 3583 4180 3703 mssg,

2184 3712 2388 3784 tiam
2473 3715 2944 3798 admixtam,
3036 3716 3193 3799 sic;
3259 3719 3509 3790 Omne
3593 3735 3740 3788 ens
3869 3712 4103 3766 ⁶1⁸⁸&-

2189 3832 2583 3913 creatum,
2631 3831 3114 3925 inquantum
3170 3835 3563 3911 creatum.
3608 3835 3738 3905 est

2186 3967 2284 4017 ex
2335 3946 2616 4030 nihile,
2658 3949 2845 4040 quia
2878 3970 3168 4022 creare
3200 3953 3323 4022 est
3355 3950 3446 4022 de
3478 3948 3736 4021 nihilo

2188 4063 2661 4155 producere,
2757 4066 2844 4136 ut
2913 4065 3105 4138 dicit
3179 4065 3576 4157 Magister
3650 4064 3736 4137 in

2187 4181 2587 4275 principio
2618 4185 2686 4255 2.
2726 4185 3371 4257 Sententiarum:
3412 4187 3544 4259 sed
3570 4204 3735 4257 om-

2184 4317 2282 4369 ne
2315 4317 2456 4370 ens
2497 4298 2708 4372 citra
2759 4302 3114 4392 primum
3158 4302 3589 4374 secundum
3645 4324 3737 4375 se

2182 4418 2449 4488 totum
2511 4421 2633 4490 est
2703 4421 3121 4500 creatum;
3194 4438 3396 4510 ergo
3461 4421 3581 4491 est
3634 4420 3735 4493 de

2181 4529 2464 4612 nihilo,
2500 4534 2578 4603 et
2611 4553 2706 4604 ex
2752 4554 2834 4604 se
2876 4535 3054 4607 toto
3094 4536 3217 4605 est
3250 4530 3729 4615 defectibile,

2180 4649 2259 4718 et
2314 4645 2862 4721 annihilabile.
2915 4649 3134 4721 Unde
3182 4648 3357 4722 vult
3418 4650 3729 4739 Augus·

2179 4761 2399 4835 tinus
2427 4766 2475 4847 *‚
2506 4765 2711 4856 quod
2747 4786 2879 4837 res
2913 4765 3086 4838 ideo
3121 4768 3305 4838 sunt
3330 4765 3721 4838 annihila-
3832 4796 3860 4817 ·
3892 4809 4112 4915 ⁰2⁰¹?

3755 4868 3871 4921 ΟΡ.
3971 4880 4037 4915 ut
4099 4868 4210 4916 .-ἶ

2178 4876 2405 4960 biles,
2462 4900 2621 4953 non
2666 4880 2853 4972 quia
2915 4882 3013 4955 ab
3050 4881 3239 4964 alio,
3304 4884 3492 4976 quia
3529 4886 3721 4957 tunc

3755 4926 4003 4989 menti,
4044 4944 4176 4994 cap,
4209 4920 4210 5015 ἶ

2181 4995 2395 5067 filius
2455 4998 2597 5071 Dei
2652 5002 2866 5071 esset
2927 4998 3514 5083 annihilabilis,
3590 4978 3967 5075 sedwa
3999 5006 4174 5058 ''qq-

2182 5114 2370 5204 quia
2404 5117 2587 5187 sunt
2629 5116 2719 5187 de
2761 5115 3056 5198 nihilo;
3097 5116 3307 5191 sicut
3341 5122 3524 5191 sunt
3558 5140 3729 5192 cor·

2183 5229 2633 5321 ruptibiles,
2680 5230 2866 5322 quia
2909 5231 3364 5325 composita
3405 5255 3502 5306 ex
3543 5255 3726 5307 con·

2178 5344 2508 5426 trariis,
2566 5346 2691 5417 vel
2742 5345 3124 5420 habentia
3186 5350 3724 5423 contrarieta-

2180 5463 2344 5532 tem
2388 5460 2659 5553 aliquo
2696 5464 2955 5534 mode.
3002 5464 3173 5536 Hoc
3215 5463 3420 5537 idem
3462 5464 3724 5540 innuit

3794 5493 3822 5514 '
3865 5494 3984 5553 lib.
4025 5505 4120 5556 116.

2182 5577 2632 5669 Gregorius
2662 5582 2682 5605 ⁶
2726 5606 2739 5648 ε
2791 5583 3080 5664 Cunctoe,
3119 5580 3401 5674 inquit,
3446 5607 3553 5651 reg
3579 5605 3727 5674 W
3768 5554 4050 5672 ιὲῡηῑ.
4107 5586 4142 5620 e
