4252 6393
1626 443 1633 450 ,
1707 371 2073 450 QuAESTw
2119 372 2256 440 xlx

342 537 546 614 tenet
595 553 741 626 per
790 532 1328 606 Aristotelem
1368 533 1444 598 in
1481 533 1606 598 iseo
1641 532 1885 618 primo,

342 652 458 728 ubi
506 650 707 724 dicit
754 652 967 743 quod
1018 649 1579 741 tranquillitas
1625 652 1750 721 est
1792 647 1889 719 si-

340 789 573 860 gnum
608 771 1171 841 terraemotus.
1220 766 1718 840 Anteccdens
1759 784 1891 856 ap-

346 890 567 979 paret
621 906 770 978 per
840 885 1200 978 primum
1274 883 1686 973 signatum
1764 900 1890 952 co-

346 1005 596 1074 metae.

116 1127 355 1204 Responsa,
424 1117 537 1189 Ad
595 1116 749 1189 hoc
800 1114 1341 1210 respondetur
1395 1113 1601 1205 quod
1652 1110 1891 1185 stella

142 2663 259 2712 Cam
284 2665 319 2713 ί.

160 4890 284 4947 Causa
300 4898 325 4949 5

345 1235 663 1304 comata
705 1229 980 1322 signat
1012 1234 1321 1310 ventos,
1358 1233 1440 1302 et
1472 1233 1889 1302 terraemo-

348 1354 508 1427 ‚tum
565 1347 1082 1441 disjunctive,
1120 1346 1237 1418 sic
1298 1345 1637 1426 scilicet,
1684 1344 1888 1436 quod

350 1470 712 1558 tempore
767 1465 1312 1559 apparitionis
1352 1469 1717 1545 cometae,
1761 1461 1888 1535 vel

348 1584 618 1658 debent
659 1584 841 1656 fieri
880 1583 1126 1663 venti,
1172 1583 1298 1655 vel
1333 1585 1883 1662 terraemotum,

352 1701 452 1772 ita
492 1701 812 1775 scilicet
855 1701 1061 1792 quod
1111 1700 1179 1772 si
1227 1704 1600 1792 tempore
1650 1719 1889 1792 appa-

354 1816 669 1890 ritionis
702 1838 863 1889 non
898 1820 1089 1889 sunt
1119 1816 1367 1897 venti,
1407 1816 1731 1905 signum
1763 1818 1889 1887 est

355 1932 541 2024 quod
608 1931 1053 2013 exhalatio,
1118 1953 1295 2024 quae
1354 1936 1479 2005 cst
1541 1929 1890 2003 materia

355 2046 580 2129 venti,
648 2049 758 2122 sit
828 2047 1144 2120 inclusa
1216 2048 1294 2119 in
1354 2052 1608 2129 terra,
1654 2050 1734 2120 et
1796 2045 1889 2119 ti·

355 2164 711 2240 mendum
743 2171 866 2239 est
897 2165 989 2236 de
1032 2169 1517 2239 terraemotu
1564 2165 1644 2236 in
1689 2163 1888 2236 locis

354 2280 792 2374 dispositis;
838 2282 974 2354 sed
1013 2281 1084 2355 si
1132 2280 1548 2354 exhalatio
1598 2279 1890 2352 habeat

354 2396 683 2470 liberum
724 2397 1037 2471 exitum
1079 2418 1125 2469 a
1169 2402 1422 2480 terra,
1461 2401 1652 2473 tunc
1686 2397 1889 2470 fiunt

357 2516 580 2595 venti,
618 2519 699 2588 et
732 2536 892 2588 non
923 2520 1478 2589 terraemotus.

434 2635 695 2705 Causa
754 2633 1029 2725 quarti
1088 2638 1236 2715 est,
1288 2633 1475 2725 quia
1517 2636 1890 2724 tempore

359 2749 885 2841 apparitionis
926 2755 1264 2824 cometae
1314 2770 1459 2821 aer
1498 2754 1623 2823 est
1662 2749 1890 2823 valde

356 2864 665 2946 calidus,
730 2869 812 2938 et
870 2865 1162 2947 siccus,
1218 2869 1305 2939 ut
1362 2865 1557 2938 (licit
1612 2887 1888 2938 secun-

354 2980 518 3053 dum
553 2981 904 3070 signum,
947 2981 1119 3054 ideo
1155 2985 1346 3054 tunc
1378 3001 1523 3052 aer
1558 2982 1890 3074 ponitur

356 3101 569 3168 extra
621 3096 1043 3169 naturales
1089 3096 1666 3190 dispositiones
1708 3117 1890 3169 con-

358 3212 683 3303 tinentes
754 3215 1039 3295 vitam,
1105 3234 1294 3285 nam
1373 3214 1636 3287 omnis
1718 3214 1892 3288 vita

360 3330 713 3404 consistit
741 3330 822 3402 in
852 3329 1114 3403 calido
1146 3335 1228 3404 et
1259 3330 1612 3412 humido,
1637 3336 1725 3406 ut
1760 3352 1895 3425 pa-

362 3450 461 3519 tet
514 3451 585 3517 in
623 3451 739 3518 lib.
782 3450 866 3517 de
895 3450 1102 3517 Morte
1129 3462 1192 3516 et
1243 3450 1414 3518 Vita.

440 3563 609 3636 Alia
648 3584 899 3637 causa
939 3568 1088 3647 est,
1128 3563 1319 3656 quia
1361 3584 1506 3637 aer
1551 3571 1891 3659 propter

367 3679 1007 3763 commixtionem
1079 3680 1627 3755 exhalationis
1705 3703 1890 3755 cum

369 3791 524 3885 ipso
562 3802 680 3871 est
718 3797 953 3868 valde
992 3795 1301 3868 calidus
1346 3801 1427 3870 et
1481 3798 1773 3880 siccus,
1811 3801 1891 3872 et

370 3909 520 3997 ideo
567 3916 830 3989 adurit
893 3914 1239 4009 plantaS‚
1283 3919 1363 3989 et
1424 3919 1652 3989 terra
1711 3938 1890 3988 nas·

368 4030 632 4115 centia,
674 4054 861 4106 cum
901 4032 1208 4106 fuerint
1251 4034 1635 4107 recentia.

371 4206 385 4212 -
445 4149 731 4220 Contra
796 4148 1169 4241 quintum
1232 4148 1555 4241 signum
1618 4148 1891 4242 objici-

371 4262 513 4344 tur,
548 4264 723 4354 quia
754 4270 1075 4338 cometa
1118 4265 1390 4355 signat
1429 4264 1890 4339 diminutio-

371 4396 493 4448 nes
524 4377 859 4455 fontium
891 4385 973 4456 et
1012 4382 1463 4464 fluminum,
1501 4402 1685 4455 cum
1726 4382 1889 4456 fue·

375 4493 472 4566 rit
509 4494 816 4587 signum
848 4498 1291 4572 caliditatis
1323 4502 1405 4573 et
1449 4499 1885 4584 siccitatis;

378 4607 628 4700 igitur.
712 4616 1311 4709 Consequentia
1413 4620 1633 4690 tenet
1744 4637 1891 4709 per

379 4725 897 4813 Ptolemaeum,
932 4735 1015 4806 et
1044 4732 1253 4823 alios
1288 4733 1805 4824 AstrologoS.

327 4937 339 4951 ⁶
456 4844 559 4916 Ad
598 4845 798 4924 istud
826 4849 1002 4924 dico
1038 4850 1244 4942 quod
1293 4852 1532 4924 stella
1564 4855 1892 4925 comata

381 4959 459 5032 de
506 4983 631 5054 per
677 4990 761 5041 se
801 4989 962 5041 non
1003 4970 1273 5061 signat
1324 4969 1888 5043 inundationes

382 5094 760 5171 aquarum,
799 5086 934 5159 sed
981 5104 1125 5179 per
1155 5084 1549 5169 accidenS,
1586 5088 1664 5158 ot
1707 5107 1890 5159 con-

384 5206 768 5287 sequenter
841 5202 937 5273 ad
1012 5206 1608 5277 terraemotum.
1680 5204 1889 5274 Nam

386 5312 592 5385 stella
617 5323 932 5391 comata
964 5318 1233 5409 signat
1267 5324 1579 5393 motum
1613 5322 1883 5404 terrae,

388 5432 463 5502 ut
488 5429 763 5511 dictum
794 5439 953 5518 est;
984 5439 1215 5509 modo
1250 5438 1345 5511 ad
1378 5441 1691 5513 motum
1730 5442 1889 5512 ter-

393 5563 485 5617 1·ae
513 5553 1016 5645 consequitur
1049 5552 1461 5630 inundatio
1497 5575 1749 5645 aquae.

3464 369 3630 436 05‘

2094 533 2360 604 Causa
2414 530 2624 603 sexti
2687 534 2836 611 est,
2896 532 3085 622 quia
3136 531 3554 606 stellaco⁴
3611 540 3790 593 Cama
3820 541 3870 592 6-

2006 649 2228 718 mata
2287 649 2517 719 notat
2577 646 2992 720 siccitates
3051 652 3133 722 et
3194 648 3554 722 calidita-

2004 766 2151 843 tes,
2209 766 2295 840 ut
2352 761 2658 836 dictum
2702 767 2853 846 est,
2916 764 3086 836 ideo
3155 769 3548 858 temporo,

2004 895 2159 966 quo
2211 879 2552 949 oometae
2607 882 3031 969 apparent,
3093 899 3236 951 aer
3296 883 3552 952 muta-

2003 994 2141 1064 tur
2192 991 2284 1064 de
2326 991 2497 1063 suis
2537 993 3054 1066 naturalibus
3093 993 3552 1087 dispositio·

2000 1107 2234 1180 nibus
2288 1108 2366 1181 in
2417 1109 2624 1181 alias
2673 1109 3273 1202 dispositiones,
3328 1111 3538 1184 scili·

1998 1231 2130 1300 cet
2192 1226 2271 1298 in
2337 1226 2843 1301 caliditatem
2904 1232 2984 1301 et
3054 1228 3546 1309 siccitaten13

2003 1346 2235 1418 modo
2269 1366 2367 1417 ex
2426 1345 2572 1418 tali
2617 1347 3071 1420 mutatione
3104 1346 3322 1420 aeris
3369 1368 3551 1421 cau-

2000 1465 2291 1535 santur
2359 1462 2911 1537 mortalitates
2968 1469 3050 1538 et
3111 1463 3548 1558 epidemiae.

2004 1577 2187 1650 Alia
2228 1597 2480 1651 causa
2510 1585 2661 1662 est,
2719 1581 2907 1671 quia
2949 1586 3343 1674 tempore,
3395 1604 3552 1674 quo

2000 1696 2203 1769 flunt
2258 1701 2620 1782 cometze,
2669 1699 2924 1773 multa
2955 1699 3393 1782 exhalatio,
3444 1705 3551 1775 tc*

2000 1831 2161 1892 nax
2217 1815 2297 1884 et
2357 1817 2780 1897 unctuosa,
2834 1820 2915 1889 et
2966 1815 3549 1908 quodammodo

2002 1947 2413 2002 venenosa
2481 1929 2980 2004 admiscetur
3046 1931 3246 2014 aeri,
3311 1952 3548 2024 quem

2001 2064 2276 2116 aerem
2325 2045 2683 2126 viventia
2742 2067 2987 2141 super
3038 2052 3350 2122 terram
3393 2048 3549 2121 ins-

2006 2159 2321 2254 pirant;
2370 2162 2600 2234 modo
2631 2163 2826 2238 dicit
2868 2164 3248 2240 Albertus
3288 2168 3371 2234 de
3397 2190 3546 2235 sen-
3605 2207 3894 2262 Nofaham

1999 2299 2076 2345 su
2132 2290 2194 2346 ec
2248 2292 2529 2360 sensato,
2595 2282 2801 2372 quod
2865 2280 3108 2358 citius
3160 2282 3400 2356 homo
3448 2301 3546 2354 ex
3575 2276 3869 2324 ‘¹²²⁰‘⁰'‘¹'‘'¹‘

2003 2412 2193 2466 acre
2281 2393 2579 2469 infecto
2665 2397 3066 2491 inspirato
3162 2399 3542 2479 moritur,
3607 2342 3895 2473 {2⁰³3ss

2004 2530 2247 2601 quam
2314 2535 2412 2586 ex
2470 2534 2776 2587 veneno
2845 2520 3243 2599 comesto;
3314 2515 3547 2608 cujus
3576 2476 3723 2511 aem

2002 2647 2252 2702 causa
2290 2634 2440 2712 est,
2479 2630 2667 2723 quia
2710 2653 2853 2704 aer
2896 2632 3266 2714 infectus,
3311 2637 3392 2706 et
3422 2654 3549 2704 vc-

2002 2751 2352 2821 nenatus
2397 2804 2413 2830 ‚
2454 2748 2907 2842 inspiratus
2949 2771 2996 2822 a
3034 2751 3356 2824 vivente
3400 2749 3548 2822 im-

2006 2862 2352 2935 mediate
2399 2861 2620 2936 vadit
2662 2864 2756 2936 ad
2808 2885 2954 2936 cor
2992 2864 3195 2957 ejuS,
3241 2867 3321 2937 et
3356 2865 3548 2935 laeso

2003 2979 2246 3052 corde
2301 2978 2661 3054 moritur
2728 2981 3059 3064 animal,
3127 2983 3258 3084 sed
3319 3003 3551 3054 venc-

2003 3115 2197 3166 num
2239 3115 2397 3168 non
2434 3095 2829 3188 pertingit
2871 3100 2965 3172 ad
2997 3120 3167 3183 cor,
3212 3100 3370 3173 nisi
3406 3122 3551 3194 per

2003 3202 2739 3288 transmutationes
2776 3216 3324 3302 intermedias,
3360 3241 3548 3294 nam

2006 3329 2274 3422 primo
2341 3330 2771 3423 reponitur
2835 3334 2913 3406 in
2966 3336 3423 3420 stomacho,
3470 3343 3549 3413 et

2002 3444 2436 3534 digeritur,
2491 3446 2618 3518 vel
2680 3448 3270 3538 quodammodo
3332 3436 3547 3525 com-

2005 3566 2382 3636 movetur
2421 3582 2467 3635 a
2509 3564 2786 3636 calore
2827 3565 3254 3649 stomachi,
3295 3568 3552 3660 prius·

2005 3697 2246 3769 quam
2301 3679 2724 3772 perveniat
2765 3680 2861 3753 ad
2900 3700 3070 3754 cor.

2004 3856 2013 3861 l
2093 3798 2360 3869 Causa
2410 3794 2736 3890 septimi
2779 3802 2928 3881 est,
2975 3798 3163 3890 quia
3205 3805 3547 3895 propter
3601 3840 3787 3891 Cam
3812 3840 3863 3894 7,

2003 3911 2529 3997 caliditatem,
2583 3918 2663 3988 et
2725 3914 3181 3990 siccitatem
3240 3921 3547 4013 tempo·

2006 4025 2148 4109 ris,
2204 4048 2361 4118 quo
2413 4035 2811 4123 apparent
2873 4037 3214 4107 cometae
3269 4034 3546 4108 incita-

2004 4146 2144 4215 tur
2183 4148 2264 4217 et
2306 4150 2655 4237 augetur
2702 4146 3038 4223 cholera
3078 4148 3159 4222 in
3201 4150 3549 4228 homini-

2002 4259 2182 4344 bus;
2269 4264 2501 4335 modo
2577 4260 2912 4337 cholera
2988 4270 3114 4340 est
3189 4269 3550 4344 maxima

2003 4398 2253 4452 causa
2287 4377 2748 4463 rixationis,
2784 4385 2866 4455 et
2907 4381 3077 4469 irae,
3122 4389 3203 4458 et
3236 4385 3410 4458 ideo
3441 4388 3552 4461 di-

2003 4495 2115 4569 cit
2151 4496 2639 4570 Ptolemaeus
2663 4501 2736 4568 in
2773 4500 3309 4590 thdriparu‘w,
3341 4504 3549 4595 quod

2003 4616 2325 4687 cometa
2372 4617 2635 4689 mutat
2683 4613 3053 4690 homines
3112 4618 3208 4691 ad
3269 4639 3546 4693 omnes

2006 4750 2164 4811 res,
2215 4746 2391 4821 quae
2433 4735 2621 4806 sunt
2669 4730 2938 4805 facilis
2992 4739 3286 4809 motus.
3326 4738 3547 4821 Quod

2004 4852 2280 4921 autem
2348 4852 2719 4940 temporo
2795 4854 3136 4923 cometae
3212 4850 3549 4927 cholera

2002 4968 2378 5056 augetur,
2429 4968 2651 5057 patet
2692 4988 2789 5038 ex
2841 4967 3102 5059 signo,
3153 4967 3342 5062 quia
3385 4969 3545 5046 isto

2002 5087 2374 5176 tempore
2440 5081 2811 5158 homines
2871 5087 3050 5178 plus
3120 5087 3550 5180 patiuntur
3650 5167 3654 5171 ‚

2001 5200 2269 5273 febres
2357 5206 2668 5284 acutas,
2749 5224 2993 5294 quam
3039 5225 3548 5299 quocumque

2002 5316 2166 5390 alio
2203 5320 2599 5409 tempore.

2092 5438 2358 5510 Causa
2394 5434 2689 5517 octavi,
2725 5434 2914 5527 quia
2948 5437 3187 5510 stella
3217 5444 3545 5513 comata
3683 5518 3742 5571 ω

2003 5553 2274 5643 signat
2308 5550 2892 5627 universaliter
2953 5555 3534 5643 mortalitates,
3595 5554 3776 5637 Cama
3804 5586 3859 5640 a.
