4252 6393
321 3629 622 3680 Diversum

317 3693 599 3755 producto-

321 3770 447 3804 rum
471 3767 633 3819 penes

315 3818 595 3879 principia

318 3879 585 3940 formalia

321 3942 641 3990 attenditur.

325 4003 641 4052 Intellectus

322 4074 540 4114 creatus
560 4067 637 4115 in·

322 4127 438 4176 tella·
473 4128 610 4177 endo

655 400 773 463 288

654 585 798 629 mus
841 565 999 643 hsce,
1043 562 1303 651 gracias
1350 565 1494 643 tibi,
1542 576 1602 631 et
1638 566 1920 632 scientia
1969 576 2200 632 nostra

656 694 784 749 tuce
819 683 1112 749 scienliae
1166 695 1577 771 comparata,
1630 684 2020 770 iynorantia
2078 693 2193 748 esc.

659 800 813 871 Per
872 799 1195 872 modum
1258 801 1532 871 autem
1597 819 1818 892 purae
1889 797 2201 871 Intelli-

656 918 950 1009 gentiae
1004 921 1086 990 et
1147 938 1230 988 se
1284 916 1651 997 dicentis,
1719 915 2201 1010 producitur

656 1055 1049 1130 expressa
1104 1036 1282 1129 ejus
1344 1033 1819 1115 similitudo,
1879 1036 1957 1106 et
2020 1054 2201 1126 pcr-

656 1153 957 1227 fectum
987 1152 1323 1224 verbum
1373 1150 1517 1223 Dei
1564 1149 1868 1221 Filius:
1905 1149 1995 1220 de
2042 1168 2199 1240 quo

659 1270 846 1363 quia
888 1269 1339 1363 perfectum
1380 1272 1528 1350 cst,
1567 1271 1645 1340 et
1679 1287 1842 1338 non
1874 1267 1965 1340 de
1998 1265 2202 1339 nihi-

658 1387 763 1470 10,
808 1387 999 1480 quia
1037 1386 1181 1460 Dei
1226 1385 1499 1459 Patris
1544 1383 2005 1457 substantia
2046 1385 2198 1464 est,

659 1504 1036 1595 sequitur
1104 1502 1410 1596 optime
1482 1501 1688 1594 quod
1756 1499 1955 1573 dicit
2024 1497 2208 1571 Avi-

658 1639 936 1702 cenna,
986 1619 1193 1711 quod
1237 1619 1337 1692 ab
1377 1638 1537 1691 uno
1580 1618 1696 1691 sic
1751 1615 2203 1706 intelligen-

658 1739 761 1818 te,
816 1755 975 1810 non
1016 1737 1139 1809 est
1190 1736 1350 1809 nisi
1410 1757 1660 1807 unum
1700 1733 2031 1815 dictum,
2076 1729 2208 1802 vel

658 1852 1022 1937 verbum,
1123 1852 1336 1927 sicut
1421 1852 1614 1927 dicit
1702 1847 2207 1941 Augustinus

666 1973 771 2043 15.
827 1970 910 2037 de
965 1972 1207 2040 Trinie.
1270 1992 1415 2059 cap.
1462 1971 1571 2042 14.
1618 1966 1840 2037 Unde
1883 1963 2207 2056 quidam

666 2086 1165 2179 Philosophi,
1199 2088 1319 2176 (ut
1361 2081 1904 2178 Porphyrius)
1945 2077 2208 2168 magis

667 2223 906 2296 quam
976 2201 1385 2276 Avicenna
1443 2200 1540 2273 ad
1603 2198 2042 2271 veritatem
2099 2193 2210 2266 vi-

662 2321 955 2395 dentur
1032 2318 1729 2413 appropinquare,
1816 2314 2209 2406 ponentes

661 2436 1135 2529 aliqualiter
1169 2436 1329 2509 isto
1364 2434 1599 2506 modo
1633 2430 1732 2503 ab
1764 2450 1923 2502 uno
1960 2446 2208 2499 unum

664 2554 1125 2648 procedere.
1170 2552 1417 2633 Unde,
1463 2549 1660 2623 dicit
1699 2543 2209 2636 Augustinus

664 2672 773 2740 lib.
833 2673 947 2744 10.
1003 2670 1087 2738 de
1136 2672 1336 2738 Civil.
1393 2670 1538 2749 Dei,
1605 2687 1755 2754 cap.
1819 2665 1931 2735 23.
2000 2658 2210 2753 quod

666 2785 1173 2880 Porphyrius
1258 2785 1411 2857 duo
1491 2780 1900 2875 principia
1975 2777 2204 2857 dixit,

660 2907 915 2978 Deum
950 2905 1305 2984 Patrem,
1345 2898 1850 2973 intellectum
1891 2893 2018 2966 vel
2081 2912 2210 2985 pa-

663 3025 985 3095 ternam
1082 3021 1431 3092 mentem
1504 3042 1519 3086 :
1608 3013 1859 3086 verba
1935 3014 2211 3084 tamen

664 3138 841 3232 ejus
921 3139 1205 3231 postea
1279 3132 1633 3224 corrigit
1701 3126 2209 3221 Augustinus

668 3259 828 3327 ibid.
865 3274 959 3328 eo
1000 3254 1203 3347 quod
1240 3250 1735 3326 dixeratduo
1782 3244 2207 3341 principia.

671 3371 1029 3448 Secundo
1105 3373 1230 3444 est
1304 3370 1684 3461 deceptus
1773 3363 2206 3444 Avicenna,

673 3489 874 3583 quod
930 3487 1202 3581 posuit
1249 3482 1792 3558 differentiam
1850 3483 1931 3551 et
1962 3477 2213 3549 diver-

673 3606 1003 3680 sitatem
1097 3602 1684 3694 productorum
1782 3614 2023 3689 penes
2107 3590 2212 3664 ef-

670 3724 947 3798 ficiens
1018 3718 1538 3814 principium,
1615 3715 1819 3809 quod
1878 3729 2037 3785 non
2088 3716 2213 3784 cst

669 3861 981 3922 verum,
1046 3839 1180 3912 sed
1211 3836 1485 3931 potius
1530 3854 1768 3927 penes
1812 3849 1959 3902 sua
2002 3827 2215 3921 prin-

673 3956 887 4049 eipia
944 3952 1352 4034 formalia,
1414 3955 1495 4024 et
1549 3969 1790 4042 penes
1849 3965 2039 4018 suas
2098 3965 2216 4014 es-

676 4074 1007 4148 sentias.
1070 4070 1289 4144 Unde
1350 4066 1766 4160 ignoravit
1812 4068 2004 4139 tunc
2058 4062 2218 4134 vir-

1828 394 1931 466 DE
1975 393 2240 467 RERUM
2284 398 2665 469 PillNCll·lO

2311 570 2517 657 quod
2589 568 2806 641 ratio
2879 565 3512 641 immediationis
3580 572 3835 660 potest

2315 682 2609 757 referri
2686 686 2782 758 ad
2849 686 3038 767 tria,
3099 685 3227 757 vel
3314 686 3408 757 ad
3488 685 3834 759 ordinem

2315 800 2756 884 rationum,
2812 801 2939 874 vel
3000 802 3096 874 ad
3140 801 3503 874 ordinem
3554 802 3840 894 perfec-

2312 916 2651 996 tionum,
2697 918 2823 991 vel
2868 919 2962 990 ad
3007 917 3369 991 ordinem
3411 919 3839 1007 agentium.

2316 1033 2397 1106 Si
2425 1034 2838 1107 referatur
2880 1035 2976 1107 ad
3011 1033 3373 1106 ordinem
3410 1034 3839 1120 rationum,

2317 1149 2430 1221 sie
2472 1154 2595 1223 est
2617 1171 2930 1231 verum,
2960 1150 3168 1243 quod
3191 1150 3288 1222 ab
3308 1171 3467 1223 uno
3489 1170 3648 1222 non
3675 1173 3845 1244 pro·

2315 1265 2522 1338 cedit
2571 1265 2727 1338 nisi
2771 1266 3233 1340 immediate
3274 1287 3547 1338 unum.
3585 1267 3697 1340 Ad
3726 1290 3845 1341 cu-

2308 1381 2444 1473 jus
2494 1382 2978 1457 evidentiam
3010 1387 3137 1455 est
3173 1383 3608 1464 sciendum,
3655 1386 3850 1475 quod

2320 1497 2532 1572 sicut
2572 1497 2869 1571 habere
2921 1503 3092 1572 tres
3125 1500 3470 1590 angulos
3509 1505 3637 1576 est
3678 1521 3851 1594 pro-

2321 1615 2502 1707 pria
2550 1616 2766 1689 ratio
2819 1615 3242 1707 trianguli,
3287 1620 3374 1690 ut
3415 1620 3540 1690 est
3610 1618 3853 1692 trian-

2322 1734 2584 1823 gulus,
2665 1753 2829 1805 non
2888 1738 3163 1807 autem
3228 1739 3313 1808 ut
3381 1738 3506 1809 est
3569 1735 3855 1827 princi-

2324 1851 2542 1943 pium
2589 1851 2952 1924 omnium
3003 1853 3458 1941 figurarum
3513 1852 3856 1927 multila·

2322 1968 2707 2040 teralium
2754 1992 2769 2037 :
2833 1969 2949 2043 ita
2991 1970 3197 2061 quod
3257 1970 3324 2041 si
3387 1969 3689 2062 aliquid
3738 1973 3859 2044 est

2325 2085 2664 2177 propria
2706 2085 2979 2178 passio
3019 2086 3366 2179 alicujus
3403 2086 3546 2170 rei,
3585 2105 3858 2161 secun·

2321 2202 2506 2274 dum
2594 2221 2837 2275 unam
2908 2203 3339 2285 rationem,
3430 2204 3637 2296 quod
3706 2222 3860 2276 non

2325 2323 2596 2411 potest
2662 2342 2840 2393 esse
2929 2320 3269 2414 ‘propria
3345 2321 3620 2413 passio
3690 2320 3861 2413 ejus

2326 2437 2761 2508 secundum
2795 2436 3041 2509 aliam
3078 2436 3510 2521 rationem,
3576 2436 3695 2510 ita
3725 2436 3866 2507 im-

2324 2551 2711 2643 possibile
2741 2557 2868 2627 est
2910 2557 2996 2626 ut
3038 2551 3137 2624 ab
3179 2552 3456 2624 eodem
3500 2550 3865 2644 subJecto

2324 2672 2757 2742 secundum
2798 2669 3158 2741 eamdem
3220 2668 3628 2742 rationem
3692 2687 3871 2761 pro·

2323 2783 2731 2859 ductivam
2832 2785 2983 2856 duo
3081 2805 3305 2876 {eque
3407 2783 3870 2857 immediate

2324 2901 2602 2983 fluant,
2665 2901 2792 2974 vel
2855 2901 3436 2993 producantur.
3526 2899 3743 2973 Nam
3805 2900 3872 2973 si

2325 3039 2573 3090 unum
2613 3022 2738 3091 est
2806 3037 3082 3108 agens,
3128 3020 3210 3091 et
3271 3037 3429 3089 una
3479 3020 3609 3091 est
3655 3017 3872 3090 ratio

2326 3133 2838 3229 producendi,
2926 3136 3252 3228 oportet
3340 3132 3545 3226 quod
3622 3150 3873 3206 unum

2326 3255 2646 3325 tantum
2681 3250 3142 3324 immediate
3182 3251 3716 3344 producatur.
3766 3245 3878 3320 Ad

2328 3369 2691 3443 rationes
2732 3386 2931 3459 ergo
2976 3368 3499 3462 productivas
3560 3384 3872 3444 rerum,
3949 3390 4123 3458 ,amq

2327 3507 2459 3558 res
2521 3486 2933 3579 productae
2996 3484 3289 3559 habent
3350 3485 3604 3558 talem
3671 3455 4164 3567 ordi-{gffffilff

2325 3622 2547 3684 nem;
2604 3603 2810 3695 quod
2853 3604 3287 3675 secundum
3339 3620 3583 3672 unam
3630 3588 4151 3690 ratio-“ffffleff'

2327 3721 2641 3793 nem-ab
2671 3742 2830 3792 uno
2860 3717 3365 3813 productivo,
3404 3738 3563 3790 non
3603 3722 3878 3811 potest
3906 3701 4155 3816 ζ-’ἴῃζὲῗαῗξ

2331 3833 2791 3909 immediate
2834 3834 2990 3907 nisi
3035 3854 3282 3905 unum
3334 3833 3703 3926 produci.
3739 3835 3880 3905 Ve-
3913 3829 4161 3955 mm?

2331 3954 2706 4027 rificatur
2763 3972 2961 4044 ergo
3011 3953 3350 4025 verbum
3421 3952 3881 4033 Avicennzr,

2334 4070 2401 4142 si
2483 4069 2981 4143 immediatio
3047 4069 3462 4142 reseratur
3520 4069 3616 4140 ad
3684 4068 3888 4141 ordi·

320 4190 442 4240 ’²⁸⁷¹‘
487 4204 622 4252 vm·
675 4194 935 4263 tutem
995 4191 1426 4267 creaturae,
1496 4183 1685 4276 quia
1755 4180 2219 4254 intellectus
2331 4208 2515 4261 nem
2549 4186 2965 4260 rationum
3002 4211 3017 4270 ;
3057 4185 3430 4259 siautem
3467 4185 3892 4259 reseratur

385 4252 550 4303 ducit.

448 5331 534 5383 30.

347 5394 494 5444 statio
523 5397 629 5445 im-

335 5460 620 5510 mediatio-

343 5583 537 5643 reserri
564 5586 639 5636 ad

404 5648 539 5696 tria.

673 4310 1002 4378 creatus
1072 4299 1594 4392 intelligendo
1662 4295 1861 4369 nihil
1931 4293 2220 4387 produ-

2336 4304 2799 4378 immediate
2860 4304 2954 4376 ad
3025 4301 3388 4375 ordinem
3453 4299 3890 4395 perfectio-

674 4422 811 4505 cit,
903 4418 1265 4511 alioquin
1326 4413 1701 4510 quidquid
1759 4414 2037 4506 posset
2103 4409 2224 4481 in·
2334 4441 2553 4502 num,
2590 4418 2976 4495 similiter
3014 4423 3138 4492 est
3167 4419 3613 4492 dicendum.

675 4540 1072 4630 telligere,
1114 4539 1388 4629 posset
1439 4531 1908 4625 producere.

1149 4872 1573 4936 ARTICULUS
1648 4869 1746 4925 IV.

681 5068 758 5137 In
790 5085 916 5156 quo
944 5082 1138 5131 sensu
1178 5058 1437 5126 salvari
1473 5053 1680 5142 possit
1720 5051 2077 5117 Avicennoe
2124 5068 2228 5114 as-

1334 5174 1559 5241 sertio,

781 5380 1020 5456 Circa
1082 5375 1490 5467 quartum,
1551 5361 1948 5457 quomodo
2013 5355 2232 5432 scili-

339 5522 422 5568 nts
447 5530 617 5584 poem
687 5504 816 5573 cet
876 5494 1213 5566 verbum
1260 5485 1685 5559 Aviccnnoe
1735 5482 2005 5571 posset
2047 5496 2230 5548 con-

1578 5599 1704 5669 est
1791 5592 2227 5671 sciendum,

678 5618 937 5698 tinere
1001 5606 1469 5683 veritatem,

2429 4537 2540 4609 Ad
2601 4534 2831 4629 cujus
2886 4533 3398 4617 evidentiam,
3455 4537 3582 4607 est
3638 4525 4159 4650 seien‘n213¹}pe·

2339 4653 2526 4726 dum
2588 4653 2795 4745 quod
2844 4651 2924 4723 in
2975 4649 3456 4724 habentibus
3518 4648 3892 4723 ordinem
3927 4652 4159 4758 aasz&

2339 4768 2858 4842 essentialem
2933 4765 3414 4860 (cujusmodi
3466 4770 3659 4839 sunt
3722 4783 3891 4858 spe·
4002 4776 4166 4886 ciffi

2342 4885 2534 4976 cies)
2574 4885 2654 4957 in
2695 4883 3080 4957 universo
3111 4902 3273 4955 non
3304 4885 3429 4955 est
3459 4882 3658 4956 dare
3689 4882 3888 4955 duas
3914 4839 4172 4975 ἐῖἶζρανεῑ-

2344 5002 2650 5096 species
2691 4999 3123 5096 aequaliter
3176 5000 3532 5074 divinam
3585 4998 3893 5092 perfec·
3973 4966 4140 5027 σφω’

2345 5119 2648 5193 tionem
2694 5116 3311 5211 participantem
3373 5114 3507 5186 sed
3556 5132 3724 5184 una
3776 5134 3896 5186 se-

2345 5236 2689 5310 cundum
2770 5235 3069 5326 gradus
3152 5229 3692 5325 perfectionis
3773 5232 3897 5302 est

2345 5354 2511 5427 Deo
2573 5350 3116 5445 propinquior
3172 5347 3396 5421 alia:
3459 5346 3900 5419 secundum

2349 5491 2582 5561 quem
2674 5469 2999 5541 modum
3092 5466 3183 5538 de
3263 5464 3755 5558 propinque,
3820 5462 3899 5533 et

2349 5589 2695 5669 remotO,
2755 5583 3119 5677 loquitur
3180 5578 3673 5655 Aristoteles
3715 5583 3791 5648 in
3826 5580 3902 5666 fi·
