4252 6393
400 1810 634 1875 Diyestio
679 1815 729 1857 et

399 1872 727 1947 puerefaetio

445 1952 500 1984 so
526 1948 699 1983 vtcme

403 2005 670 2060 sequumu
682 2032 694 2046 .

737 430 856 495 244

732 588 962 661 calor
1001 586 1157 659 cibi
1215 586 1412 658 benc
1463 585 1696 677 juvat
1757 585 1853 656 ad
1897 583 2275 675 digestio-

732 722 938 774 nem.
987 700 1423 781 Probatur,
1473 699 1661 792 quia
1721 699 1944 770 cibus
1983 698 2276 789 digeri-

733 823 870 891 tur
901 837 947 888 a
980 814 1252 888 calore
1285 815 1647 887 naturali
1693 814 2097 895 animalis,
2152 812 2278 883 vel

731 931 1110 1013 viventis,
1192 934 1270 1002 et
1357 951 1520 1003 non
1601 929 1937 1023 proprio
2005 930 2281 1003 calore

733 1049 1115 1122 animalis
1185 1047 1484 1138 digerit
1555 1047 1941 1139 seipsum,
2013 1050 2091 1117 et
2165 1046 2280 1117 510

735 1160 1124 1234 similiter
1180 1160 1502 1232 dicatur
1552 1160 1642 1231 (10
1687 1158 2030 1231 111110010
2083 1159 2283 1231 ulte·

741 1278 912 1349 rius
933 1274 1502 1368 progrediente
1529 1279 1716 1367 post
1748 1274 2284 1365 digestionem

741 1390 1142 1464 stomachi
1185 1391 1279 1462 ad
1320 1388 1597 1483 hepar,
1636 1390 1841 1482 quod
1879 1391 2287 1480 digeritur

741 1509 1229 1588 extrinseco,
1266 1508 1640 1580 videlicet
1702 1508 1980 1580 calore
2049 1508 2286 1601 hepa-

743 1624 877 1704 tis,
932 1627 1008 1695 01
1045 1622 1431 1695 similiter
1470 1624 1560 1695 de
1598 1623 1810 1694 aliis.

838 1741 957 1809 Ex
990 1739 1277 1829 quibus
1331 1737 1699 1810 omnibus
1749 1736 1984 1810 dictis
2022 1737 2287 1828 potest

753 1875 1174 1948 apparere,
1267 1876 1508 1948 quam
1580 1856 1843 1929 vicine
1915 1854 2291 1946 sequitur

748 1972 1092 2062 digestio
1177 1976 1259 2046 et
1310 1973 1830 2065 putrefactio,
1898 1972 2085 2064 quia
2150 1971 2290 2042 vix

739 2088 1087 2178 digestio
1122 2088 1278 2160 cibi
1316 2089 1395 2160 in
1429 2090 1763 2162 animali
1808 2093 2077 2181 potest
2111 2086 2290 2160 fieri

739 2202 1167 2295 complete,
1213 2203 1371 2274 nisi
1424 2204 1827 2295 praecedat
1892 2203 2292 2296 putrefac-

740 2318 881 2388 tio.
921 2317 1144 2399 Quod
1178 2317 1599 2407 probatur,
1636 2337 1732 2388 00
1776 2317 1981 2408 quod
2024 2320 2292 2410 putre-

738 2433 987 2505 factio
1020 2435 1171 2512 est,
1213 2435 1301 2504 ut
1347 2431 1649 2503 dictum
1698 2437 1823 2506 est
1875 2433 2293 2525 1111111000-

736 2548 954 2621 (10011
998 2548 1472 2640 quaestione,
1528 2549 1956 2642 corruptio
2021 2548 2291 2621 calidi-

737 2662 938 2735 tatis
983 2662 1343 2755 propriae
1404 2664 1486 2734 in
1556 2662 2039 2737 humiditate
2109 2681 2292 2755 pro-

741 2778 924 2869 pria
1004 2798 1050 2849 a
1121 2776 1538 2849 caliditate
1607 2778 1900 2860 aliena,
1972 2778 2086 2850 sic
2165 2780 2292 2850 051

738 2895 1052 2986 quando
1124 2895 1347 2966 cibus
1409 2894 1841 2984 digeritur,
1915 2897 2106 2966 tunc
2166 2898 2288 2966 est

737 3010 1077 3101 propria
1108 3010 1484 3081 caliditas
1532 3009 1689 3081 cibi
1734 3030 1915 3081 cum
1961 3009 2289 3081 humido

739 3145 885 3195 suo
977 3144 1122 3217 per
1209 3124 1712 3198 caliditatem
1797 3125 2283 3217 digerentiS,

737 3261 913 3333 quae
952 3240 1129 3313 cibo
1179 3245 1300 3313 est
1350 3241 1839 3322 extrinseca,
1882 3245 2284 3323 extracta,

736 3360 816 3429 01
905 3356 1079 3429 ideo
1160 3358 1362 3432 fiunt
1459 3358 1663 3433 tales
1758 3359 2283 3442 mutationes,

740 3475 1054 3565 quando
1107 3475 1481 3548 videlicet
1544 3474 2134 3567 superfluentes
2175 3498 2288 3547 rc-

743 3593 1185 3671 manentes,
1285 3593 1362 3661 01
1466 3592 1826 3682 expulsae
1942 3591 2289 3682 putridae

742 3710 952 3786 sunt,
1014 3707 1140 3777 vel
1213 3707 1735 3798 putrefactam
1821 3707 1952 3778 sed
2013 3711 2287 3780 tamen

740 3823 935 3895 bene
977 3827 1243 3915 potest
1313 3823 1491 3894 fieri
1553 3823 2049 3916 putrefactio
2113 3825 2287 3896 sine

744 3937 1224 4026 digestione,
1307 3937 1498 4010 licet
1550 3959 1709 4009 non
1751 3961 1791 4008 e
1845 3942 2139 4011 contra
2207 3940 2285 4011 in

742 4051 1134 4156 pluribus.
1171 4055 1269 4123 Et
1313 4053 1666 4125 maxime
1706 4054 2000 4147 loquor
2029 4057 2120 4127 (10
2154 4077 2287 4127 na-

740 4168 1146 4241 turalibus
1203 4169 1815 4258 digestionibus,
1885 4176 1962 4243 et
1995 4192 2155 4242 non
2196 4173 2287 4244 dc

743 4283 1338 4364 artificialibus,
1415 4284 1624 4358 sicut
1686 4291 1874 4359 sunt
1915 4287 2281 4368 elixati0‚

743 4403 823 4471 01
891 4398 1226 4478 assatio,
1303 4398 1491 4489 quia.
1559 4399 2054 4490 digestiones
2124 4401 2286 4473 illae

744 4534 904 4584 000
947 4516 1131 4585 51101
1170 4512 1833 4604 putrefactiones‚
1875 4515 2064 4590 licet
2108 4537 2286 4608 par-

745 4631 1088 4722 ticipant
1117 4631 1208 4701 (10
1263 4629 1493 4701 modo
1543 4632 2169 4722 putrefactionis
2207 4635 2284 4705 in

745 4768 838 4818 eo
883 4747 1090 4838 quod
1131 4746 1358 4817 calor
1395 4749 1781 4839 proprius
1828 4749 1907 4820 in
1959 4747 2284 4821 humido

746 4861 1085 4955 proprio
1128 4861 1599 4934 extrahitur
1649 4865 1746 4935 ab
1786 4865 2078 4946 alieno,
2154 4866 2286 4936 sed

747 4978 862 5051 ita
902 4976 1301 5050 velociter
1336 4977 1425 5049 fit
1459 4976 1625 5049 haec
1667 4977 2116 5051 abstractio
2153 4979 2285 5048 hu-

744 5094 961 5174 midi,
1020 5094 1225 5186 quod
1268 5094 1501 5185 quasi
1546 5098 1668 5166 051
1709 5094 2070 5168 violenta
2123 5115 2286 5167 mu·

740 5211 975 5292 tatio,
1012 5215 1094 5284 et
1129 5211 1299 5282 ideo
1336 5231 1382 5282 a
1408 5210 2006 5302 putrefactione
2042 5212 2285 5303 impe-

740 5312 982 5417 ditur,
1043 5356 1140 5407 nc
1185 5336 1292 5408 sit
1344 5336 1833 5428 putrefactio
1896 5336 2280 5429 perfecta.

744 5458 934 5530 Hzec
967 5458 1348 5530 dicuntur
1384 5459 1781 5550 opinando
1818 5463 2092 5531 tamen
2124 5459 2285 5530 for-

744 5589 823 5657 te
866 5583 960 5654 ad
1000 5581 1495 5675 oppositum.
1551 5669 1556 5673 ⁶

1888 425 2031 486 mn.
2083 412 2182 487 iv.
2229 416 2771 487 Mari-:onolton

2482 586 2597 655 Ex
2641 582 2765 656 his
2820 586 3043 676 patet
3098 582 3245 654 hos
3287 600 3489 662 0550,
3546 581 3626 653 01
3677 578 3915 652 fuisse

2391 710 2826 782 processus
2881 689 3385 769 Aristotelis,
3459 687 3593 781 qui
3664 691 3921 779 putre-

2391 809 2827 882 factionem
2863 812 3251 900 tanquam
3292 804 3924 879 communiorem

2394 927 2796 1021 praemisit
2876 931 3062 1000 ante
3143 923 3702 1015 digestionem,
3796 941 3925 994 seu

2398 1044 2623 1137 prius
2686 1044 2776 1115 de
2824 1043 2997 1135 ipsa
3039 1038 3638 1115 determinavit.
3709 1039 3931 1110 Patet

2394 1161 2643 1235 etiam
2701 1159 3212 1239 excellentia,
3259 1162 3338 1231 et
3398 1155 3719 1229 utilitas
3780 1153 3931 1246 pri-

2400 1296 2721 1349 marum
2756 1275 3245 1367 qualitatum
3283 1271 3362 1343 in
3397 1272 3717 1352 mundo,
3757 1268 3933 1360 quia

2396 1393 2671 1465 valent
2715 1391 2936 1464 omni
2978 1411 3225 1470 auro;
3267 1387 3455 1479 quia
3487 1387 3663 1458 5100
3707 1405 3930 1467 auro,

2397 1513 2477 1581 et
2509 1513 2855 1598 argento
2900 1524 3333 1600 possumus
3368 1504 3668 1585 vivere,
3715 1508 3794 1576 et
3825 1524 3935 1575 es-

2401 1646 2484 1698 se
2539 1625 2952 1706 animalia,
3025 1628 3106 1697 et
3162 1621 3567 1702 homines;
3623 1640 3939 1692 conser-

2400 1743 2581 1814 vari
2647 1742 3008 1815 viventia
3077 1741 3249 1812 51110
3316 1736 3793 1830 digestione,
3863 1740 3938 1809 01

2404 1860 3029 1952 putrefactione,
3121 1878 3293 1949 qum
3375 1858 3578 1929 fiunt
3656 1853 3938 1946 primis

2405 1974 2962 2067 qualitatibuS,
3009 1992 3544 2064 nequaquam.
3600 1971 3822 2042 Unde
3876 1967 3940 2039 si

2405 2092 2629 2163 nulla
2678 2092 3053 2165 caliditas
3102 2094 3318 2163 esset
3370 2108 3515 2181 per
3567 2092 3939 2168 mentem,

2408 2208 2678 2280 omnia
2714 2205 3123 2279 moventia
3180 2203 3540 2277 viventia
3600 2224 3746 2296 per
3801 2202 3945 2275 010-

2409 2329 2680 2398 menta
2738 2324 3404 2402 destruerentur;
3471 2321 3605 2393 sed
3674 2325 3944 2394 tamen

2407 2459 2725 2520 aurum,
2790 2444 2870 2513 et
2931 2438 3306 2530 quaelibet
3358 2435 3522 2508 alia
3582 2435 3944 2507 substan-

2406 2555 2522 2628 tia
2575 2557 2791 2627 essct
2860 2554 3152 2626 melior
3214 2553 3291 2625 in
3344 2574 3452 2634 50,
3526 2552 3720 2624 11001
3789 2569 3943 2622 non

2405 2671 2695 2745 utilior
2736 2672 3053 2751 calore;
3102 2670 3489 2744 similiter
3522 2669 3637 2742 510
3685 2669 3777 2741 (10
3808 2668 3941 2740 fri·

2406 2808 2629 2877 gore,
2677 2786 3182 2869 humiditate,
3219 2792 3300 2860 et
3336 2784 3712 2860 siccitate
3742 2785 3942 2859 dica-

2405 2908 2567 2984 tur,
2632 2903 2821 2975 licet
2890 2923 3046 2974 non
3105 2901 3556 2995 [equaliter.
3634 2903 3738 2974 Et
3797 2899 3942 2971 hoc

2403 3021 2894 3094 Aristoteles
2928 3021 3359 3093 advertens
3392 3024 3464 3087 in
3515 3021 3630 3087 lib.
3667 3020 3735 3090 4.
3790 3037 3945 3090 om-

2403 3159 2544 3211 nes
2591 3138 3109 3232 operationes
3154 3136 3584 3231 possibiles
3644 3135 3824 3209 fieri
3869 3135 3945 3207 in

2405 3258 2695 3328 mundo
2740 3256 2897 3327 isto
2941 3255 3364 3347 corpora-li
3405 3252 3943 3332 enumeravit,

2400 3377 2481 3445 et
2552 3372 2903 3446 ostendit
3000 3371 3404 3444 utilitates
3488 3371 3948 3464 primarum

2403 3488 2891 3580 qualitatum
2935 3487 3434 3577 generaliter
3508 3490 3589 3559 01
3634 3486 3949 3559 univer-

2403 3604 2715 3685 saliter,
2755 3603 3286 3677 subtilissime
3336 3603 3945 3696 pertractando,

2401 3725 2793 3812 quantum
2846 3719 3147 3792 sufficit
3180 3719 3539 3792 naturali
3587 3719 3948 3791 Philoso-

2401 3836 2557 3929 pho
2603 3836 3186 3910 universaliter
3235 3835 3629 3927 loquenti.

2491 3956 2609 4024 Ex
2676 3952 3127 4044 praemissis
3176 3952 3425 4025 etiam
3496 3956 3779 4044 potest
3848 3952 3952 4024 in·

2401 4070 2662 4160 telligi
2713 4069 3157 4162 descriptio
3205 4069 3692 4159 digestionis
3757 4090 3949 4163 prae·

2399 4186 2637 4265 dicta,
2675 4191 2754 4259 et
2788 4184 3279 4259 Aristoteles
3307 4185 3385 4256 in
3412 4185 3726 4267 littera,
3768 4187 3949 4278 quia

2398 4302 2771 4392 digestio,
2822 4302 3203 4372 sumendo
3246 4322 3426 4373 eam
3490 4322 3644 4394 pro
3694 4302 3948 4396 dispo-

2404 4418 2699 4491 sitione
2767 4437 2913 4509 per
2980 4421 3254 4490 aetum
3316 4417 3753 4508 acquisita,
3826 4417 3947 4488 vel

2404 4555 2548 4625 per
2590 4533 3021 4613 actionem,
3066 4536 3190 4607 est
3232 4533 3666 4624 dispositio
3704 4533 3947 4627 quali-

2403 4649 2686 4730 tativa,
2765 4648 2888 4721 vel
2959 4647 3511 4741 quantitativa
3580 4650 3943 4744 propria,

2401 4788 2558 4839 non
2621 4766 2960 4858 propria
3021 4769 3100 4838 01
3154 4764 3761 4857 inseparabilis,
3820 4767 3945 4839 sed

2402 4883 2915 4976 separabilis,
2975 4887 3054 4956 et
3116 4882 3458 4974 propria
3516 4882 3945 4977 dispositio

2398 5000 2737 5091 digesta,
2793 5021 2952 5073 non
3002 4999 3477 5091 digerentis,
3532 4999 3732 5075 licet
3774 5021 3946 5075 cau·

2401 5123 2579 5192 sata
2624 5118 2728 5192 sit
2780 5138 2826 5189 a
2883 5116 3415 5208 dispositione
3465 5118 3948 5208 qualitativa

2400 5233 2743 5325 agentis,
2781 5237 2860 5306 01
2910 5252 2956 5303 0
2998 5231 3339 5324 propria
3370 5233 3650 5322 agenti
3682 5324 3688 5328 .
3720 5240 3801 5308 01
3839 5234 3946 5306 (11-

2398 5352 2753 5438 gerenti;
2792 5354 2870 5422 et
2933 5350 3049 5421 sic
3111 5367 3267 5419 una
3326 5348 3766 5441 dispositio
3824 5354 3940 5424 cst

2403 5466 2848 5539 intrinseca
2912 5463 3215 5554 agenti,
3274 5468 3354 5537 et
3423 5464 3587 5538 alia
3659 5468 3940 5543 intrin-

2403 5603 2586 5657 seca
2670 5582 3021 5676 digesto,
3111 5583 3190 5652 et
3282 5581 3723 5654 secundum
3791 5584 3939 5657 dis-

4049 606 4114 659 20.

4078 3980 4138 4034 21.
