4252 6393
151 2098 177 2146 le
195 2099 318 2147 Sebo-

152 2176 184 2207 m
203 2163 238 2212 ³.
255 2179 296 2228 q.

1682 401 2044 478 QUAESTIO
2093 404 2170 466 vl

347 569 841 663 particulari,
890 568 1097 643 sicut
1137 566 1330 640 dicit
1363 564 1868 656 Augustinus

342 691 439 761 83.
481 711 542 778 q.
578 689 689 760 49.
721 690 803 755 de
840 688 1014 755 ideis
1048 710 1065 755 ε
1107 687 1259 755 Non
1286 682 1606 780 (inquit)
1645 683 1873 751 eadem

344 808 593 873 ratione
648 806 955 872 conditus
1022 815 1115 871 est
1167 806 1381 882 home,
1445 823 1575 889 qua
1630 821 1872 889 equus,-

342 924 595 1009 sinyula
634 924 811 988 enim
841 921 1142 1010 propriis
1196 929 1352 986 sunl
1389 919 1707 985 distincta
1755 938 1873 984 ra-

344 1037 615 1103 tionibus
635 1063 661 1118 ,·
711 1035 794 1108 in
829 1035 969 1108 illa
1027 1034 1244 1107 enim
1288 1053 1537 1108 causa
1596 1035 1871 1106 tantas

343 1152 694 1224 rationes
783 1151 1086 1225 videris
1157 1151 1455 1225 horum
1560 1150 1867 1242 vigere,

342 1287 486 1339 non
521 1267 638 1341 sic
673 1268 753 1340 in
815 1272 1022 1350 arte,
1065 1267 1194 1341 vel
1236 1272 1538 1342 natura
1578 1266 1872 1359 accipi-

340 1389 486 1459 tur.
533 1386 857 1459 Etenim
893 1386 1264 1479 quamvis
1296 1385 1545 1459 aliam
1577 1384 1871 1459 habeat

338 1499 582 1575 ideam
651 1502 846 1594 styli
887 1507 968 1578 et
1016 1502 1351 1584 cultelli,
1394 1521 1556 1575 non
1597 1506 1872 1577 tamen

340 1617 572 1689 aliam
605 1617 847 1693 habet
889 1604 1266 1712 respectu
1328 1618 1594 1701 istiuS,
1637 1622 1719 1693 et
1778 1618 1873 1691 il-

340 1733 529 1805 lius:
572 1734 729 1808 duo
760 1735 976 1808 enim
1011 1736 1208 1827 styli
1241 1735 1599 1829 ejusdem
1636 1755 1874 1829 quan-

340 1851 622 1934 titatis,
666 1858 749 1928 et
811 1851 1305 1927 conditionis
1372 1874 1534 1926 non
1576 1852 1874 1928 habent

342 1966 701 2041 diversas
777 1968 993 2043 ideas
1094 1969 1175 2042 in
1279 1969 1640 2052 artifice;
1742 1970 1877 2042 sed

343 2086 533 2176 quod
573 2084 955 2160 differant
986 2106 1357 2169 numero,
1396 2085 1549 2160 hoc
1580 2086 1878 2162 habent

288 2253 314 2265 -
342 2221 474 2294 per
514 2203 996 2286 materiam;
1043 2203 1284 2280 habet
1315 2223 1518 2296 ergo
1576 2203 1880 2280 artifex

339 2317 411 2390 in
440 2339 526 2391 se
551 2320 755 2393 unde
780 2320 1035 2395 faciat
1067 2321 1399 2413 stylum,
1439 2322 1570 2395 sed
1598 2320 1666 2393 si
1709 2320 1881 2394 sine

336 2437 674 2511 materia
702 2438 1346 2521 faceret,faceret
1364 2439 1669 2531 stylum
1708 2439 1890 2513 uni-

336 2555 758 2639 versalem,
840 2577 1002 2630 non
1071 2557 1348 2640 istum,
1429 2557 1874 2631 velillum:

336 2669 477 2745 lioc
555 2677 830 2747 autem
898 2677 1022 2747 est
1088 2673 1619 2768 impossibile,
1694 2696 1879 2752 cum

337 2790 592 2862 omnis
659 2789 875 2863 actio
937 2795 1342 2865 creaturae
1385 2792 1879 2866 terminetur

332 2907 418 2978 ad
460 2906 923 2999 singulare;
960 2928 1121 2980 non
1162 2926 1364 2999 ergo
1398 2913 1672 3001 potest
1705 2909 1878 2984 sine

334 3028 678 3102 materia
753 3028 1057 3122 aliquid
1103 3030 1400 3105 facere.
1475 3027 1877 3105 Similiter

332 3148 446 3219 est
504 3144 583 3218 in
612 3151 904 3238 agente
934 3147 1297 3223 naturali
1335 3174 1350 3220 :
1386 3148 1627 3224 habet
1658 3146 1874 3223 enim

337 3260 543 3353 ignis
617 3264 822 3337 unde
909 3271 1251 3356 generat
1330 3264 1625 3358 ignem,
1740 3266 1874 3339 sed

336 3395 489 3449 non
615 3379 819 3452 unde
943 3385 1285 3471 generat
1399 3382 1649 3457 istum
1755 3382 1874 3474 ig-

337 3510 542 3564 nem.
586 3494 760 3566 Hoc
827 3494 1043 3567 enim
1110 3516 1272 3570 non
1351 3499 1621 3589 potest
1661 3496 1875 3568 face-

341 3628 422 3679 re
458 3609 620 3683 nisi
660 3610 967 3683 duobus
1011 3611 1304 3693 modis;
1340 3612 1468 3685 vel
1531 3611 1719 3705 quia
1752 3611 1873 3703 ig-

338 3725 455 3797 nis
504 3745 899 3817 generans
933 3713 1481 3802 communicat
1527 3728 1694 3820 igni
1737 3748 1872 3820 ge-

337 3847 619 3917 nerato
681 3865 919 3918 suum
986 3867 1165 3918 esse
1207 3844 1725 3927 individuum,
1791 3851 1872 3920 et

338 3959 444 4033 sic
519 3960 901 4038 destituet
979 3963 1362 4057 seipsum,
1440 3969 1870 4039 autunum

333 4078 544 4148 esset
615 4078 824 4151 duo:
895 4079 1022 4152 vel
1102 4079 1291 4172 quia
1360 4079 1574 4172 ignis
1635 4100 1871 4172 gene-

337 4210 524 4264 rans
563 4194 639 4266 in
674 4216 760 4268 se
799 4195 1135 4269 haberet
1177 4195 1452 4278 aliam,
1500 4199 1582 4269 et
1623 4196 1871 4270 aliam

337 4309 756 4394 rationem,
805 4331 954 4405 per
995 4332 1195 4405 quas
1265 4318 1702 4405 generaret
1768 4313 1872 4386 di-

336 4445 611 4499 versos
645 4428 899 4520 igneS,
975 4429 1182 4523 quod
1226 4434 1449 4523 patet
1500 4450 1677 4502 esse
1720 4429 1870 4502 fal-

341 4562 536 4616 sum.
578 4544 984 4619 Differunt
1027 4564 1230 4638 ergo
1270 4546 1423 4618 duo
1468 4546 1698 4638 ignes
1742 4567 1870 4638 ge-

338 4660 592 4735 nerati
625 4661 723 4733 ab
766 4661 948 4753 igne
983 4682 1129 4755 per
1161 4663 1622 4745 materiam,
1661 4663 1872 4737 sicut

344 4769 418 4844 in
445 4775 815 4869 exemplo
857 4775 1226 4851 artificis
1290 4776 1375 4852 si
1415 4797 1616 4870 ergo
1657 4779 1872 4871 ignis

344 4896 761 4978 generaret
803 4893 1073 4985 ignem
1108 4893 1280 4967 sine
1312 4897 1685 4977 materia,
1740 4917 1875 4988 ge-

345 5014 659 5084 neraret
718 5011 988 5104 ignem
1048 5011 1617 5085 universalem.
1673 5017 1873 5088 Cum

346 5121 590 5215 igitur
664 5149 901 5201 omne
977 5147 1251 5221 agens,
1329 5130 1536 5222 quod
1604 5134 1873 5224 potest

346 5241 813 5332 excogitari,
851 5247 1043 5335 agat
1085 5263 1231 5336 per
1274 5246 1683 5326 naturam,
1746 5246 1872 5318 vel

350 5374 485 5446 per
548 5365 809 5434 artem
868 5361 1112 5448 (nam
1181 5379 1430 5452 agens
1499 5362 1874 5434 volunta-

350 5471 551 5545 rium
605 5482 727 5552 est
761 5476 1089 5559 artifex,
1123 5480 1148 5567 )
1181 5481 1261 5550 et
1332 5478 1737 5570 quodlibet
1773 5479 1875 5552 is-

347 5588 606 5661 torum
665 5596 851 5684 eget
914 5591 1290 5673 materia,
1358 5597 1447 5666 ut
1519 5596 1865 5677 ostendi;

472 5725 729 5782 '1⁸0le-

3398 410 3517 472 337

1984 582 2186 655 ergo
2219 564 2722 659 impossibile
2788 571 2938 649 est,
3011 569 3215 660 quod
3274 589 3523 660 agens

1984 680 2308 773 aliquod
2378 689 2745 757 creatum
2818 691 3011 776 agat
3078 688 3170 758 dc
3237 687 3519 762 nihilo.

1982 798 2201 872 Deus
2236 804 2510 874 autem
2544 803 2780 876 habet
2817 804 3181 876 rationes
3217 826 3519 888 rorum,

1985 934 2144 987 non
2215 918 2482 991 solum
2552 918 2635 991 in
2702 920 3174 1002 universali,
3244 925 3377 996 sod
3445 924 3524 996 in

1984 1033 2499 1124 particulari,
2586 1040 2664 1110 et
2727 1037 2900 1111 ideo
2971 1059 3127 1120 res,
3193 1060 3368 1132 quae
3431 1042 3528 1112 ab

1984 1147 2164 1241 ipso
2206 1154 2677 1244 procedunt,
2745 1157 3186 1247 procedunt
3248 1179 3526 1231 secun-

1982 1265 2170 1339 dum
2238 1289 2442 1352 esse,
2515 1274 2593 1344 et
2641 1293 2959 1346 omnem
3013 1275 3334 1346 modum
3403 1298 3526 1348 es·-

1985 1384 2231 1456 sendi.
2271 1389 2470 1459 Cum
2533 1386 2787 1479 igitur
2831 1390 3092 1464 omnis
3142 1397 3527 1467 creatura

1982 1496 2065 1569 in
2132 1501 2467 1573 essendo
2535 1501 2826 1577 habeat
2903 1526 3080 1577 esse
3137 1506 3216 1577 in
3255 1507 3528 1599 aliquo

1984 1616 2416 1706 potentiali
2464 1625 2903 1711 receptum,
2948 1642 3130 1693 cum
3167 1622 3271 1696 sit
3314 1644 3530 1697 com—

1988 1729 2257 1822 posita
2297 1758 2380 1802 ex
2419 1758 2544 1825 quo
2582 1750 2698 1820 est,
2734 1740 2812 1809 et
2847 1761 2973 1826 quo
3046 1752 3161 1820 ese,
3206 1760 3304 1811 ex
3355 1761 3532 1813 esse

1985 1849 2066 1919 et
2108 1850 2493 1933 essentia,
2560 1855 2933 1946 sequitur
3004 1856 3209 1946 quod
3268 1857 3531 1930 omnis

1988 1968 2391 2038 creaturae
2470 1969 2689 2042 actio
2740 1971 3207 2043 necessario
3269 1972 3375 2046 sit
3456 1974 3534 2046 in

1990 2079 2266 2174 aliquo
2311 2089 2664 2178 recepta,
2710 2107 2804 2159 ac
2835 2107 2983 2180 per
3023 2087 3172 2161 hoc
3232 2087 3534 2181 aliquid

1991 2203 2580 2294 praesupponit.

2085 2318 2365 2392 Tertio
2399 2320 2514 2392 sic
2547 2321 2932 2413 arguitur
2965 2349 2980 2393 ε
3032 2344 3214 2396 cum
3251 2325 3357 2397 sit
3398 2326 3537 2398 du-
3689 2375 3738 2425 9·

1996 2435 2182 2528 plex
2283 2438 2675 2531 potentia,
2777 2437 3087 2513 scilicet
3175 2442 3540 2533 potentia
3594 2439 3853 2488 ''0'02‘50

1996 2553 2317 2645 agentis
2365 2559 2446 2630 et
2492 2555 2884 2637 materiae,
2923 2561 3004 2631 ct
3056 2577 3292 2629 omnc
3334 2560 3538 2649 quod
3581 2501 3869 2625 affige,

3595 2628 3859 2676 materiae.

1993 2670 2085 2743 de
2126 2690 2288 2744 non
2319 2693 2499 2744 esse
2540 2672 2635 2744 ad
2693 2692 2870 2745 esse
2926 2677 3112 2747 actu
3178 2675 3540 2767 produci-

1993 2789 2159 2869 tur,
2222 2789 2453 2881 prius
2488 2788 2639 2862 fuit
2701 2788 2779 2861 in
2851 2791 3218 2882 potentia
3296 2812 3536 2883 quam

1993 2903 2076 2975 in
2135 2909 2348 2987 actu,
2393 2925 2680 2978 eorum
2742 2927 2917 2997 quae
2981 2906 3540 2999 producuntur

1989 3020 2082 3093 de
2121 3040 2284 3092 non
2343 3044 2521 3094 esse
2564 3023 2659 3095 ad
2717 3043 2919 3103 esse,
2984 3024 3346 3114 quaedam
3411 3045 3537 3096 so-

1988 3135 2158 3211 lum
2202 3144 2390 3215 sunt
2424 3140 2502 3213 in
2544 3141 2911 3234 potentia
2968 3142 3313 3231 agentis,
3352 3160 3539 3233 qua—

1990 3254 2101 3327 lia
2161 3260 2348 3330 sunt
2417 3262 2738 3340 creata,
2828 3259 3189 3351 quaedam
3229 3259 3338 3331 in
3402 3280 3536 3350 po—

1990 3373 2248 3448 tentia
2289 3373 2607 3466 agentis
2679 3378 2759 3447 et
2801 3375 3195 3456 materiae,
3252 3378 3339 3446 ut
3400 3395 3534 3466 ge-

1986 3495 2322 3571 nerata;
2362 3511 2535 3584 quae
2576 3494 2849 3563 autem
2894 3494 3079 3563 sunt
3117 3492 3197 3564 in
3249 3496 3530 3584 poten·
3563 3515 3880 3567 solmam

1986 3608 2105 3681 tia
2167 3605 2534 3679 materiae
2603 3610 2683 3680 et
2725 3607 3069 3698 agentis,
3136 3627 3296 3679 non
3341 3627 3526 3699 pro·
3551 3587 3877 3713 ξῖξιξᾏῖἒῖθ

1987 3723 2274 3797 cedunt
2319 3723 2417 3795 ab
2458 3728 2748 3813 agente
2792 3729 3179 3815 tanquam
3250 3740 3296 3791 a
3355 3725 3527 3795 tota
3557 3702 3878 3830 {Zss'cjffjj‘ffij

1986 3858 2285 3914 causa:
2335 3863 2569 3916 omne
2607 3840 2862 3931 igitur
2923 3841 3129 3931 quod
3196 3844 3533 3914 creatur
3677 3843 3775 3877 ”ae-

1986 3956 2353 4050 procedit
2431 3976 2477 4028 a
2528 3959 2905 4030 creatore
3012 3960 3404 4047 tanquam
3484 3973 3530 4025 a

1985 4085 2165 4156 tota
2269 4102 2543 4163 causa,
2624 4082 2756 4153 scd
2835 4080 3340 4174 impossibile
3412 4083 3534 4151 est

1986 4208 2196 4300 quod
2280 4207 2556 4298 aliqua
2644 4211 3030 4280 creatura
3137 4206 3241 4278 sit
3360 4209 3537 4278 tota

1985 4353 2235 4407 causa
2328 4332 2676 4425 alicujus
2782 4332 3151 4405 entitatis
3287 4331 3536 4405 etiam

1988 4455 2378 4534 minimae;
2452 4473 2651 4544 ergo
2697 4453 3199 4545 impossibile
3232 4459 3356 4528 est
3397 4455 3537 4527 ali-

1988 4607 2231 4682 quam
2301 4589 2774 4659 creaturam
2844 4582 3145 4675 aliquid
3215 4604 3526 4656 creare.

1988 4715 2263 4788 Minor
2304 4710 2419 4784 sic
2486 4710 2988 4789 declaratur,
3029 4709 3215 4800 quia
3268 4707 3529 4782 omnis

1988 4862 2262 4922 causa,
2302 4858 2476 4930 quae
2510 4839 2632 4908 cst
2666 4839 2843 4908 tota
2877 4856 3126 4908 causa
3166 4836 3524 4918 effectus,

1990 4963 2262 5056 seipsa
2328 4961 2609 5052 agitet
2645 4964 2988 5052 propter
3030 4959 3407 5052 seipsam,
3453 4963 3531 5032 et

1988 5095 2115 5164 est
2160 5086 2489 5160 omnino
2560 5086 3090 5177 independens
3156 5087 3255 5158 ab
3316 5084 3532 5158 omni

1989 5217 2154 5289 alia
2213 5233 2485 5293 causa,
2589 5211 2794 5303 quod
2856 5215 3255 5304 repugnat
3319 5212 3534 5283 omni

1988 5347 2421 5422 creaturae,
2460 5338 2689 5428 cujus
2724 5358 2901 5408 csse
2933 5338 3378 5429 dependens
3414 5344 3537 5412 est

1989 5471 2089 5544 ab
2139 5469 2326 5549 alio,
2363 5486 2506 5537 noc
2536 5462 2892 5534 nobilior
2924 5466 3044 5534 cst
3083 5462 3160 5534 in
3231 5465 3536 5553 agendo

1989 5616 2232 5691 quam
2344 5592 2422 5664 in
2501 5591 2888 5668 csson‹10;
2963 5589 3184 5661 solus
3285 5590 3538 5678 igitur

3345 5727 3409 5777 22
