4252 6393
636 456 757 524 756

1814 427 1916 501 nn
1962 434 2203 498 ptumo
2249 423 2641 493 PRlthPIO

626 619 1058 713 ponantur,
1111 612 1411 685 natura
1465 602 1839 699 proxima
1885 598 2171 693 primae
2287 592 2583 662 essentia.²
2618 598 2894 678 propter
2934 583 3362 668 infinitatem,
3399 570 3573 665 quod
3616 572 3681 639 si
3723 591 3839 637 nec

623 758 781 810 non
840 733 1078 806 habet
1157 728 1482 800 unicum
1568 719 1956 798 ordinem,
2033 716 2175 786 aut
2287 714 2534 793 attam,
2569 710 2781 796 iqitur
2818 706 2926 771 hic
2956 705 3131 769 Deus
3159 709 3251 765 est
3277 717 3497 785 perse
3525 693 3836 766 existe-ns,

625 852 948 925 unicam
979 841 1612 940 dependentiam‚
1668 835 2037 913 sedduaS‚
2077 829 2175 902 si-

2298 831 2448 896 licet
2477 848 2611 894 non
2642 818 3316 891 incommunicabilis.
3362 813 3657 879 Instatur
3696 826 3844 873 con-

624 974 760 1044 cut
828 969 1013 1038 sunt
1082 965 1236 1035 (luo
1297 955 1630 1032 termini
1699 954 1789 1021 ad
1840 972 2050 1040 quem,
2098 951 2179 1019 et
2291 957 2399 1013 tra
2432 942 2826 1025 semendum3
2863 939 3075 1025 iqitur
3113 931 3541 1001 animalitate
3584 945 3721 991 non
3758 931 3849 987 est

629 1087 744 1160 ita
816 1085 909 1158 de
970 1078 1323 1174 qualibet
1392 1077 1688 1147 natura
1757 1062 2176 1145 inferi01¹i3

626 1220 828 1293 ergo
898 1199 1013 1272 sic
1076 1199 1157 1270 in
1233 1193 1615 1267 universo
1676 1190 1856 1261 toto
1937 1184 2181 1256 erunt

632 1321 785 1393 duo
831 1317 1150 1391 ordines
1195 1310 1463 1406 primi,
1522 1309 1601 1381 et
1646 1306 1761 1379 ita
1811 1305 1965 1377 duo
2011 1298 2187 1371 uni-

633 1455 878 1509 versa.
916 1458 931 1516 ;
974 1433 1100 1505 vel
1142 1433 1463 1503 tanturn
1510 1425 1603 1497 ad
1645 1439 1894 1495 unum
1934 1439 2191 1486 necesse

640 1579 772 1624 esse
793 1551 953 1626 erit
990 1550 1208 1630 ordo,
1246 1547 1325 1618 et
1359 1544 1455 1616 ad
1487 1540 1702 1614 aliud
1728 1555 1912 1608 non.
1955 1535 2184 1610 Item,

644 1671 833 1765 quia
883 1668 1206 1770 ratione
1274 1656 1637 1734 naturali
1693 1648 2192 1727 naturaliter

645 1787 1170 1884 procedendo,
1226 1781 1428 1855 nihil
1475 1778 1800 1852 videtur
1838 1792 2017 1846 esse
2059 1789 2191 1862 po-

645 1907 988 1980 nendum
1067 1901 1148 1973 in
1224 1896 1637 1975 universo,
1726 1887 1886 1963 nisi
1962 1884 2193 1978 cujus

648 2023 989 2116 apparet
1032 2014 1508 2096 necessitaS,
1551 2009 1679 2083 vel
1721 2006 1952 2098 cujus
2001 2001 2198 2075 enti-

651 2145 905 2216 tatem
941 2133 1290 2211 ostendit
1323 2128 1620 2222 aliquis
1664 2125 1860 2198 ordo
1898 2122 1990 2194 ad
2034 2117 2199 2192 alia

652 2248 1081 2326 manifeste
1148 2246 1391 2328 entia,
1468 2242 1654 2336 quia
1735 2238 1976 2333 plura
2040 2255 2201 2308 non

655 2370 842 2443 sunt
906 2363 1268 2460 ponenda
1329 2361 1499 2433 sine
1558 2353 2073 2433 necessitate,
2121 2374 2205 2418 ex

655 2491 720 2561 1.
785 2488 1251 2574 Phys-ieorum,
1316 2492 1475 2548 teoet.
1537 2499 1702 2544 com.
1775 2474 1886 2546 50.
1950 2490 2207 2537 necesse

658 2626 792 2672 esse
844 2599 1297 2673 ostenditur
1354 2595 1437 2666 in
1506 2590 1889 2663 universo
1947 2605 2046 2658 ex
2089 2583 2207 2656 in-

662 2716 1098 2798 causabili;
1153 2717 1231 2787 et
1294 2711 1487 2784 illud
1537 2729 1637 2782 ex
1697 2705 1964 2800 primo
2025 2719 2209 2775 cau-

664 2837 919 2915 sante,
993 2835 1072 2904 et
1129 2829 1323 2901 illud
1378 2848 1477 2900 ex
1536 2819 1923 2900 causatis,
1985 2817 2210 2889 nulla

665 2947 1111 3024 necessitas
1198 2946 1536 3038 apparet
1634 2959 1732 3011 ex
1816 2931 2206 3012 causatis,

668 3068 942 3161 plures
983 3066 1326 3163 naturas
1388 3058 1696 3152 primas
1748 3053 2208 3129 causantes,

667 3185 827 3260 imo
873 3187 998 3257 est
1049 3173 1573 3270 impossibile,
1612 3175 1697 3246 ut
1743 3167 2215 3242 ostendetur

667 3299 916 3379 infra,
1006 3291 1526 3368 conclusione
1618 3284 2217 3378 decimaquinta

667 3419 909 3510 hujus
988 3411 1216 3488 tertii
1302 3406 1681 3501 capituli3
1772 3423 1972 3493 crgo
2072 3420 2216 3471 nec

669 3555 996 3608 neccsse
1029 3536 1153 3603 cst
1184 3548 1480 3622 ponere
1520 3525 1751 3619 plura
1785 3520 2217 3593 secundum

673 3658 1058 3725 naturam
1124 3644 1571 3723 incausata,
1626 3639 1752 3711 vel
1815 3639 2052 3731 plura
2109 3658 2222 3703 nc-

677 3796 847 3842 eesse
884 3794 1040 3853 esse,
1097 3767 1268 3840 ideo
1323 3759 1846 3836 rationaliter
1894 3776 2053 3830 non
2087 3775 2223 3848 po-

678 3892 1012 3964 nuntur.

772 4009 1064 4075 Instatur
1110 4004 1192 4069 de
1234 4000 1539 4089 personis
1602 3997 1879 4073 (livinis,
1943 4013 2224 4080 quarum

379 4103 609 4156 A‘¹‘¹¹²¹⁰·
680 4124 872 4191 nulla
930 4124 1154 4209 primo
1211 4128 1303 4184 est
1358 4137 1616 4183 neeesse
1680 4134 1814 4179 esse
1868 4109 2219 4176 relatione.

682 4238 1087 4328 RespondeO,
1109 4235 1347 4301 relatio
1369 4230 1612 4298 secund
1619 4251 1724 4294 um
1743 4227 2094 4314 propriam
2120 4245 2226 4289 ra-

683 4359 928 4423 tione-m
967 4374 1098 4420 non
1138 4363 1229 4418 est
1255 4349 1618 4438 perfectior
1647 4344 2002 4411 actualitas
2031 4359 2228 4427 quam

681 4473 965 4540 essentia
1007 4467 1329 4544 absoluta,
1368 4468 1535 4530 simet
1575 4471 1827 4549 oportet
1871 4478 2118 4545 ponere
2149 4453 2230 4520 de

683 4589 809 4656 illa
864 4589 1196 4663 realitate,
1253 4581 1429 4647 uude
1485 4581 1773 4645 sumitur
1837 4572 2231 4661 differentia

682 4704 991 4793 specifica
1022 4710 1316 4786 respectu
1345 4696 1700 4773 realitatis,
1736 4691 1914 4757 uncle
1941 4690 2233 4755 sumitur

683 4842 911 4910 gyenus.
947 4817 1279 4884 Similiter
1308 4812 1525 4900 quoad
1545 4808 1900 4877 seeundum
1935 4806 2226 4881 illatum,

683 4942 746 5006 si
777 4960 903 5027 per
951 4954 1289 5002 commune
1339 4940 1431 4997 est
1469 4948 1724 4994 necesse
1763 4945 1920 5003 esse,
1974 4931 2232 5009 oportet

686 5054 860 5145 quod
891 5073 1026 5120 non
1054 5052 1264 5117 aliam
1294 5047 1670 5113 realitatem
1717 5042 2017 5128 requirat
2059 5035 2232 5104 illud

686 5191 1025 5239 commune
1071 5166 1162 5233 ati
1210 5162 1579 5241 essentium,
1640 5159 1876 5238 aliam,
1929 5158 2227 5241 inquam,

687 5286 1304 5377 quomodocumque,
1351 5282 1448 5345 ita
1495 5276 1667 5364 quod
1724 5275 1936 5358 faciat
1976 5292 2234 5358 compo-

685 5409 995 5474 sitionem
1068 5424 1212 5469 eum
1279 5408 1524 5465 natura
1610 5392 1943 5458 communi
2020 5412 2041 5451 .·
2119 5389 2235 5455 secl

688 5523 898 5589 aliam
934 5521 1225 5605 sormam
1275 5511 1569 5579 eamdem
1626 5507 2070 5574 essentialiter
2121 5527 2234 5591 po-

693 5650 810 5707 test
865 5636 1228 5724 requirere,
1290 5653 1434 5718 quse
1498 5628 1748 5694 seilicet
1833 5636 1924 5689 est
2005 5622 2234 5689 eadem

2291 1064 2483 1130 homo
2520 1060 2743 1147 primo
2781 1053 3065 1130 animal,
3121 1049 3281 1138 quia
3323 1055 3462 1134 eqet
3492 1038 3845 1109 rationali.

2300 1176 2357 1240 E
2365 1173 2717 1241 vaderetur
2745 1190 2869 1256 per
2908 1164 3337 1231 existentiam
3373 1154 3737 1225 seeundum
3767 1161 3847 1227 te,

2296 1291 2473 1357 nihil
2510 1288 2708 1355 valet.
2738 1285 2889 1351 [cleo
2906 1282 3107 1348 aliter
3124 1275 3484 1364 respondeo
3542 1271 3853 1358 indepen-

2298 1409 2458 1473 ‹lens
2488 1406 2561 1470 in
2581 1420 2760 1472 6886
2778 1397 3263 1488 ρενῘεειίεείηιο
3292 1392 3420 1458 sibi
3446 1387 3755 1477 possibili
3773 1406 3854 1450 ea:-

2296 1522 2580 1611 propria
2612 1520 2875 1585 ratione
2890 1513 3198 1601 formali,
3223 1530 3340 1575 nec
3358 1504 3732 1572 necessario
3753 1521 3851 1566 re-

2302 1641 2573 1727 quirens
2604 1633 2796 1702 aliud
2827 1631 2917 1698 ad
2949 1630 3079 1696 tale
3101 1644 3281 1696 6886
3316 1646 3400 1690 ea:
3420 1623 3685 1689 ratione
3702 1637 3854 1704 pro-

2298 1758 2460 1844 pria
2476 1764 2568 1820 est
2588 1754 2661 1818 in
2684 1750 2809 1817 tali
2839 1765 3041 1825 6886,
3071 1743 3361 1832 qualibet
3389 1739 3529 1805 alia
3547 1735 3856 1802 realitate

2305 1870 2837 1956 circumscripta,
2896 1877 2955 1931 et
2998 1863 3145 1929 icleo
3200 1853 3666 1933 indivisibilis,
3700 1850 3855 1937 quia

2309 1996 2686 2075 expectaret
2745 1982 3142 2049 contrahens
3196 1975 3286 2041 ad
3335 1990 3513 2044 6886
3549 1995 3562 2037 :
3597 1967 3715 2034 sed
3753 1965 3857 2034 de-

2306 2104 2603 2192 pendens
2632 2123 2769 2168 non
2818 2099 2915 2165 sie
2952 2106 3044 2160 est
3088 2115 3172 2159 eoe
3208 2113 3298 2170 se,
3345 2111 3462 2156 nec
3489 2084 3859 2153 necessario

2308 2221 2510 2289 simul
2556 2219 2925 2306 requirens.
2959 2213 3175 2279 Genus
3205 2205 3530 2294 dependet
3559 2225 3600 2268 a
3656 2201 3859 2286 diffe-

2313 2340 2535 2406 rentia
2567 2345 2886 2425 quantum
2932 2329 3022 2395 ad
3069 2328 3202 2394 tale
3232 2342 3434 2401 6886,
3488 2331 3555 2387 ut
3594 2322 3863 2405 effectus

2314 2455 2669 2523 ordinatus
2709 2452 2824 2539 qui
2860 2447 3188 2537 posterius
3231 2441 3651 2530 producitur,
3706 2437 3864 2523 quia

2317 2595 2453 2639 non
2489 2570 2679 2638 habet
2732 2564 3291 2654 perfectissimum
3343 2576 3547 2634 6886,
3607 2552 3869 2641 simpli-

2318 2691 2484 2755 citer
2539 2687 2665 2753 sibi
2720 2683 3031 2771 possibile
3071 2679 3207 2745 nisi
3249 2680 3323 2742 in
3364 2673 3618 2761 Specie,
3682 2672 3872 2756 cujus

2321 2817 2412 2871 est
2437 2826 2600 2892 pars
2642 2828 2666 2882 ,·
2710 2803 2783 2866 in
2829 2798 3100 2864 essendo
3130 2805 3349 2860 autem
3374 2809 3537 2878 pars
3575 2785 3864 2874 Speciei‚

2319 2920 2648 3009 posterius
2721 2924 3063 2980 causatum
3136 2921 3195 2975 et
3262 2904 3547 2971 materia
3616 2902 3869 2986 forma,

2322 3047 2438 3102 aut
2476 3034 2699 3114 sinml,
2737 3052 2871 3098 non
2901 3039 3120 3094 autem
3162 3025 3375 3112 prius.

2817 3223 3203 3283 SCHOLIUM
3280 3220 3380 3276 111.

2401 3382 2577 3438 Ponit
2606 3381 2872 3451 quatuor
2891 3374 3321 3433 conclusiones
3361 3369 3437 3427 de
3459 3368 3601 3436 fine,
3634 3366 3880 3423 similes

2328 3483 2597 3554 quatuor
2645 3475 2865 3549 primis
2912 3469 3421 3529 conclusionibus
3451 3468 3528 3524 de
3569 3466 3879 3522 effective.

2334 3578 2562 3644 Prima,
2618 3576 2768 3631 clari
2822 3573 3081 3644 alt'quod
3127 3570 3478 3640 finitivum,
3537 3580 3614 3621 ex
3670 3563 3883 3635 prima

2332 3676 2542 3746 hujus,
2601 3669 2904 3738 Secunda,
2953 3670 3117 3724 illud
3155 3679 3278 3722 esse
3331 3662 3698 3732 simpliciter
3742 3660 3885 3727 pra·-

2333 3788 2531 3844 mum,
2582 3786 2657 3827 ex
2706 3770 2988 3840 quinque
3037 3763 3389 3822 rationibus
3436 3761 3655 3833 positis
3703 3773 3764 3814 n.
3825 3756 3883 3813 3.

2333 3872 2566 3941 Tertia,
2599 3872 2764 3926 illud
2792 3882 2915 3923 esse
2941 3864 3348 3929 incausabite,
3388 3875 3463 3916 ex
3494 3861 3713 3931 quarta
3742 3868 3883 3925 cap.

2336 3969 2617 4036 secundi,
2659 3972 2719 4024 et
2758 3966 2946 4023 tertia
2994 3963 3205 4033 hujus.
3256 3962 3505 4027 Quarta,
3546 3959 3707 4013 illud
3733 3960 3891 4011 actu

2332 4072 2609 4136 ewistere,
2642 4083 2715 4123 ex
2746 4067 2802 4123 4.
2835 4065 3043 4134 hujus,
3081 4060 3278 4117 Habes
3309 4062 3493 4117 totam
3523 4057 3797 4113 litteram
3830 4054 3885 4109 1.

2336 4170 2479 4226 dist.
2502 4173 2555 4224 2.
2580 4166 2866 4239 quaest.2.
2890 4167 3007 4219 art.
3028 4162 3075 4217 1.
3109 4162 3381 4227 §.Juxta
3409 4162 3554 4225 tre-³,
3586 4167 3752 4211 num.
3792 4153 3885 4209 17.

2337 4270 2489 4328 Vide
2521 4268 2606 4325 ibi
2640 4265 2988 4330 Lichetum,
3018 4261 3432 4324 Tartaretum,
3467 4255 3789 4324 Bai-giam,
3823 4255 3892 4307 et

2338 4367 2511 4423 alios.
2538 4364 2714 4420 Ponit
2734 4362 2890 4417 alias
2909 4360 3175 4430 quatuor
3194 4353 3430 4411 similes
3458 4349 3893 4407 conclusiones

2339 4465 2413 4522 de
2435 4462 2654 4520 ordine
2676 4457 3054 4523 eminentiae,
3087 4454 3312 4522 clarae,
3350 4449 3428 4507 de
3449 4447 3677 4520 quibus
3696 4448 3894 4503 etiam

2341 4562 2450 4629 ibi,
2489 4566 2544 4628 §-
2580 4558 3091 4615 conclusionibus
3130 4553 3346 4617 tribu-3,
3379 4562 3553 4605 num.
3589 4546 3675 4602 18.
3711 4541 3897 4599 addit

2341 4660 2528 4716 aliam
2578 4654 3038 4715 conclusionem
3080 4664 3221 4722 quae
3276 4651 3369 4705 est
3406 4641 3900 4715 decimaquinta,

2342 4772 2526 4829 quain
2576 4756 2755 4813 vocat
2803 4752 3073 4809 fructum
3122 4748 3313 4818 huJus
3358 4745 3583 4815 capitis
3618 4741 3760 4813 (qui
3814 4737 3905 4796 ad.

2342 4859 2500 4914 hanc
2530 4848 2970 4912 ostendendam
3000 4852 3239 4905 caeterae
3270 4844 3484 4917 positae
3523 4842 3687 4908 sunt)
3726 4839 3914 4896 scili-

2341 4958 2456 5022 cet,
2482 4952 2799 5024 triplicem
2848 4949 3008 5006 hanc
3048 4946 3458 5018 primitatem,
3512 4939 3910 5006 efficientia),

2345 5054 2486 5109 finis
2516 5057 2575 5108 et
2603 5049 2984 5113 eminentiae,
3029 5046 3136 5101 uni
3175 5047 3417 5100 tantum
3467 5043 3715 5097 naturae
3744 5051 3915 5094 con-

2345 5152 2564 5207 venire
2595 5168 2610 5221 3
2645 5149 2776 5205 haec
2807 5149 3049 5203 constat
3095 5158 3171 5200 ex
3223 5141 3584 5213 probatione
3638 5134 3921 5195 conclu-

2342 5246 2536 5303 sionis
2558 5247 2767 5309 sextae,
2800 5245 2862 5298 et
2888 5238 3179 5296 omnibus
3227 5235 3587 5308 praemissis,
3641 5234 3720 5287 De
3766 5246 3910 5303 quo

2346 5347 2394 5402 1.
2435 5343 2496 5400 d.
2528 5346 2583 5398 2.
2617 5358 2677 5413 q.
2719 5345 2774 5397 2.
2807 5343 2927 5397 art.
2960 5341 3016 5395 2.
3051 5351 3219 5393 num.
3279 5334 3371 5390 18.

2432 5498 2681 5569 Juxta
2723 5495 3074 5586 quatuor
3132 5484 3692 5561 conclusiones
3732 5482 3927 5574 pri-

2348 5633 2518 5686 mas
2586 5611 2827 5705 hujus
2910 5602 3252 5699 capituli
3328 5602 3420 5673 de
3487 5596 3903 5682 effective,
