4252 6393
1747 342 2109 418 QUAEs'rlo
2158 344 2263 411 XV
2302 407 2308 412 .

384 503 716 576 tendunt
744 503 971 595 ipsas
1003 502 1473 595 producere,
1510 505 1591 575 et
1615 506 1807 574 natu
1823 521 1945 572 ra-

381 616 570 690 liter
637 623 923 709 agunt.
1001 616 1400 690 Similiter
1461 616 1663 698 dico,
1738 615 1944 708 quod

381 737 578 808 fiunt
613 735 1125 809 naturaliter
1162 755 1261 806 ex
1324 738 1560 827 parte
1619 732 1943 805 exhala-

381 852 655 932 tionis,
714 856 1113 943 quantum
1170 854 1296 922 est
1336 871 1435 921 ex
1487 849 1943 923 inclinatio·

379 990 474 1045 ne
503 968 1143 1061 dispositionum
1167 966 1673 1040 naturalium
1705 964 1942 1037 exha-

384 1086 743 1166 lationis,
792 1086 928 1158 sed
949 1084 1356 1158 violenter
1398 1088 1790 1175 quantum
1820 1087 1944 1155 est

380 1225 474 1277 ex
502 1201 1040 1276 inclinatione
1062 1200 1349 1274 formae
1377 1198 1942 1273 substantialis

381 1318 965 1399 exhalationis,
1024 1316 1236 1391 sicut
1268 1316 1669 1398 caliditaS,
1717 1315 1942 1388 sicci-

381 1441 527 1524 tas,
556 1433 1112 1514 unctuositas,
1154 1432 1717 1512 inflammatio,
1767 1453 1941 1523 quae

380 1557 565 1627 sunt
608 1551 1197 1646 dispositiones
1254 1550 1942 1645 propinquissime

376 1671 869 1744 inclinantes
904 1670 1000 1742 ad
1034 1669 1647 1761 generationem
1693 1669 1940 1760 ignis.

377 1793 641 1863 Causa
718 1787 1069 1869 secundi,
1137 1788 1325 1879 quia
1386 1787 1610 1860 nulla
1672 1786 1943 1859 forma

381 1905 834 1979 inclinatur
900 1904 1403 1988 naturaliter
1444 1905 1540 1976 ad
1581 1904 1706 1976 sni
1765 1925 1940 1977 cor-

386 2022 881 2115 ruptionem,

112 2140 173 2188 Μ
218 2141 364 2191 Μίθ-
471 2139 585 2211 Ad
622 2143 1145 2230 argumenta.
1184 2138 1295 2211 Ad
1336 2138 1715 2231 primum,
1760 2137 1937 2211 dico

186 2218 276 2255 ”35-

116 4137 286 4194 Dubium
316 4144 361 4196 2.

384 2258 583 2350 quod
629 2255 847 2349 ignis
896 2256 1095 2332 bene
1146 2259 1493 2348 potestg
1452 2254 1830 2328 ‘rener’aii
1893 2275 1939 2325 a.

378 2375 679 2466 frigido
799 2371 1460 2453 occasionaliter,
1559 2393 1653 2444 eo
1732 2371 1938 2463 quod

380 2490 796 2578 frigiditas
840 2492 1109 2583 potest
1141 2510 1317 2560 esse
1352 2486 1673 2560 occasio
1708 2508 1938 2577 gene-

382 2606 733 2683 rationis
766 2606 1099 2689 caloris,
1170 2606 1296 2678 vel
1351 2610 1646 2686 motus,
1693 2625 1937 2696 quam

379 2725 921 2817 consequitur
955 2723 1190 2816 ignis.

466 2843 582 2915 Ad
681 2842 1147 2922 secundum,
1229 2860 1716 2912 concessum
1784 2838 1937 2913 fuit

378 2961 583 3034 alias
667 2960 877 3052 quod
952 2958 1263 3032 modico
1332 2957 1607 3030 calore
1669 2961 1937 3049 potest

382 3075 716 3169 produci
762 3073 1001 3165 ignis,
1037 3074 1223 3145 dum
1267 3077 1541 3147 tamen
1586 3070 1937 3145 materia

376 3193 628 3267 fuerit
720 3192 799 3264 in
867 3190 1401 3284 dispositione
1485 3189 1938 3283 propinqua

376 3316 774 3405 quantum
844 3310 938 3381 ad
999 3308 1204 3381 alias
1259 3307 1728 3399 qualitates,
1804 3307 1936 3379 sed

376 3434 660 3520 postea
742 3427 955 3519 ignis
1059 3425 1502 3519 productus
1599 3425 1939 3499 intendit

376 3568 615 3619 suum
667 3545 1032 3619 calorem
1073 3543 1503 3637 proprium
1548 3564 1800 3635 usque
1842 3544 1937 3615 ad

378 3665 748 3756 gradum,
788 3684 1025 3754 quem
1069 3662 1328 3753 exigit
1372 3660 1452 3733 in
1505 3681 1652 3732 sua
1710 3665 1936 3734 natu·

380 3782 532 3854 rali
598 3780 1135 3874 dispositione
1195 3780 1289 3850 ad
1368 3778 1715 3860 modum,
1779 3799 1935 3870 quo

380 3919 589 3992 aqna
670 3897 978 3972 alterat
1042 3919 1127 3969 se
1214 3895 1308 3967 ad
1394 3893 1935 3985 frigiditatem

382 4036 565 4088 cum
598 4014 852 4088 fuerit
886 4012 1311 4086 calefacta.

473 4132 836 4206 Secundo
867 4130 1312 4212 dubitatur,
1371 4151 1624 4223 quare
1675 4129 1935 4203 stellae

386 4252 762 4327 cadentes
796 4254 1232 4324 moventur
1260 4249 1642 4324 localiter
1672 4254 1706 4320 ⁴?
1742 4251 1935 4322 Res·

388 4367 673 4459 pondet
753 4366 1242 4441 Aristoteles
1304 4367 1512 4461 quod
1580 4365 1732 4439 hoc
1811 4370 1935 4440 est

387 4504 530 4576 pro
562 4488 823 4565 tanto,
873 4483 1062 4575 quia
1114 4483 1354 4558 stella
1390 4482 1529 4557 illa
1579 4503 1764 4556 cum
1826 4483 1937 4558 sit

388 4600 606 4683 levis,
686 4600 1131 4675 inclinatur
1208 4602 1304 4673 ad
1373 4621 1728 4683 sursum,
1802 4601 1933 4674 sed

390 4738 526 4809 per
605 4717 1152 4809 frigiditatem
1214 4717 1491 4790 mediae
1569 4716 1932 4809 regionis

391 4835 878 4930 propellitur
960 4836 1385 4908 deorsum:
1477 4836 1707 4910 modo
1788 4857 1934 4929 per

391 4946 580 5024 istas
634 4948 1211 5024 inclinationes
1264 4951 1730 5025 contrarias
1773 4971 1932 5023 non

390 5067 472 5140 fit
513 5071 787 5141 motus
821 5067 1262 5139 secundum
1330 5066 1688 5158 aliquam
1741 5066 1933 5140 ista-

393 5203 563 5257 rum
596 5182 1001 5265 totaliter,
1058 5183 1190 5255 sed
1236 5183 1492 5255 medio
1524 5183 1758 5255 modo
1819 5184 1930 5255 in—

394 5300 780 5392 teripsas.
819 5298 1086 5372 Aliter
1116 5298 1331 5371 forte
1363 5297 1686 5382 dicitur,
1725 5300 1931 5391 quod

391 5414 683 5488 directe
767 5414 1176 5487 descendit
1259 5416 1663 5496 deorsum,
1756 5418 1928 5488 tum

396 5535 721 5623 apparet
756 5530 875 5602 sic
918 5530 1381 5605 lateraliter
1420 5530 1925 5616 descendere,

3519 340 3599 402 79

2058 500 2125 572 si
2167 499 2418 574 fuerit
2450 500 2666 582 alibi,
2722 519 2961 593 quam
3015 519 3266 592 supra
3332 496 3600 571 zenith

2056 617 2355 711 capitis
2388 619 2678 692 nostri.

2145 735 2423 808 Tertio
2517 734 2960 815 dubitatur,
3051 737 3331 810 utrum
3412 732 3604 806 talis
3631 745 3865 797 onasum
3893 746 3949 802 3.

2058 850 2622 933 inflammatio,
2667 871 2806 923 seu
2834 850 3211 944 quaelibet
3237 850 3429 925 talis
3464 849 3605 922 im-

2058 967 2376 1060 pressio
2444 967 2965 1040 combureret
3035 986 3393 1049 manum,
3475 966 3602 1037 vel

2056 1085 2361 1177 aliquid
2383 1084 2947 1181 combustibile
2978 1091 3013 1155 ¹?
3042 1084 3611 1178 Respondetur
3636 1102 3948 1167 Responsio.

2056 1205 2264 1295 qnod
2307 1202 2421 1275 sic
2472 1204 2563 1276 de
2623 1203 2747 1285 iis,
2786 1224 2961 1295 quae
2997 1207 3186 1277 sunt
3250 1201 3330 1274 in
3381 1223 3607 1295 supe-

2058 1320 2290 1403 riori,
2335 1320 2464 1393 vel
2496 1321 2810 1404 mediat*
2841 1320 3177 1412 regione
3219 1318 3487 1401 aeris,-
3528 1324 3608 1394 et
3721 1387 3728 1394 .

2058 1437 2173 1510 sic
2214 1438 2306 1534 de
2367 1437 2531 1510 illis
2574 1425 2754 1530 quae
2807 1442 2994 1511 sunt
3055 1437 3136 1510 in
3196 1436 3608 1530 superiori

2060 1558 2291 1647 parte
2370 1554 2789 1627 inferioris
2854 1555 3239 1648 regionis,
3310 1555 3443 1627 sed
3518 1554 3608 1626 (lc

2055 1669 2181 1743 his
2224 1692 2399 1763 quae
2435 1678 2622 1746 sunt
2671 1672 2828 1756 hic,
2869 1672 3100 1765 quasi
3133 1672 3359 1746 circa
3426 1692 3602 1753 nos,

2056 1788 2272 1862 forte
2314 1809 2474 1861 non
2505 1789 3110 1871 comburerent,
3169 1809 3313 1862 nec
3366 1788 3606 1862 senti-

2057 1910 2344 1994 rentur
2418 1907 2738 1980 calores
2823 1927 3135 1989 earum,
3197 1905 3389 1998 quia
3445 1926 3606 1978 non

2051 2028 2177 2096 est
2226 2029 2660 2117 expertum
2696 2026 2901 2117 quod
2937 2025 3259 2118 plantae,
3308 2024 3436 2094 vel
3475 2024 3605 2094 do-

2055 2161 2258 2222 mus,
2295 2140 2421 2213 vel
2456 2141 2728 2233 aliqua
2761 2140 3223 2234 hujusmodi
3258 2140 3603 2214 fuissent

2051 2256 2480 2331 combusta
2525 2279 2670 2350 per
2712 2258 2957 2350 ipsas
3741 2340 3766 2358 ι,

2141 2378 2449 2456 Quarto
2516 2373 2953 2454 dubitatur,
3036 2375 3129 2446 ad
3198 2371 3383 2465 quid
3472 2394 3604 2445 va·
3631 2355 3866 2491 ⁰14⁸!ng
3898 2443 3929 2493 ⁴

2049 2488 2219 2562 lent
2307 2490 2485 2563 istm
2598 2491 3181 2584 impressiones
3295 2489 3598 2581 ignitae,
3939 2481 3953 2496 ‘

2049 2610 2130 2680 et
2173 2607 2268 2678 ad
2300 2627 2534 2698 quem
2571 2608 2809 2679 finem
2847 2606 3374 2681 ordinentur?
3411 2609 3602 2679 Res·
3632 2614 3943 2680 Rammiu-

2054 2724 2455 2815 pendetur
2496 2726 2702 2816 quod
2746 2726 3228 2800 ordinantur
3277 2726 3372 2797 ad
3418 2725 3599 2808 (luo,

2052 2839 2369 2913 scilicet
2445 2842 2539 2913 ad
2621 2842 3236 2931 genera-tionem
3319 2842 3606 2915 mixto-

2053 2977 2236 3028 rum
2278 2957 2859 3049 perfectorum‚
2908 2978 3095 3031 nam
3148 2960 3242 3030 ad
3286 2957 3437 3031 hoc
3485 2979 3609 3029 or-

2048 3072 2441 3148 dinantur
2496 3094 2776 3146 omnes
2829 3073 3392 3155 alterationes,
3450 3096 3613 3146 om-

2053 3214 2199 3264 nes
2279 3191 2646 3265 actiones
2735 3198 2903 3268 tam
2989 3193 3609 3271 elementorum,

2051 3328 2298 3398 quam
2399 3308 2850 3383 mixtorum
2942 3309 3609 3402 inperfectorum.

2052 3426 2439 3508 Secundo,
2506 3427 2952 3518 praevalent
3026 3425 3121 3497 ad
3190 3424 3613 3519 praescien-

2050 3540 2250 3615 tiam
2293 3541 2793 3624 futuro·,1um
2854 3564 3042 3651 nam
3104 3544 3417 3635 quando
3485 3564 3610 3613 su·

2048 3678 2195 3749 per
2236 3657 2595 3749 aliquam
2661 3664 2980 3751 partem
3051 3662 3299 3732 telrae
3365 3678 3606 3751 appa-

2052 3779 2180 3849 ret
2215 3795 2561 3867 magnus
2597 3797 3049 3850 concursus
3083 3776 3441 3849 siderum
3469 3797 3603 3848 vo-

2048 3891 2422 3975 lantinm,
2499 3893 2820 3985 signum
2889 3899 3014 3969 est
3091 3894 3298 3987 quod
3380 3892 3602 3966 venti

2045 4007 2374 4084 venient
2415 4009 2514 4082 ab
2554 4009 2716 4083 ista
2757 4015 3016 4104 parte,
3058 4016 3226 4086 tam
3270 4010 3350 4083 in
3392 4029 3602 4102 aqua

2049 4145 2291 4216 quam
2354 4124 2435 4197 in
2476 4130 2730 4200 terra.
2806 4127 3205 4202 Similiter
3258 4146 3597 4220 magnae,

2046 4246 2128 4315 et
2168 4243 2445 4317 multae
2498 4243 3109 4338 impressiones»,
3157 4244 3573 4318 inflamma

2048 4356 2339 4442 tioneS,
2403 4382 2543 4432 seu
2629 4360 3272 4444 coruscationcS,
3343 4360 3601 4435 stellae

2047 4482 2417 4560 comatae,
2447 4478 2532 4552 et'
2570 4477 2874 4551 similia
2908 4479 3337 4553 ostendunt
3372 4477 3601 4551 sicci-

2046 4598 2287 4676 tates,
2351 4599 2431 4669 et
2494 4595 2961 4670 mortalites
3036 4594 3506 4688 Principum
3578 4618 3596 4666 ε

2044 4714 2125 4783 ot
2158 4710 2354 4785 dicit
2378 4716 2684 4785 Seneca
2721 4714 2806 4783 de
2843 4715 3267 4782 naturalibus
3295 4717 3599 4803 qaeestio-

2042 4830 2259 4911 nibus‚
2309 4830 2517 4921 quod
2596 4828 2910 4901 modica
2949 4828 3280 4902 candela
3321 4850 3596 4902 accen·
3645 4812 3650 4817 ”

2045 4965 2161 5027 sa,
2219 4944 2297 5017 in
2323 4945 2539 5017 malo
2582 4944 2813 5018 navis
2863 4950 2989 5020 est
3032 4945 3353 5038 signum
3389 4967 3601 5018 sere-

2043 5063 2358 5138 nitatis.

2133 5181 2247 5253 Ad
2286 5179 2680 5254 rationes.
2718 5180 2834 5252 Ad
2859 5178 3236 5273 primam,
3280 5181 3597 5270 quiailla
3747 5205 3824 5255 12

2042 5321 2186 5389 qua»
2233 5298 2474 5365 habent
2503 5298 2805 5366 diversas
2832 5300 3380 5387 siqnificationes‚
3435 5299 3589 5368 etc.
3668 5265 3932 5404 agffmh

2042 5413 2415 5504 Negatui
2483 5412 2776 5504 major,
2841 5412 3031 5505 quia
3080 5411 3222 5483 illa
3260 5410 3594 5483 diversi·
3611 5392 3937 5457 ²²⁷‘⁸''⁸⁰‘¹'⁰²⁶·

2043 5533 2172 5603 tas
2198 5528 2822 5617 significationis
2856 5534 3124 5622 potest
3157 5547 3362 5621 prov
3367 5525 3592 5599 enire
