4252 6393
685 415 765 477 98
1864 392 1871 398 ’
1901 409 2044 470 Lm.
2095 410 2138 471 ι.
2187 406 2726 472 ussmououuu

705 571 1323 666 experientiam,
1354 591 1541 644 nam
1568 588 1887 662 semper
1910 590 2113 662 appa
2132 572 2256 640 ret

705 675 894 760 fieri
927 688 1325 760 abiisdem
1360 686 1638 759 astris.
1686 688 1787 758 Et
1820 689 2042 758 tenet
2072 705 2254 757 con-

709 806 1154 896 sequentia,
1184 805 1372 896 quia
1406 803 1541 877 Sol
1576 803 1958 876 continue
1992 802 2255 873 varia-

707 927 846 995 tur
878 928 1268 1014 quantum
1304 922 1401 994 ad
1433 921 1680 994 situm
1710 922 2083 1012 respectu
2110 921 2255 990 Ga-

705 1038 983 1119 laxiae;
1046 1038 1278 1111 modo
1350 1038 1677 1111 variato
1752 1036 2112 1129 speculo,
2161 1034 2256 1106 ad

710 1154 920 1244 quod
983 1152 1522 1242 refrangitur,
1589 1153 1716 1227 vel
1800 1151 2256 1224 reflectitur

707 1269 1006 1359 imago,
1043 1269 1169 1340 vel
1213 1273 1604 1342 causante
1639 1268 2079 1368 imaginem
2117 1289 2256 1340 va-

706 1385 953 1467 riato,
993 1386 1265 1476 imago
1299 1387 1526 1459 debet
1558 1406 1961 1479 apparere
1987 1384 2065 1457 in
2090 1385 2254 1457 alio

706 1503 869 1576 situ
915 1503 1277 1596 speciali,
1360 1505 1573 1578 sicut
1620 1507 1848 1596 patet
1890 1503 1986 1574 ad
2016 1523 2255 1595 expe-

708 1621 1114 1695 rientiam.

798 1739 1185 1820 Secundo,
1236 1739 1423 1832 quia
1464 1739 1554 1811 de
1612 1743 1852 1812 noete
1891 1738 2254 1810 videmus

707 1856 1130 1929 Galaxiam
1174 1856 1253 1928 in
1297 1876 1506 1948 aqua
1557 1857 1977 1948 supposita
2020 1856 2258 1928 Gala-

705 1976 886 2059 xiae,
954 1982 1033 2051 et
1102 1981 1374 2050 tamen
1431 1981 1621 2049 tunc
1687 1997 1844 2049 non
1910 1979 2256 2070 apparet

710 2092 1066 2183 qualiter
1100 2093 1373 2165 radius
1409 2092 1623 2166 Solis
1653 2092 1912 2186 possit
1947 2091 2255 2163 refran-

708 2206 786 2296 gi
825 2208 921 2279 ad
959 2207 1225 2280 visum
1266 2215 1669 2289 nostrum,
1725 2213 1805 2280 et
1865 2230 2114 2301 usque
2158 2209 2255 2281 ad

711 2305 852 2394 illa
884 2328 1138 2396 astra.

386 2443 577 2572 opina
605 2505 654 2556 3·
798 2440 1076 2513 Tertia
1138 2440 1414 2533 opinio
1457 2440 1684 2534 ponit
1728 2441 1934 2532 quod
1976 2461 2258 2512 omnes

704 2556 960 2628 stellae
988 2555 1280 2630 habent
1302 2557 1573 2630 lumen
1593 2558 1683 2629 de
1701 2556 1870 2629 suis
1896 2555 2258 2650 propriis

708 2673 1054 2755 naturis,
1094 2673 1419 2747 sednon
1464 2678 1806 2767 possunt
1849 2674 2117 2746 lumen
2153 2674 2258 2745 is-

714 2793 852 2864 tud
914 2791 1327 2865 dimittere
1373 2796 1725 2885 propter
1762 2792 2256 2865 obfuscatio-

711 2929 893 2981 nem
956 2931 1002 2982 a
1074 2910 1280 2991 Sole,
1328 2910 1485 2982 nisi
1548 2910 1848 3002 aliquid
1905 2915 2259 3004 ponatur

713 3026 929 3100 inter
1015 3025 1235 3119 ipsas
1313 3032 1393 3101 et
1481 3027 1800 3109 Solem3
1871 3027 2103 3099 modo
2163 3027 2255 3099 de

710 3146 972 3226 nocte,
1042 3143 1355 3235 quando
1451 3150 1793 3238 apparet
1887 3142 2253 3226 Galaxia,

712 3261 985 3353 aliqua
1004 3281 1193 3355 pars
1236 3266 1485 3335 terrae
1523 3262 1854 3355 ponitur
1883 3262 2097 3336 inter
2122 3266 2257 3335 So·

711 3376 870 3447 lem
900 3381 980 3451 et
1022 3383 1275 3452 astra.

804 3495 949 3566 Sed
991 3500 1283 3568 contra
1337 3494 1486 3567 hoc
1532 3494 1918 3588 objicitur
1961 3497 2252 3589 primo,

715 3612 901 3703 quia
944 3633 1267 3706 semper
1301 3610 1437 3685 Sol
1472 3612 1770 3706 aspicit
1815 3613 2084 3685 omnia
2128 3635 2257 3685 as-

715 3733 847 3802 tra
896 3729 1099 3811 caeli,
1141 3730 1457 3804 scilicet
1520 3734 1827 3804 octavae
1875 3731 2253 3824 sphaeram

716 3845 970 3937 igitur
1019 3846 1359 3919 Galaxia
1423 3847 1581 3920 ista
1639 3867 1801 3919 non
1865 3851 2257 3920 causatur

715 3963 1347 4056 perpraedictum
1376 3965 1723 4036 modum.
1754 3967 2254 4054 Consequen-

713 4080 823 4152 tia
880 4084 1123 4159 tenet,
1180 4080 1368 4171 quia
1420 4078 1571 4153 hoe
1624 4080 2009 4173 supponit
2069 4100 2255 4172 sup-

714 4193 1015 4285 positio
1045 4194 1208 4267 illa.
1242 4200 1338 4269 Et
1370 4197 1845 4268 antecedens
1881 4202 2249 4289 apparet,

709 4330 896 4382 nam
932 4333 1077 4404 per
1107 4313 1849 4385 demonstrationes
1884 4315 2253 4388 Astrolo-

711 4428 937 4519 gieas
977 4432 1197 4522 patet
1231 4430 1436 4520 quod
1468 4430 1606 4502 Sol
1637 4433 1762 4502 est
1796 4430 2051 4504 multo
2088 4452 2256 4503 ma·-

701 4544 843 4635 jor
919 4565 1156 4637 quam
1231 4548 1481 4618 terra.
1554 4545 1951 4620 Similiter
2026 4551 2254 4640 patet

709 4663 917 4754 quod
979 4662 1261 4733 umbra
1329 4665 1577 4735 terrae
1634 4684 1796 4735 non
1858 4663 2256 4756 pertingit

711 4780 933 4852 ultra
967 4777 1372 4871 sphaeram
1421 4780 1840 4852 Mercurii.

478 4918 556 4997 .5.·
800 4899 1106 4978 Quarta
1145 4894 1418 4989 opinio
1446 4900 1571 4971 est
1598 4896 2092 4990 Philosophi,
2119 4897 2254 4989 qui

390 4984 661 5049 ΟΜΝ·
713 5013 938 5106 ponit
1033 5012 1457 5085 Galaxiam
1535 5034 1713 5085 esse
1807 5015 1897 5084 de
1956 5018 2256 5088 natura

707 5128 1211 5210 elementari,
1265 5150 1409 5222 per
1450 5129 1657 5201 hunc
1684 5130 2031 5212 modum,
2066 5129 2256 5220 quia

710 5246 965 5320 stellze
1030 5245 1213 5326 illae,
1260 5267 1446 5318 eum
1489 5251 1833 5339 apparet
1883 5246 2250 5328 Galaxia,

707 5363 1139 5438 attrahunt
1183 5362 1334 5433 sibi
1386 5361 1990 5435 exhalationem
2062 5364 2257 5435 cali-

705 5485 885 5555 dam
913 5486 993 5555 et
1029 5481 1330 5554 siccam
1362 5480 2045 5564 inflammabilem‚
2079 5505 2256 5575 quse

708 5598 975 5691 posita
1070 5598 1285 5672 inter
1374 5594 1655 5673 stellas
1737 5596 1942 5678 illas,
1998 5603 2078 5673 et
2150 5598 2257 5669 vi-

368 3508 670 3622 Inq‘nqma·

481 3589 566 3624 ur.

2370 587 2545 638 sum
2598 571 3006 647 nostrum,
3063 567 3188 637 vel
3261 585 3402 657 per
3472 563 3918 636 inflamma-

2369 686 2677 758 tionem
2720 684 2818 754 ab
2862 683 3022 754 illis
3068 681 3358 763 stelliS,
3407 679 3534 751 vel
3598 699 3741 772 per
3804 698 3918 748 re-

2371 802 2856 874 fractionem
2911 799 3240 871 luminis
3294 797 3684 890 ipsarum,
3723 792 3920 867 facit

2370 938 2772 1012 apparere
2815 918 3063 990 talem
3114 915 3609 995 claritatem,
3646 916 3727 985 et
3768 912 3915 983 hoc

2371 1056 2517 1128 per
2549 1034 2900 1125 signum,
2949 1033 3138 1124 quia
3179 1032 3540 1105 videmus
3564 1029 3771 1121 quod
3798 1048 3919 1100 ra-

2375 1172 2468 1224 ro
2516 1151 2718 1225 fiunt
2759 1155 3124 1230 cometae,
3173 1171 3269 1221 eo
3316 1147 3523 1240 quod
3568 1145 3919 1218 materia

2370 1270 2579 1344 cedit
2602 1269 2677 1341 in
2702 1267 3379 1361 compositionem
3406 1264 3792 1345 Gaianae,
3821 1284 3919 1334 ex

2372 1409 2526 1481 qua
2562 1391 2902 1480 possunt
2944 1384 3324 1475 generari
3373 1387 3739 1457 cometae.
3788 1386 3921 1454 Se-

2370 1506 2653 1587 cunde,
2683 1502 2870 1595 quia
2898 1524 3048 1575 una
3076 1502 3312 1575 stella
3340 1498 3639 1573 sufficit
3663 1503 3922 1573 attra-

2369 1619 2562 1693 here
2593 1618 3224 1700 exhalationem,
3261 1638 3358 1688 ex
3392 1637 3549 1709 qua
3576 1615 3718 1689 fiat
3752 1619 3921 1690 tan-

2373 1744 2452 1813 ta
2496 1738 2864 1819 claritas,
2901 1737 3024 1808 vel
3059 1734 3367 1817 albedo,
3406 1733 3617 1806 sieut
3642 1731 3920 1804 albedo

2373 1856 2631 1930 stellae
2657 1859 3039 1936 comatae;
3089 1853 3347 1946 igitur
3389 1855 3616 1927 tanta
3655 1849 3922 1923 multi-

2372 1974 2561 2047 tudo
2597 1971 3024 2046 stellarum
3069 1972 3281 2044 sieut
3313 1970 3540 2043 estin
3582 1965 3920 2042 Galaxia

2371 2094 2717 2184 possunt
2742 2089 3439 2163 totexhalationes
3454 2084 3917 2166 extrahere,

2393 2211 2601 2302 quod
2651 2209 3155 2282 sufficienter
3206 2206 3402 2280 facit
3452 2204 3923 2279 claritatem

2371 2326 2755 2398 Galaxiae.
2782 2325 3087 2406 Tertio,
3117 2324 3476 2397 videmus
3498 2322 3689 2397 Gala
3705 2321 3923 2394 xiam

2371 2442 2712 2516 divisam
2785 2441 2863 2513 in
2927 2441 3125 2512 duas
3204 2444 3506 2534 partes,
3576 2457 3922 2531 quarum

2374 2579 2758 2652 unapars
2801 2563 2926 2632 est
2978 2556 3209 2650 quasi
3251 2557 3492 2649 dupla
3544 2556 3639 2626 ad
3676 2552 3924 2625 aliam

2376 2675 2808 2748 seeundum
2885 2673 3550 2765 magnitudinem,
3618 2671 3696 2743 in
3766 2690 3925 2762 qua

2378 2797 2610 2886 parte
2665 2793 2960 2885 majori
3027 2796 3214 2865 sunt
3289 2791 3562 2885 plures
3664 2786 3924 2860 stellae

2374 2913 2454 2982 et
2489 2907 2871 3001 majores,
2905 2910 3113 3000 quod
3137 2930 3296 2982 non
3321 2912 3560 2987 esset,
3597 2895 3755 2977 nisi
3790 2903 3924 2976 itae-

2376 3025 2678 3118 plures,
2722 3030 2804 3099 et
2846 3026 3205 3119 majores
3248 3025 3645 3116 majorem
3684 3019 3925 3094 exha-

2374 3142 2767 3219 lationem
2811 3142 3222 3217 sufficiant
3264 3144 3709 3219 attrahere.

2466 3267 2804 3346 Quarto,
2880 3262 3067 3354 quia
3136 3261 3379 3335 aliter
3442 3264 3925 3353 sequeretur

2376 3382 2583 3472 quod
2633 3380 3183 3453 determinare
3241 3380 3331 3451 de
3372 3379 3708 3453 Galaxia
3762 3397 3925 3448 non

2379 3496 2828 3589 pertineret
2871 3498 2965 3568 ad
3004 3496 3249 3570 istum
3293 3496 3615 3578 librum,
3663 3496 3793 3566 sed
3830 3492 3928 3564 ad

2374 3613 2671 3685 librum
2714 3613 2912 3689 Coeli
2947 3618 3027 3687 et
3071 3612 3365 3685 Mundi.
3412 3617 3930 3704 Consequens

2371 3737 2498 3806 est
2556 3732 2880 3813 salsum,
2958 3735 3042 3804 ut
3115 3734 3335 3825 patet
3396 3729 3474 3801 in
3535 3752 3926 3823 processu

2372 3850 2798 3922 librorum.
2857 3850 3266 3924 Probatur
3316 3849 3923 3943 consequentia,

2373 3967 2561 4059 quia
2612 3967 2694 4039 in
2744 3966 2954 4040 libro
2999 3969 3193 4042 Coeli
3245 3974 3324 4044 et
3367 3967 3646 4041 Mundi
3696 3965 3928 4040 debet

2370 4081 2902 4154 determinari
2942 4082 3033 4154 de
3078 4083 3448 4176 partibus
3489 4080 3696 4154 coeli.

2471 4201 2778 4271 Contra
2831 4197 3073 4271 istam
3133 4199 3594 4292 opinionem
3646 4195 3926 4288 argui-
3957 4204 4219 4316 cmg-w

2371 4318 2508 4385 tur
2545 4313 2835 4406 primo,
2868 4316 3056 4407 quia
3087 4336 3248 4388 non
3291 4318 3634 4408 apparet
3669 4312 3925 4406 possi·
4006 4329 4209 4394 quitur.

2367 4428 2526 4501 bile
2561 4431 2764 4522 quod
2791 4436 3020 4506 tanta
3044 4432 3459 4506 exhalatio
3482 4430 3740 4524 possit
3772 4430 3930 4502 ele-

2367 4545 2551 4617 vari
2589 4547 2687 4618 ab
2713 4547 2895 4622 istis
2931 4548 3463 4623 inferioribus
3506 4548 3924 4631 continue,

2372 4662 2582 4753 quod
2652 4665 3062 4740 sufficeret
3140 4686 3411 4757 agere,
3455 4666 3585 4738 vel
3655 4664 3933 4737 facere

2370 4782 2687 4854 tantam
2727 4782 3220 4866 claritatem,
3261 4786 3567 4875 quanta
3606 4786 3730 4856 est
3770 4782 3933 4855 cla-

2372 4894 2581 4968 ritas
2615 4898 2973 4971 Galaxise
3017 4899 3095 4972 in
3133 4899 3709 4989 magnitudine.

2464 5015 2852 5098 Secundo,
2890 5016 3080 5108 quia
3124 5015 3192 5089 si
3225 5020 3441 5091 esset
3475 5016 3926 5097 exhalatio,

2372 5134 2564 5204 tune
2637 5140 3121 5224 sequeretur
3185 5137 3391 5227 quod
3453 5137 3932 5229 quandoque

2373 5247 2715 5326 claritas
2750 5257 2964 5324 esset
3003 5251 3424 5334 intensior,
3456 5254 3931 5346 quandoque

2377 5367 2834 5450 remissior,
2863 5369 3337 5460 quandoque
3363 5369 3654 5462 major,
3685 5389 3933 5460 quan-

2373 5485 2938 5577 doqucminor.
2969 5490 3490 5576 Consequens
3513 5505 3929 5577 nunquam

2377 5602 2529 5674 fuit
2578 5607 3033 5695 expertum,
3080 5606 3160 5676 et
3207 5601 3608 5695 probatur
3647 5608 3924 5676 conse&
