4252 6393
521 4224 597 4273 24.

721 409 837 483 740
1893 419 1996 481 DE
2042 416 2284 480 PRIMO
2333 411 2721 477 PRINCIPIO

715 587 909 656 tunc
978 581 1320 652 secunda
1389 579 1772 672 dependet
1877 578 1974 648 ab
2084 577 2269 656 ista,

724 699 936 772 sieut
996 719 1040 770 a
1100 703 1442 770 causato
1493 695 2275 789 propinquioreesse

718 814 1174 887 amborum.
1210 814 1367 887 Aut
1404 813 1472 885 si
1504 812 1582 884 in
1609 811 2037 906 proposito
2093 828 2274 881 eau-

714 952 901 1003 sans
918 931 998 1002 in
1015 937 1198 1005 actu
1215 949 1498 1014 veram
1522 927 2273 1011 habetrelationem‚

722 1050 853 1121 sed
901 1051 1219 1124 tantum
1272 1051 1698 1120 causatum
1759 1044 2120 1116 refertur
2182 1043 2272 1113 ad

724 1164 1022 1258 aliquid
1059 1165 1543 1242 absolutum,
1586 1165 1773 1233 tunc
1813 1162 1885 1232 in
1931 1163 2272 1233 causato

726 1284 1107 1355 oriuntur
1174 1283 1345 1354 duae
1418 1281 1859 1353 relationes
1931 1279 2025 1349 ad
2085 1277 2275 1348 emi-

721 1420 918 1472 nens
960 1402 1038 1471 et
1088 1399 1179 1470 ad
1215 1417 1573 1477 causam,
1616 1414 1962 1487 quarum
2002 1412 2274 1465 secun-

722 1517 818 1589 da
882 1513 1436 1608 praesupponit
1483 1512 1829 1605 primam
1889 1507 2274 1580 essentia-

728 1632 942 1713 liter,
1000 1630 1208 1704 siout
1259 1632 1684 1702 causatum
1743 1622 2274 1720 propinquius
2322 1639 2325 1642 ·

727 1770 1019 1830 causfe,
1058 1752 1210 1820 etc.
1259 1748 1477 1830 Quod
1514 1764 1763 1838 supra
1807 1744 2110 1815 dictum
2154 1744 2278 1811 est

732 1867 811 1938 in
857 1863 1385 1957 responsione.
1447 1864 1538 1933 ad
1600 1861 2033 1932 secundum
2098 1876 2274 1928 eon-

733 1986 869 2054 tra
920 1980 1550 2060 conclusionem,
1609 1975 2134 2071 dependentia
2185 1975 2277 2044 ad

735 2116 1078 2170 causans
1113 2101 1189 2169 et
1227 2098 1319 2166 ad
1361 2098 1813 2175 causatum,
1848 2113 2006 2164 nen
2053 2090 2277 2163 intel-

736 2215 1026 2302 ligitur
1056 2215 1149 2286 de
1194 2212 1540 2284 relativo
1578 2212 1651 2284 in
1690 2211 1982 2304 primO,
2022 2209 2152 2279 sed
2203 2207 2277 2278 in

738 2331 1232 2424 posteriore,
1317 2348 1660 2420 quarum
1742 2344 2280 2419 personarum

737 2447 1295 2541 praesupponit
1329 2466 1486 2517 una
1533 2445 1907 2515 alteram.
1957 2441 2036 2515 si
2079 2462 2278 2511 vero

735 2567 1081 2656 utraque
1118 2564 1463 2634 istarum
1496 2580 1653 2632 non
1701 2563 1820 2630 est
1855 2559 2282 2651 dependen-

739 2681 857 2753 tia
890 2678 1378 2758 formaliter,
1447 2678 1576 2747 sed
1639 2678 1955 2748 tantum
2011 2692 2283 2745 secun·

739 2799 861 2876 da,
921 2794 1184 2888 prima
1237 2797 1358 2866 est
1410 2794 1573 2865 alia
1626 2790 1956 2871 relatio;
2011 2796 2090 2863 et
2148 2811 2287 2882 per

745 2912 895 2985 hoc
930 2912 1025 2983 ad
1068 2911 1500 2981 secundum
1543 2907 2033 2986 conceditur,
2082 2906 2285 2997 quod

746 3029 838 3101 ad
918 3027 1273 3119 primum
1363 3026 1838 3116 inquantum
1925 3023 2289 3094 eminens

744 3149 946 3239 (quae
969 3143 1408 3217 eminentia
1437 3141 2044 3235 praeintelligitu
2063 3161 2100 3211 r
2125 3160 2287 3211 sum

745 3261 1213 3336 causalitati
1285 3262 1375 3331 ad
1451 3260 1743 3352 ipsum)
1813 3258 2288 3350 inquantum

745 3380 860 3452 sic
912 3397 1070 3448 non
1117 3376 1499 3469 dependet
1547 3379 1973 3447 causatum
2018 3372 2286 3453 aliter,

745 3493 877 3565 sed
938 3491 1176 3562 habet
1240 3490 1484 3560 aliam
1551 3488 2057 3568 relationem,
2117 3507 2291 3578 quae

744 3613 1013 3681 tamen
1124 3606 1591 3679 necessario
1678 3604 2290 3697 ‹lependentiam

743 3725 985 3797 habet
1034 3724 1129 3796 ad
1181 3723 1388 3795 idem
1441 3720 2115 3795 concomitanter.
2164 3721 2291 3791 Sic

747 3842 1003 3933 igitur
1067 3843 1286 3932 patet
1341 3839 1643 3911 solutio
1691 3839 1785 3909 ad
1830 3839 2291 3918 seeundum,

748 3962 1036 4033 contra
1075 3977 1315 4049 quam
1354 3961 1538 4030 sunt
1572 3956 1737 4027 Iuec
1776 3959 2131 4047 quatuor
2174 3973 2295 4023 ar-

748 4080 1158 4169 gumenta.

840 4191 1363 4279 Coarguitur,
1407 4191 1755 4282 inquam,
1795 4190 1870 4261 in
1907 4190 2055 4261 hoc
2092 4190 2295 4282 quod

753 4308 976 4401 ponit
1017 4306 1418 4399 duplicem
1458 4304 1941 4376 relationem
1995 4304 2072 4375 in
2115 4325 2296 4376 cau·

752 4447 866 4506 sa,
917 4423 1227 4496 seilicet
1260 4421 1574 4494 causati
1610 4425 1688 4492 et
1723 4421 2168 4502 causantis,
2219 4425 2295 4492 et

753 4541 1185 4614 secundum
1242 4539 1479 4610 istam
1525 4541 1961 4629 utrumque
2022 4557 2299 4609 causa-

752 4659 926 4726 tum
968 4655 1349 4746 dependet
1412 4673 1458 4724 a
1517 4672 1764 4724 causa
1821 4653 2117 4745 duplici
2177 4655 2297 4724 de-

755 4771 1201 4865 pendentia,
1242 4770 1428 4861 quia
1463 4788 1620 4840 una
1663 4769 1757 4840 ad
1791 4772 2292 4851 causantem,

754 4892 833 4961 et
897 4886 1052 4960 ista
1112 4891 1325 4958 esset
1387 4886 1702 4957 causati
1752 4887 1845 4958 ad
1897 4906 2229 4957 causam
2277 4914 2289 4957 ε

753 5004 915 5077 alia
956 5005 1048 5074 azl
1102 5008 1550 5083 causatum,
1606 5007 1685 5075 et
1740 5003 1895 5074 ista
1944 5007 2158 5075 esset
2204 5004 2295 5075 ad

751 5119 1112 5192 eminens
1161 5117 1634 5207 inquantum
1681 5117 2179 5199 virtualiter,
2217 5122 2294 5190 et

750 5256 909 5307 non
977 5236 1429 5307 eminenter
1496 5215 1881 5308 eontinet.
1965 5236 2291 5307 Falsum

751 5355 873 5424 est
908 5352 1154 5422 aliam
1193 5349 1674 5422 relationem
1707 5371 1885 5422 esse
1923 5351 1999 5421 in
2043 5370 2292 5423 causa

751 5467 899 5539 tali
953 5467 1045 5538 ad
1094 5470 1545 5545 causatum,
1604 5465 1667 5535 si
1719 5466 1967 5537 etiam
2017 5467 2289 5557 aliqua

752 5588 993 5663 esset,
1024 5603 1181 5655 non
1210 5581 1373 5652 alia
1405 5583 1619 5653 esset
1657 5581 1974 5657 causati
2004 5588 2284 5656 etcau-

2388 573 2671 652 santis,
2708 558 3334 643 nisi'seeundum
3370 563 3816 660 potentiam
3845 563 3917 632 et

2387 695 2682 773 actum,
2720 709 2907 761 nam
2940 688 3059 759 eis
3101 706 3259 758 non
3292 681 3919 775 correspondent

2386 806 2923 899 dependentiae
2956 810 3037 878 et
3078 801 3418 883 excessi,
3456 805 3544 873 ut
3579 797 3920 871 correla-

2388 924 2579 1004 tiva,
2628 924 2761 994 sed
2791 921 3229 994 causabilis
3269 924 3348 992 et
3381 915 3719 991 causati.

2480 1041 2837 1112 Secundo
2901 1066 2914 1108 z
2982 1037 3195 1110 ratio
3257 1032 3688 1108 eminentis
3745 1030 3918 1102 licet

2391 1160 3071 1250 pra=supponatur
3110 1151 3504 1233 causanti,
3554 1150 3665 1223 ita
3686 1147 3927 1221 etiam

2388 1274 2855 1353 causativae,
2911 1279 3179 1346 tamen
3226 1270 3320 1342 ad
3373 1268 3635 1361 ipsum
3669 1270 3757 1339 ut
3792 1264 3923 1343 sic,

2387 1408 2542 1460 non
2580 1393 2705 1462 est
2738 1386 3285 1481 dependentia,
3344 1384 3475 1457 sed
3526 1383 3687 1455 alia
3736 1381 3927 1452 rela-

2390 1506 2504 1580 tio
2545 1507 2619 1578 in
2655 1511 2993 1578 causato
3027 1502 3490 1576 necessario
3535 1496 3929 1574 concomi-

2392 1627 2570 1695 tans
2631 1622 3264 1716 dependentiam,
3323 1619 3536 1690 sieut
3585 1616 3930 1688 eminen-

2392 1741 2524 1813 tiae
2568 1739 3037 1812 necessario
3081 1735 3690 1811 concomitatur
3726 1733 3801 1805 in
3837 1732 3933 1804 is-

2394 1861 2475 1929 to
2519 1856 2807 1949 primo.

2482 1977 2785 2047 Contra
2834 1972 3010 2052 hoc,
3062 1972 3382 2044 videtur
3436 1972 3564 2043 liic
3618 1976 3932 2044 eontra-

2389 2090 2659 2170 dictio,
2728 2089 2932 2180 quod
2992 2091 3417 2160 causatum
3470 2088 3854 2180 dependet
3893 2105 3932 2156 a

2391 2225 2639 2279 causa
2700 2212 2785 2280 ut
2829 2225 3102 2288 causa,
3175 2224 3329 2276 non
3386 2211 3471 2279 ut
3512 2205 3871 2276 eminens
3920 2229 3933 2272 ε

2392 2327 2470 2395 et
2506 2325 3243 2397 tameneminentia
3286 2321 3943 2415 praesuppenitur

2393 2439 2818 2513 causativo
2871 2444 2948 2511 et
3000 2438 3370 2512 causanti
3404 2459 3545 2530 per
3587 2460 3696 2518 se,
3771 2458 3938 2529 qum

2400 2576 2854 2648 repugnare
2889 2556 3265 2627 videntur
3297 2555 3731 2626 secundum
3794 2560 3946 2627 ter-

2402 2674 2594 2748 tiam
2665 2673 3269 2746 conclusionem
3310 2672 3555 2763 liujus
3592 2671 3941 2744 secundi.

2492 2791 2967 2881 Respondeo
3007 2789 3082 2861 in
3115 2788 3544 2870 eminente,
3582 2793 3661 2861 et
3705 2808 3945 2861 causa

2400 2907 2597 2979 nihil
2650 2911 2771 2980 est
2828 2929 2971 2980 nec
3047 2907 3535 2989 absolutum,
3608 2928 3758 2980 nec
3840 2927 3950 2977 re·

2402 3024 2627 3106 lati0,
2688 3024 2915 3116 prius
2983 3029 3062 3097 et
3118 3024 3528 3117 posterius
3592 3053 3605 3094 :
3679 3026 3815 3096 sed
3876 3022 3950 3094 in

2401 3143 2739 3213 causato
2799 3143 2921 3213 est
2966 3161 3125 3213 una
3190 3141 3507 3223 relatio,
3556 3163 3735 3235 qua*
3799 3160 3947 3213 non

2399 3262 2522 3331 est
2593 3260 3117 3351 dependentia
3221 3260 3453 3352 prior
3550 3260 3952 3332 relatione

2402 3377 2969 3469 dependentize,
3029 3384 3106 3450 et
3148 3398 3559 3469 nunquam
3602 3377 3951 3471 concipi-

2408 3514 2584 3566 mus
2673 3494 3174 3575 abselutum,
3268 3496 3474 3586 quod
3561 3497 3955 3567 terminat

2408 3612 2839 3699 utramque
2932 3608 3434 3690 relationem,
3510 3613 3594 3681 ut
3682 3610 3959 3683 termi-

2408 3745 2597 3796 num
2646 3724 3097 3817 proprium.
3174 3726 3319 3797 Sed
3384 3726 3686 3797 mirum
3752 3727 3956 3797 vide-

2408 3841 2568 3921 tur,
2645 3842 3036 3932 quomodo
3128 3841 3373 3912 aliam
3469 3842 3957 3915 relationem

2411 3954 2698 4028 habeat
2786 3957 3231 4048 dependens
3325 3958 3694 4049 priorem
3810 3957 3961 4031 ista

2408 4074 2955 4166 dependentia,
3023 4074 3192 4147 sine
3258 4095 3415 4166 qua
3473 4095 3627 4147 non
3698 4080 3961 4169 potest

2408 4214 2610 4271 esse,
2688 4191 2859 4263 sine
2928 4192 3110 4263 aliis
3175 4197 3458 4285 posset
3527 4215 3736 4273 esse,
3815 4198 3960 4265 etc.

2415 4311 2579 4381 Ista
2623 4307 3039 4381 conclusio
3088 4309 3547 4392 omittatur,
3592 4314 3673 4381 et
3725 4311 3820 4382 de
3866 4311 3967 4400 ip-

2411 4444 2526 4506 sa,
2572 4425 2783 4497 etde
2836 4426 2938 4494 13.
3009 4428 3221 4496 esset
3276 4430 3686 4499 tractatus
3757 4444 3967 4514 mag·-

2408 4560 2556 4610 nus
2622 4561 2763 4632 per
2825 4562 2909 4611 se
2947 4567 2960 4609 ε
3003 4540 3405 4631 quomodo
3477 4562 3967 4635 comparan-

2408 4661 2547 4726 tur
2588 4657 2908 4729 ordines
2964 4655 3082 4728 illi
3123 4657 3303 4736 duo,
3363 4658 3776 4748 quomodo
3826 4658 3962 4729 sci-

2412 4771 2595 4844 licet
2646 4773 2955 4864 primus
3011 4772 3237 4865 prius
3296 4774 3689 4848 dividitur
3746 4792 3967 4867 orp⁴o

2407 4890 2485 4961 et
2520 4889 2918 4980 quomodo
2965 4889 3043 4961 in
3099 4912 3253 4962 uno
3288 4891 3811 4964 concluditur
3849 4893 3963 4963 de·

2407 5004 2855 5095 pendentia,
2902 5005 2975 5077 in
3012 5005 3175 5078 alio
3214 5028 3402 5080 non.

2512 5122 2823 5193 l‘rseter
2909 5121 3304 5193 decimam
3406 5124 3795 5208 tertiam,
3888 5128 3959 5196 et

2406 5238 2654 5310 aliam
2793 5239 3185 5311 decimam
3303 5245 3617 5316 sextam
3758 5246 3962 5313 esset

2411 5354 2569 5428 ista
2614 5381 2628 5424 :
2678 5359 2949 5425 Nullum
2998 5370 3339 5424 causatum
3391 5371 3483 5425 es!
3522 5362 3784 5447 (equale
3839 5384 3978 5427 surr

2739 5477 2816 5545 ot
2872 5472 3431 5545 universalius
3482 5496 3495 5538 ε
3545 5477 3827 5543 Nullum
3865 5477 3977 5543 de·

2392 5590 2690 5678 pendens
2736 5603 2829 5659 est
2885 5593 3128 5679 ‹equele
3199 5591 3311 5658 illi
3354 5614 3397 5658 α
3434 5613 3561 5679 quo
3628 5592 3976 5682 dependet.

2400 5497 2612 5539 CHMSOE
2667 5502 2687 5540 .”

4102 5169 4168 5220 27.
