4252 6393
745 371 864 438 262

1842 363 1985 431 1218.
2035 366 2134 427 lv.
2183 355 2725 426 METEORORUM

728 555 776 608 a
834 532 1196 607 naturali
1254 536 1380 607 est
1434 529 1807 622 digestio.
1880 529 1980 600 Et
2020 526 2273 601 etiam
2383 542 2547 596 non
2612 522 2853 604 esset,
2924 516 3084 593 nisi
3133 520 3347 592 esset
3402 515 3903 592 innaturalis.

726 650 1271 746 exemplificat
1355 650 1447 721 de
1538 644 2009 726 nascentiis,
2089 664 2272 717 cum

728 767 1195 846 constantia
1236 766 1489 840 fuerit
1550 764 1794 847 facta,
1867 761 2133 856 qualis
2192 764 2272 835 et

725 887 1095 978 lacryma
1135 904 1315 957 cum
1350 882 1567 957 facta
1598 878 1851 953 fuerit
1885 878 2158 960 limus,
2194 879 2276 952 et

731 1005 1000 1082 omnis
1062 1002 1255 1079 talis
1310 996 1909 1074 transmutatio
1968 999 2091 1068 est
2154 1019 2278 1086 pe-

721 1128 986 1216 pansis,
1037 1125 1125 1195 ut
1171 1119 1391 1193 dicit.
1439 1120 1556 1189 Ex
1602 1137 1759 1209 quo
1802 1117 2023 1208 patet
2063 1114 2278 1187 veri-

733 1244 859 1314 tas
895 1235 1399 1331 quaestionis,
1446 1232 1636 1326 quia
1681 1231 1763 1305 in
1804 1229 2279 1324 quaestioni-

731 1356 879 1427 bus
940 1352 1581 1448 praecedentibus
1639 1350 1945 1423 dictum
2005 1349 2128 1421 est
2187 1347 2279 1420 de

730 1469 1322 1563 digestionibus
1363 1468 1445 1541 in
1486 1465 1877 1560 generali,
1935 1486 2147 1537 nunc
2198 1464 2280 1536 in

735 1583 1066 1680 speciali
1140 1584 1557 1657 dicendum
1625 1586 1749 1655 cst
1810 1581 1902 1653 de
1960 1579 2280 1672 quibus-

732 1703 914 1774 dam
957 1700 1468 1795 specialibus,
1504 1700 1595 1772 de
1638 1698 1925 1791 quibus
1958 1697 2282 1770 Aristo-

732 1818 935 1891 teles
967 1817 1538 1911 exemplificat,
1573 1819 1651 1889 et
1686 1815 1955 1908 primo
1988 1815 2081 1888 de
2114 1812 2280 1887 illis

737 1934 843 2008 ibi
879 1933 1199 2026 quaerit,
1236 1936 1313 2005 et
1349 1932 1929 2005 convenienter
1956 1930 2048 2004 de
2091 1930 2280 2003 aliis

734 2050 971 2123 dictis
1024 2049 1224 2141 ejns.
1281 2050 1499 2122 Unde
1548 2053 1939 2141 quantum
1983 2047 2080 2119 ad
2113 2046 2282 2140 pri·

738 2187 957 2240 mum
999 2167 1416 2241 dicendum
1450 2170 1576 2239 est
1610 2166 1819 2238 sicut
1856 2166 2083 2258 prius
2124 2163 2282 2237 dic·

733 2284 909 2356 tum
943 2287 1066 2356 est
1108 2284 1199 2356 de
1233 2284 1762 2375 generatione
1797 2280 2279 2355 animalium

739 2399 821 2471 in
863 2400 1371 2491 putrefactis,
1428 2399 1618 2492 quia
1675 2399 1905 2472 calor
1965 2397 2048 2471 in
2107 2396 2282 2470 ani-

740 2515 1085 2588 malibus
1120 2516 1389 2608 potest
1430 2514 1585 2587 dici
1636 2513 2044 2588 natura-lis
2094 2514 2284 2586 duo-

735 2632 881 2704 bus
918 2632 1200 2706 modis.
1244 2632 1421 2704 Uno
1459 2632 1689 2704 modo
1726 2635 2096 2724 respectu
2134 2629 2282 2703 ali-

735 2748 965 2840 cujus
1035 2747 1472 2840 generandi
1535 2769 1632 2821 ex
1702 2747 1844 2821 illo
1905 2746 2277 2830 humore,

736 2866 967 2959 cujus
1000 2869 1149 2939 est.
1206 2865 1388 2938 Alio
1439 2865 1699 2945 modo,
1750 2863 1939 2956 quia
1983 2866 2106 2938 est
2150 2885 2284 2937 na·

735 2982 1037 3057 turalis
1091 2982 1247 3075 ipsi
1299 2980 1528 3074 cujus
1581 2984 1703 3054 cst
1759 2980 1892 3054 ille
1953 2980 2278 3067 humor,

732 3101 861 3173 vel
891 3099 1192 3173 dicitur
1233 3098 1368 3172 ille
1428 3099 1748 3171 humor.
1795 3100 2072 3172 Primo
2119 3118 2285 3171 mo-

735 3214 833 3285 do
892 3212 1308 3288 dicendum
1367 3217 1491 3287 est
1555 3215 1764 3306 quod
1813 3218 2134 3306 pepansis
2202 3215 2284 3287 in

744 3330 1276 3421 sanguinibus
1328 3335 1406 3404 et
1441 3332 1884 3405 nascentiis
1928 3332 2009 3404 in
2051 3351 2283 3422 gene-

738 3449 987 3521 rando
1023 3448 1356 3531 saniem,
1396 3450 1565 3522 sive
1597 3448 2281 3543 putrefactionem

740 3566 1109 3658 ipsorum
1164 3565 1603 3639 humorum
1645 3587 1690 3638 a
1724 3568 1998 3640 calore
2048 3566 2286 3637 natu-

739 3684 929 3765 rali3
968 3685 1199 3758 calor
1229 3684 1444 3757 enim
1482 3686 1562 3758 in
1594 3685 1932 3758 animali
1975 3684 2070 3756 ad
2100 3704 2286 3756 con·

737 3800 1305 3891 gregationem
1348 3801 1913 3893 apostematiS,
1950 3804 2072 3873 cst
2110 3820 2285 3872 mu-

739 3926 1044 4008 tabiliS,
1099 3930 1177 3999 et
1222 3926 1993 4018 improportienalis
2042 3946 2286 4001 mem-

743 4053 900 4125 bro
945 4050 1073 4124 vel
1111 4052 1526 4134 membris,
1564 4073 1611 4124 a
1652 4073 1835 4145 quo,
1873 4052 2000 4125 vel
2034 4073 2081 4126 a
2114 4053 2286 4145 qui-

740 4176 888 4247 bus
950 4177 1109 4250 illae
1160 4175 1716 4269 impelluntur.
1765 4176 1987 4249 Unde
2029 4177 2285 4249 ratio-

739 4323 862 4384 ne,
902 4324 1057 4396 qua
1097 4303 1326 4377 calor
1359 4304 1440 4376 in
1480 4303 1805 4376 humido
1853 4277 2100 4377 talem
2142 4304 2286 4376 hu-

745 4451 1057 4502 morem
1111 4430 1209 4501 ab
1268 4430 1443 4523 ipso
1506 4430 1872 4512 humore,
1940 4452 2084 4524 per
2134 4432 2285 4508 1100

745 4556 948 4648 quod
983 4555 1152 4646 agit
1188 4557 1268 4629 in
1301 4556 1684 4629 elevando
1730 4557 1811 4629 in
1842 4559 2282 4642 communi,

746 4683 933 4774 quia
979 4702 1212 4756 omne
1256 4685 1702 4774 apostema,
1741 4683 2034 4756 saltem
2075 4687 2290 4757 exte·

747 4804 919 4877 rius
971 4823 1402 4899 apparens,
1464 4803 1542 4876 in
1592 4804 2003 4877 communi
2037 4804 2290 4896 erigi-

742 4929 883 5000 tur
926 4948 1069 5020 per
1108 4931 1517 5008 naturam,
1555 4930 1633 5001 et
1669 4930 2122 5001 attestatur
2164 4950 2292 5000 su-

744 5075 891 5148 per
930 5056 1105 5137 hoc,
1145 5055 1352 5146 quod
1385 5054 1577 5127 talis
1622 5054 1851 5127 calor
1890 5055 2156 5128 utitur
2194 5057 2290 5129 ad

740 5183 1180 5256 ducendum
1268 5181 1685 5254 humidum
1772 5202 1818 5253 a
1895 5183 2285 5265 membre,

741 5308 868 5380 vel
944 5309 1039 5380 ad
1126 5307 1607 5379 evolandum
1671 5326 1851 5378 cum
1922 5305 2124 5400 ipso,
2184 5306 2292 5379 si-

746 5435 881 5508 cut
912 5432 1084 5528 agit
1127 5431 1355 5505 calor
1403 5430 1483 5503 in
1526 5429 2034 5527 putrefactiS,
2087 5431 2293 5527 quod

2478 636 2878 713 Sumendo
2914 636 3175 729 igitur
3203 637 3562 725 sanquines
3600 653 3749 727 pro
3779 632 3908 708 hu-

2389 755 2755 830 moribus
2825 751 3301 846 sanguineis
3360 749 3723 844 expulsis
3778 772 3911 846 per

2388 877 2799 954 naturam,
2843 873 2923 944 et
2962 866 3435 951 nascentiis,
3486 868 3564 941 et
3615 870 3915 961 aposte-

2391 991 2770 1073 matibuS,
2833 992 2913 1063 et
2978 985 3463 1060 humoribus
3532 984 3723 1067 illis,
3792 988 3916 1079 qui

2387 1109 2753 1183 existunt
2834 1128 2982 1202 per
3055 1110 3470 1187 naturam,
3552 1107 3916 1178 sumatur

2389 1225 2738 1316 digestio
2781 1224 3116 1298 illorum
3169 1244 3318 1317 pro
3377 1220 3915 1314 generatione,

2389 1343 2515 1414 vel
2566 1341 3103 1436 dispositione
3162 1341 3259 1413 ad
3318 1338 3920 1433 generationem

2394 1460 2696 1542 saniei;
2758 1462 2837 1532 et
2911 1458 3302 1532 similiter
3369 1477 3516 1551 per
3572 1456 3920 1530 calorem

2390 1579 2991 1670 decoquentem,
3090 1576 3251 1649 ista
3314 1574 3745 1669 dispositio
3808 1578 3922 1648 est

2391 1695 2766 1790 digestio,
2830 1716 3005 1788 quae
3057 1696 3181 1766 est
3238 1696 3602 1783 pepamis,·
3642 1694 3724 1765 et
3763 1689 3926 1765 haec

2394 1812 2500 1888 sit
2589 1812 2860 1907 prima
2942 1810 3386 1886 conclusio.
3496 1808 3922 1892 Probatur,

2395 1931 2584 2025 quia
2636 1927 2899 2003 omnis
2942 1927 3292 2020 digestio
3335 1927 3431 2000 ad
3474 1925 3929 2018 generatio-

2393 2066 2577 2119 nem
2611 2045 2962 2137 alicujus
3004 2064 3050 2115 a
3083 2042 3360 2117 calore
3391 2041 3757 2117 naturali
3789 2042 3930 2115 fac·

2392 2167 2502 2246 ta,
2549 2163 2852 2237 dicitur
2889 2164 3206 2252 pepansis
3259 2162 3638 2253 respectu
3700 2157 3932 2234 istius

2393 2280 2728 2354 humidi.
2792 2278 3417 2372 Consequentia,
3481 2281 3560 2351 et
3623 2279 3933 2352 antece-

2392 2400 2584 2471 dens
2626 2398 2903 2491 patent
2943 2416 3044 2468 ex
3093 2392 3504 2489 praedictis
3555 2393 3933 2487 quaestio-

2393 2516 2661 2596 nibus;
2729 2514 2862 2587 sed
2920 2513 2990 2586 si
3052 2515 3486 2585 sumantur
3533 2511 3738 2586 talia
3789 2531 3931 2604 pro

2395 2630 3099 2725 superfluitatibus
3150 2628 3459 2703 eductis
3517 2648 3669 2722 per
3724 2626 3935 2702 calo-

2395 2768 2568 2822 rem
2600 2747 3062 2821 naturalem
3093 2747 3765 2839 corrumpentem
3793 2744 3936 2817 dis-

2397 2866 2914 2960 positionem,
2989 2883 3147 2956 qua
3207 2863 3344 2937 ille
3401 2862 3703 2935 humor
3759 2864 3938 2936 erat

2394 2982 2804 3057 naturalis
2845 2980 3173 3055 humori
3208 2981 3712 3063 continuum,
3751 2983 3938 3055 tunc

2396 3098 2785 3174 similiter
2815 3098 3008 3171 talis
3042 3098 3458 3185 actio,‚vel
3508 3097 3940 3191 dispositio

2394 3238 2555 3290 non
2587 3219 2711 3289 est
2741 3219 3080 3307 popam-sis,
3116 3216 3243 3288 vel
3277 3214 3393 3288 sic
3425 3216 3945 3289 considerata

2395 3354 2558 3407 non
2596 3331 2897 3406 dicitur
2933 3334 3276 3423 pepansis,
3328 3331 3462 3404 sed
3512 3330 3791 3423 potius
3839 3329 3946 3403 di-

2396 3451 2615 3524 citur
2703 3470 2883 3523 esse
2969 3449 3331 3543 quaedam
3418 3448 3941 3542 putrefactio.

2397 3569 2570 3641 Hoc
2651 3570 2909 3660 patet,
2991 3565 3185 3658 quia
3261 3564 3677 3638 naturalis
3767 3582 3945 3637 cor-

2399 3684 2674 3778 ruptio
2707 3686 2829 3756 est
2879 3680 3400 3777 putrefactio,
3445 3680 3601 3756 hoc
3650 3685 3777 3755 est
3818 3699 3945 3751 na-

2397 3802 2696 3878 turalis
2729 3800 3201 3894 001101)ῐίος
3241 3799 3521 3891 igitur,
3557 3802 3718 3873 etc.
3756 3801 3947 3873 Con·

2399 3927 2848 4022 sequentia,
2892 3930 2972 4000 et
3023 3923 3500 3999 antecedens
3531 3925 3819 3998 tenent
3847 3941 3943 3996 ex

2397 4054 2839 4150 praedictis

2487 4180 2601 4252 Ad
2659 4179 3022 4251 rationes
3059 4177 3583 4272 principales.
3629 4177 3750 4251 Ad
3787 4173 3943 4269 pri·

2401 4326 2642 4387 mam,
2682 4308 2959 4396 sanquis
2985 4328 3122 4373 non
3150 4306 3485 4394 diqeritur
3523 4307 3599 4372 in
3640 4306 3943 4394 pericar-

2398 4436 2556 4524 piis,
2594 4432 2965 4522 negatur.
3004 4430 3118 4502 Ad
3177 4429 3780 4522 probationem,
3817 4449 3950 4495 non

2398 4561 2628 4626 omnia
2676 4559 2819 4626 loca
2885 4558 3261 4644 sanquinis,
3315 4557 3469 4627 etc.
3513 4554 3695 4627 dico
3746 4549 3949 4645 quod

2403 4681 2568 4754 imo
2630 4684 2816 4754 sunt
2883 4701 3083 4753 vasa
3151 4680 3581 4761 seminum,
3656 4678 3949 4751 saltem

2404 4808 3056 4900 generandorum
3094 4807 3174 4880 in
3218 4806 3384 4879 illis
3416 4805 3654 4888 locis,
3711 4808 3793 4878 et
3841 4804 3954 4895 ip-

2406 4934 2545 5016 sis,
2610 4936 2695 5005 ut
2759 4932 3092 5026 sanguis
3155 4932 3237 5004 in
3298 4932 3695 5013 mamilla,
3757 4930 3826 5003 si
3878 4927 3955 5002 in

2403 5059 2676 5134 calore
2712 5060 3124 5152 superfluo
3166 5058 3677 5149 congeritur,
3716 5059 3795 5128 ct
3837 5055 3951 5126 de·

2403 5186 2813 5278 coquitur,
2876 5188 2954 5257 et
3026 5186 3474 5277 putrescat,
3536 5185 3615 5256 et
3682 5180 3951 5253 sanies

2405 5314 2867 5404 generetur,
2896 5309 3260 5383 mamilla
3288 5310 3369 5384 in
3396 5306 3954 5402 pericarpium

2409 5436 2967 5534 generationis
3002 5435 3287 5523 saniei,
3324 5437 3403 5510 et
3450 5435 3679 5512 locus
3722 5429 3954 5509 semi-

4030 645 4073 700 ³.

3968 4243 4045 4294 Aa
4059 4212 4189 4308 affl

4071 4308 4188 4363 prm

3967 4364 4090 4432 pale.
