4252 6393
1743 424 2106 500 QUAESTIO
2159 425 2229 484 ΙΙΙ
3505 424 3572 483 13

382 590 754 681 quamvis
823 590 1259 662 descensus
1333 586 1542 680 ignis
1593 608 1752 659 non
1824 587 1932 658 sit
2047 586 2537 678 corporalis,
2583 592 2663 659 et
2708 582 3257 677 incorporalis
3302 580 3593 654 ultima

387 707 795 781 naturalis
850 712 1227 799 respectu
1280 706 1525 798 passi,
1571 705 1768 776 bene
1821 708 1932 775 ta-

396 842 569 893 men
590 828 718 897 est
743 823 1150 897 naturalis
1177 826 1551 914 respectu
1586 819 1932 911 agentis.

482 941 592 1012 Ad
628 942 1063 1014 secundam
1115 940 1294 1012 dico
1328 940 1535 1032 quod
1578 939 1758 1011 istae
1803 935 1940 1007 im·

391 1059 858 1147 pressiones
890 1078 1052 1131 non
1080 1058 1286 1130 fiunt
1316 1062 1555 1130 extra
1589 1073 1937 1147 semper,

390 1182 469 1248 et
526 1174 977 1267 frequente,
1041 1179 1121 1247 et
1199 1174 1349 1245 hoc
1403 1173 1485 1245 in
1515 1190 1943 1263 compara-

402 1294 621 1366 tione
661 1293 760 1364 ad
803 1313 998 1364 suas
1042 1311 1361 1363 causas.

494 1412 606 1483 Ad
674 1411 1034 1491 tertiam,
1081 1413 1261 1478 entia
1300 1412 1539 1477 nolunt
1590 1410 1758 1475 male
1806 1408 1947 1473 dis-

395 1534 577 1617 poni.
628 1527 1119 1601 Aristoteles
1182 1525 1569 1616 intelligit
1629 1542 1949 1614 compa-

401 1647 651 1716 rando
687 1645 1093 1736 quodlibet
1133 1665 1273 1716 ens
1318 1646 1412 1716 ad
1449 1641 1721 1714 omnia
1756 1641 1943 1721 alia,

391 1768 473 1836 et
512 1763 664 1835 hoc
697 1768 822 1836 est
855 1783 1364 1835 concessum:
1403 1762 1680 1833 eodem
1714 1758 1949 1830 modo

397 1882 492 1953 ad
571 1880 951 1953 ultimum
1023 1882 1598 1969 argumentum
1669 1879 1792 1947 est
1844 1873 1948 1945 di-

397 1996 761 2070 cendum.

491 2113 606 2186 Ad
637 2118 1042 2204 quartam,
1088 2118 1247 2201 quia
1276 2112 1464 2191 ordo,
1503 2114 1656 2184 etc.
1695 2110 1951 2197 Nega·

400 2236 539 2303 tur
571 2228 1172 2321 consequentia,
1213 2228 1402 2320 quia
1432 2227 1593 2300 ista
1618 2223 1946 2318 judicia,

399 2350 501 2420 et-
553 2346 733 2420 istae
804 2347 1109 2438 regulae
1180 2349 1368 2419 sunt
1436 2365 1651 2417 verae
1720 2348 1808 2416 ut
1873 2343 1952 2414 in

402 2464 801 2558 pluribus,
865 2463 1232 2556 quamvis
1304 2463 1666 2555 quaedam
1735 2458 1952 2532 salsi-

397 2584 758 2657 ficentur
834 2586 1178 2673 propter
1249 2579 1953 2672 indispositionem

405 2699 812 2773 materiae.
1080 2704 1085 2715 ’

496 2819 616 2891 Ad
686 2818 1074 2911 quintam,
1150 2822 1308 2907 quia
1377 2818 1541 2885 ordo
1608 2819 1681 2882 in
1730 2836 1951 2892 causa,

401 2939 566 3008 etc.
611 2935 790 3007 dico
834 2935 1044 3027 quod
1095 2954 1345 3007 causa
1411 2932 1763 3005 istarum
1821 2930 1959 3000 im·

406 3051 931 3145 pressionum
972 3071 1133 3123 non
1182 3051 1447 3122 solum
1494 3052 1618 3120 est
1660 3065 1959 3137 corpus

400 3169 763 3252 coeleste,
812 3170 946 3242 sed
1003 3168 1267 3262 ipsum
1324 3186 1508 3239 cum
1552 3160 1962 3256 qualitati-

404 3291 561 3361 bus
641 3288 929 3380 primis
1008 3287 1141 3359 hic
1222 3285 1562 3359 inferius
1637 3309 1650 3350 ε
1730 3281 1962 3352 modo

406 3409 492 3479 in
583 3406 750 3478 illis
838 3404 1370 3496 qualitatibus
1445 3403 1712 3493 potest
1788 3417 1965 3467 esse

408 3524 952 3598 inordinatio,

122 929 215 991 μα
237 926 285 977 2.

148 1438 227 1487 Aa
267 1435 315 1484 3.

156 2132 308 2183 Aa&

162 2836 239 2885 Aa
263 2835 313 2884 5.

848 3886 1307 3971 QL'AESTIO
1411 3884 1556 3957 111.

418 4132 667 4197 Utrum
723 4148 982 4194 necesse
1046 4127 1132 4191 sit
1190 4124 1390 4189 istum
1429 4118 1751 4185 mundum
1800 4118 1979 4199 infe-

510 4250 767 4314 riorem
831 4264 964 4309 esse
1028 4240 1415 4306 continuum
1465 4233 1822 4300 lationibus
1877 4251 1980 4295 su·

510 4361 916 4452 perior-ibus,
989 4368 1060 4424 ut
1128 4365 1263 4420 tola
1331 4354 1541 4420 virtus
1607 4354 1747 4436 ejus
1825 4346 1982 4414 inde

514 4474 966 4568 gubernetur?

218 4739 262 4787 ι,
525 4699 936 4793 Arguitur
1005 4696 1213 4789 quod
1289 4712 1490 4770 n0n;
1566 4685 1752 4781 quia
1827 4684 1985 4757 ista

132 4831 244 4891 ΛΦ·
278 4829 400 4890 Pri-
426 4843 603 4898 non
635 4824 824 4893 sunt
852 4814 1265 4892 continua,
1314 4827 1660 4902 quorum
1698 4801 1987 4877 ultima

176 4905 324 4940 'mm'
426 4959 605 5014 non
647 4940 835 5009 sunt
876 4952 1157 5010 unu1n;
1188 4928 1322 5001 sed
1355 4923 1627 4998 mundi
1661 4919 1989 4994 inferio-

429 5059 585 5139 ris,
658 5059 740 5128 et
806 5049 1188 5144 corporis
1266 5042 1620 5118 coelestis
1700 5037 1990 5111 ultima

428 5194 608 5248 non
665 5173 853 5244 sunt
923 5185 1194 5240 unum.
1273 5160 1544 5253 Major
1627 5157 1854 5249 patet
1922 5154 1987 5223 4.

430 5293 909 5379 Physicorum.
989 5285 1091 5356 Et
1181 5279 1452 5351 minor
1547 5271 1987 5367 probatur,

434 5410 638 5504 quia
682 5402 953 5478 mundi
997 5397 1416 5473 inferioris
1480 5397 1758 5487 partes
1833 5410 1994 5461 om-

434 5549 587 5600 nes
640 5527 830 5595 sunt
906 5514 1428 5610 corporales;
1495 5507 1632 5582 sed
1692 5524 1994 5598 corpus

436 5642 779 5718 coeleste
821 5657 982 5709 non
1049 5637 1173 5707 est
1228 5627 1710 5722 corporale;
1759 5623 1993 5694 modo

2052 723 2211 773 non
2255 709 2443 776 sunt
2485 724 2756 783 unum,
2809 722 3032 792 ergo,
3080 705 3231 773 etc.

2147 821 2532 899 Secundo,
2606 820 2791 910 quia
2859 819 3125 912 prima
3193 836 3442 888 causa
3510 834 3594 884 se
3623 829 3942 878 secunaum.

2056 937 2232 1007 sola
2274 942 2544 1028 potest
2597 956 2884 1026 regere
2927 936 3172 1007 istum
3219 933 3596 1004 mundum

2062 1051 2537 1127 inferiorern
2575 1079 2589 1134 ;
2625 1073 2825 1143 ergo
2868 1073 3029 1125 non
3071 1054 3196 1123 est
3243 1070 3598 1127 necesse,

2059 1176 2213 1246 etc.
2260 1171 2861 1262 Consequentia
2894 1172 3139 1249 tenet,
3173 1173 3254 1240 et
3295 1172 3605 1240 antece-

2060 1289 2251 1359 dens
2294 1287 2718 1377 probatur,
2768 1285 2956 1376 quia
3001 1284 3266 1375 prima
3326 1301 3601 1360 causa,

2064 1404 2464 1477 mediante
2496 1424 2848 1494 corpore
2881 1399 3213 1481 coelesti,
3254 1399 3459 1491 quod
3487 1401 3610 1470 est

2064 1521 2312 1594 causa
2357 1520 2726 1599 secunda,
2780 1519 3178 1609 gubernat
3232 1516 3610 1587 mundum

2066 1638 2586 1717 inferiore1n;
2639 1636 2893 1725 igitur
2934 1657 3019 1707 se
3079 1635 3254 1705 sola
3313 1637 3606 1724 potest,

2067 1756 2255 1847 quia
2315 1753 2690 1846 quidquid
2735 1755 3001 1844 potest
3043 1750 3309 1843 prima
3367 1768 3614 1820 causa

2070 1872 2470 1945 mediante
2540 1870 2886 1942 secunda
2962 1867 3257 1946 facere,
3346 1869 3615 1957 potest

2068 2012 2151 2060 se
2197 1989 2373 2061 sola
2417 1988 2715 2060 facere.

2164 2105 2468 2185 Tertio,
2504 2105 2888 2178 voluntas
2931 2109 3220 2176 nostra
3253 2106 3375 2174 est
3411 2121 3613 2191 quae·
3660 2098 3921 2151 Tertium-

2065 2226 2245 2297 dam
2288 2224 2554 2296 virtus
2590 2221 2959 2302 inferior,
3015 2226 3094 2293 et
3137 2239 3299 2291 non
3335 2219 3614 2309 guber-

2066 2347 2315 2414 natur
2392 2360 2437 2409 a
2506 2359 2856 2429 corpore
2949 2336 3305 2414 coelesti;
3388 2353 3613 2423 ergo.

2074 2458 2343 2548 Major
2385 2461 2580 2528 nota
2611 2460 2758 2536 est,
2816 2459 2896 2527 et
2940 2452 3212 2525 minor
3245 2454 3613 2544 apparet,

2070 2576 2259 2668 quia
2321 2574 2388 2646 si
2439 2573 2821 2644 voluntas
2878 2574 3311 2661 regeretur
3353 2588 3400 2637 a
3443 2588 3619 2638 cor-

2076 2714 2272 2785 pore
2306 2689 2642 2788 coelesti,
2674 2689 2845 2780 jam
2886 2707 3048 2758 non
3086 2690 3302 2758 esset
3337 2684 3616 2763 libera,

2073 2833 2216 2883 nec
2294 2807 2595 2899 aliquid
2653 2809 2872 2878 esset
2930 2802 3001 2876 ei
3063 2803 3621 2895 imputandum

2073 2928 2168 2999 ad
2217 2925 2693 3002 bonitatem,
2751 2921 2878 2991 vel
2923 2918 3349 2991 malitiam.

2166 3047 2502 3124 QuartO,
2582 3038 2781 3111 latio
2846 3035 3226 3128 superior
3276 3054 3436 3106 non
3496 3054 3621 3104 co·
3685 3037 3968 3091 Quartum·

2080 3160 2445 3252 gnoscit3
2489 3178 2690 3249 ergo
2726 3179 2888 3230 non
2929 3155 3333 3246 guberna-t
3371 3151 3620 3224 istum

2081 3279 2462 3352 mundum
2499 3276 3000 3349 inferiorem.
3032 3268 3628 3362 Consequentia

2082 3401 2332 3489 patet,
2381 3395 2569 3487 quia
2640 3392 2982 3466 scientis
3029 3387 3445 3483 prudentis
3505 3391 3631 3459 est

2084 3515 2568 3605 gubernare,
2615 3517 2695 3585 ct
2749 3529 3063 3598 regere,
3121 3512 3209 3580 ut
3255 3510 3478 3599 patet
3547 3528 3631 3572 ex

2079 3632 2304 3717 primo
2335 3629 2677 3694 Politicor.
2728 3620 3223 3695 Antecedens
3260 3620 3628 3710 apparet,

2089 3744 2278 3835 quia
2327 3741 2528 3815 latio
2582 3739 2962 3832 superior
3011 3735 3140 3808 vel
3188 3739 3313 3807 est
3364 3738 3632 3807 motus

2089 3860 2474 3954 corporis
2530 3857 2909 3937 coelestis,
2954 3856 3082 3926 vel
3125 3873 3427 3945 corpus
3487 3872 3633 3924 coe·

2092 3979 2319 4060 leste,
2360 3996 2706 4069 quorum
2749 3980 3133 4048 neutrum
3176 3968 3631 4061 cognoscit.

2183 4096 2506 4179 Quinto,
2550 4095 3035 4184 sequeretur
3085 4087 3293 4180 quod
3325 4086 3405 4157 in
3457 4084 3639 4158 istis
3691 4087 3975 4145 Quintum.

2097 4211 2627 4285 inferioribus
2668 4228 2832 4280 non
2887 4205 3295 4279 accideret
3348 4221 3635 4281 error;

2096 4347 2598 4420 consequens
2631 4325 2954 4407 salsum,
2993 4324 3324 4414 utpatet
3353 4322 3420 4392 2.
3457 4322 3642 4406 Phy-

2094 4450 2413 4527 sicorum,
2476 4445 2568 4516 de
2645 4445 3045 4514 monstro.
3115 4441 3216 4511 Et
3296 4437 3644 4529 apparet

2099 4560 2708 4655 consequentia,
2774 4557 2961 4650 quia
3027 4556 3185 4629 ista
3248 4553 3646 4627 inferiora

2103 4684 2502 4774 reguntur
2545 4699 2592 4749 a
2664 4674 3134 4753 lationibus‚
3229 4673 3309 4744 in
3361 4670 3648 4764 quibus

2102 4821 2263 4872 non
2306 4796 2596 4870 accidit
2648 4814 2914 4865 error.

2196 4919 2466 4995 Sexto,
2535 4915 3015 5004 sequeretur
3091 4905 3297 4998 quod
3378 4904 3650 4977 omnia
3717 4903 3943 5017 Sessium

2106 5033 2267 5105 ista
2328 5028 2722 5103 inferiora
2772 5024 3200 5097 evenirent
3248 5022 3339 5094 de
3381 5042 3648 5095 neces-

2107 5150 2376 5223 sitate.
2413 5151 2929 5235 Consequens
2963 5141 3286 5221 falsum,
3316 5144 3403 5213 ut
3431 5141 3651 5232 patet

2102 5270 2170 5338 2.
2207 5269 2671 5354 physicorum.
2713 5261 3120 5333 Probatur
3161 5277 3653 5348 consequen-

2108 5384 2248 5464 tia,
2299 5382 2486 5474 quia
2541 5379 2889 5452 lationes
2949 5374 3418 5468 superiores
3479 5394 3652 5444 eve-

2107 5499 2340 5572 niunt
2388 5498 2480 5570 de
2538 5492 3054 5575 necessitate,
3108 5512 3153 5563 a
3197 5489 3480 5582 quibus
3535 5509 3654 5561 re-

2110 5618 2419 5707 guntur
2456 5613 2616 5685 ista
2662 5609 3083 5683 inferiora.
