4252 6393
650 425 770 490 458

633 589 1018 668 differunt
1104 591 1404 683 specie;
1529 611 1728 683 ergo
1853 597 2185 686 oportet

636 707 843 798 quod
897 727 1044 802 per
1095 707 1420 799 aliquod
1463 708 1819 782 additum
1890 710 2178 793 calori,

635 843 819 894 cum
853 842 1012 895 non
1044 822 1421 896 differant
1453 825 1627 917 ejus
1662 826 1987 916 gradus,
2023 826 2185 900 nisi

637 941 1072 1018 secundum
1117 942 1380 1033 magis
1442 947 1522 1017 et
1580 944 1871 1026 minus,
1926 943 2183 1019 deter-

639 1057 998 1132 minetur
1066 1059 1160 1132 ad
1222 1060 1470 1133 talem
1529 1060 1657 1131 vel
1712 1059 1958 1133 talem
2006 1059 2186 1154 op'o-

641 1174 1068 1256 rationem‚
1131 1180 1213 1250 et
1255 1176 1352 1248 ad
1420 1176 1613 1248 illud
1673 1182 2178 1267 generatum.

642 1291 845 1364 Illud
899 1296 1173 1367 autem
1227 1311 1375 1383 ego
1436 1292 1611 1365 dico
1692 1314 1870 1365 esse
1929 1293 2184 1368 virtu-

640 1413 805 1483 tem
858 1408 1176 1506 agentis
1244 1409 1712 1492 exterioris,
1773 1411 1903 1483 vel
1959 1411 2182 1482 influ-

638 1546 858 1608 xum,
948 1531 1036 1601 ut
1078 1526 1157 1598 in
1199 1526 1475 1599 calore
1516 1527 1728 1601 Solis
1768 1527 2184 1618 digerente

643 1642 1074 1718 materiam
1153 1643 1353 1734 ejus,
1428 1644 1636 1735 quod
1697 1664 1841 1737 per
1912 1648 2182 1738 putre·

639 1759 1074 1834 factionem
1154 1764 1644 1850 generatur,
1716 1763 1839 1833 est
1913 1761 2183 1835 virtus

637 1895 1126 1967 congruens,
1189 1880 1270 1949 et
1308 1876 1851 1950 determinata
1901 1878 1993 1948 ad
2056 1899 2183 1968 ge-

636 1992 1082 2065 nerandum
1149 2012 1512 2064 vermem
1577 1992 1768 2066 talis
1839 1993 2177 2086 speciei;

635 2113 717 2183 et
759 2107 839 2180 in
892 2107 1198 2185 semine
1238 2108 1420 2200 equi
1465 2108 1734 2182 virtus
1774 2108 2042 2182 decisa
2083 2110 2182 2181 ab

638 2223 936 2307 anima,
1000 2225 1127 2296 vel
1174 2223 1445 2317 potius
1488 2245 1535 2297 a
1577 2230 1751 2299 toto
1793 2247 2024 2317 equo,
2083 2227 2183 2298 ad

639 2341 1237 2434 producendum
1291 2361 1610 2433 equum,
1674 2345 1755 2415 et
1802 2363 1966 2414 non
2026 2342 2182 2414 asi-

635 2477 829 2530 num
884 2482 899 2526 :
956 2461 1038 2531 et
1100 2457 1168 2530 si
1219 2478 1490 2530 semen
1549 2456 1654 2529 sit
1704 2456 2179 2542 admixtum,

638 2578 718 2648 et
762 2595 809 2646 a
857 2574 1162 2652 duobus
1222 2575 1605 2656 decisum,
1653 2578 1739 2648 ut
1779 2574 1966 2647 dum
2011 2596 2182 2647 mu-

639 2693 764 2764 lus
832 2712 932 2764 ex
989 2712 1193 2784 equo
1262 2694 1340 2763 et
1411 2690 1642 2764 asina
1704 2695 2177 2783 generatur,

638 2809 907 2882 virtus
968 2808 1067 2880 ab
1109 2812 1455 2899 utroque
1521 2808 1787 2880 decisa
1828 2811 1950 2881 est
2023 2829 2182 2882 una

640 2925 1121 3007 commixta,
1214 2946 1360 3018 per
1430 2945 1669 3018 quam
1780 2925 2181 2999 mediante

639 3044 939 3127 calore,
1007 3043 1272 3115 mulus
1323 3047 1401 3116 et
1456 3064 1617 3116 non
1685 3045 1897 3118 aliud
1953 3065 2182 3136 gene-

640 3164 902 3235 ratur.
968 3162 1122 3239 Per
1172 3158 1415 3233 istam
1478 3160 1732 3252 igitur
1787 3161 2182 3235 virtutem

636 3300 821 3351 cum
862 3278 1138 3357 calore
1209 3277 1289 3349 in
1347 3276 1652 3349 semine
1715 3276 1877 3350 tale
1945 3298 2182 3370 gene-

638 3398 897 3476 ratur,
932 3397 1013 3467 et
1035 3413 1195 3466 non
1225 3391 1438 3465 aliud
1456 3395 1922 3483 generatur.
1952 3397 2183 3467 Nunc

636 3532 784 3584 nos
863 3509 1206 3583 dicimus
1276 3510 1485 3601 quod
1551 3510 1821 3583 virtus
1890 3511 2182 3584 animae

638 3628 877 3721 regit,
913 3631 994 3702 et
1034 3627 1523 3699 determinat
1573 3626 1935 3699 calorem
1976 3628 2183 3720 dige-

640 3747 978 3824 rentem,
1019 3747 1105 3817 ut
1147 3742 1412 3814 cibum
1448 3741 1528 3815 in
1559 3742 1810 3816 talem
1851 3763 2179 3816 carnem

634 3863 1085 3943 convertat,
1176 3859 1485 3933 scilicet
1547 3860 2010 3943 humanam,
2055 3862 2180 3933 vel

635 3979 1012 4074 equinam
1075 4005 1090 4049 ε
1158 3979 1362 4070 quod
1428 3979 1519 4051 de
1590 3999 1674 4049 se
1726 3978 1956 4050 calor
2022 3999 2182 4050 non

638 4096 972 4178 faceret,
1037 4094 1192 4167 nisi
1256 4114 1302 4165 a
1340 4094 1487 4165 tali
1547 4094 1858 4167 virtute
1927 4094 2183 4169 deter-

642 4213 1000 4286 minatus
1107 4215 1348 4292 esset,
1420 4211 1630 4303 sicut
1702 4210 2185 4286 instrumen-

640 4335 841 4409 tum,
897 4327 1101 4420 quod
1150 4327 1241 4399 de
1282 4347 1366 4398 se
1414 4331 1539 4400 est
1589 4326 2051 4399 indifferens
2094 4332 2184 4402 ut

643 4447 857 4518 secet
943 4442 1253 4533 lignum
1325 4463 1472 4535 pro
1556 4442 1741 4524 isto,
1835 4442 1960 4514 vel
2040 4444 2182 4517 illo

642 4560 881 4643 idolo,
937 4558 1259 4649 regitur
1304 4580 1350 4630 a
1399 4577 1639 4631 manu
1718 4562 1798 4633 et
1850 4562 2029 4631 arte
2088 4561 2185 4632 ad

642 4676 1069 4751 secandum
1138 4674 1490 4748 formam
1551 4675 1765 4756 talis,
1821 4675 1946 4747 vel
1991 4676 2183 4749 talis

642 4794 857 4869 idoli.
904 4796 1004 4871 Et
1050 4793 1203 4865 hoc
1262 4796 1386 4866 est
1446 4793 1653 4884 quod
1713 4792 1905 4866 dicit
1965 4793 2185 4866 Aris-

641 4912 934 4987 toteles
999 4913 1066 4983 7.
1140 4911 1509 4999 MetaphyS.
1592 4922 1750 4977 text.
1824 4934 1987 4979 com.
2068 4914 2178 4983 31.

639 5035 899 5111 Semen,
977 5026 1264 5118 inquit,
1346 5029 1513 5113 facil
1577 5030 1749 5094 sicut
1814 5028 1962 5109 illa,
2041 5052 2186 5117 quse

637 5160 791 5216 sunt
858 5170 942 5214 em
998 5146 1318 5229 artificio,
1385 5144 1643 5235 Super
1721 5142 1923 5234 quod
1990 5143 2186 5218 dicit

643 5261 1267 5336 Commenta-tor
1326 5282 1341 5328 ε
1407 5262 1644 5325 Semen
1724 5273 1997 5347 qenerac
2060 5282 2188 5347 per

637 5379 1007 5468 potentiam
1037 5378 1110 5441 in
1142 5396 1214 5441 eo
1250 5376 1538 5441 similem
1566 5377 1860 5459 artifieio
1893 5402 1913 5442 .·
1945 5380 2186 5449 vocat

646 5492 1096 5588 potentiam
1139 5488 1489 5563 similem
1541 5490 1894 5564 artificio
1959 5491 2184 5564 illam

642 5612 1037 5689 virtutem
1070 5607 1417 5682 relatam
1452 5607 1780 5680 caloris,

1817 432 1922 495 DE
1965 432 2231 499 RERUM
2273 432 2663 501 PRINCIPIO

2383 598 2568 669 Jam
2637 619 2734 670 ex
2820 599 3056 674 dictis
3144 602 3393 692 patet,
3469 600 3677 693 quod
3760 598 3837 670 in

2299 712 2518 784 omni
2597 715 2989 803 generato
3063 717 3392 806 oportet
3461 714 3666 806 quod
3735 713 3833 785 sit

2295 827 2561 901 virtus
2607 830 3065 920 regulativa
3119 829 3450 912 caloris,
3499 834 3581 903 et
3646 829 3836 901 assi-

2298 945 2592 1017 milans
2661 951 3143 1036 generatum
3222 946 3681 1038 generanti,
3752 950 3837 1019 ut

2297 1062 2452 1146 sic
2501 1084 2735 1135 omne
2822 1070 3304 1154 generatum
3381 1065 3486 1138 sit
3575 1063 3836 1136 simile

2298 1179 2749 1270 generanti,
2796 1181 2921 1253 vel
2967 1201 3079 1262 re,
3126 1180 3477 1263 nomine,
3523 1181 3652 1253 vel
3681 1180 3836 1252 vir-

2299 1299 2496 1378 tute,
2562 1302 2652 1370 ut
2713 1297 2791 1368 in
2855 1297 3336 1389 propagatis
3390 1297 3837 1370 universali

2293 1412 2603 1486 virtute
2665 1417 3017 1497 tantum,
3084 1414 3298 1488 sicut
3342 1414 3479 1488 Sol
3530 1414 3837 1489 virtute

2296 1529 2655 1603 continet
2717 1548 2994 1602 omnes
3053 1530 3366 1602 formas
3426 1529 3838 1621 generabi-

2298 1645 2439 1728 les,
2501 1650 2581 1719 et
2644 1645 2996 1719 maxime
3035 1666 3349 1727 eorum,
3409 1665 3586 1737 quae
3638 1646 3838 1718 fiunt

2298 1783 2444 1856 per
2517 1762 3205 1856 putrefactionem
3267 1787 3282 1832 ε
3346 1766 3428 1837 et
3493 1761 3647 1835 hoc
3716 1768 3840 1836 est

2298 1879 2505 1971 quod
2620 1878 2881 1953 subdit
3001 1878 3535 1961 Aristoteles,
3659 1885 3841 1971 post

2295 1997 2918 2089 praeallegatum
2975 1996 3313 2068 verbum
3376 2023 3391 2066 ε
3455 1998 3642 2064 Istud
3689 1996 3840 2082 (in-

2297 2113 2508 2208 quit)
2547 2139 2631 2182 cx
2681 2137 2808 2204 quo
2862 2128 2957 2184 est
2993 2137 3234 2196 semen,
3298 2127 3392 2182 esc
3447 2116 3843 2182 conveniens

2295 2236 2370 2300 in
2414 2235 2685 2300 nomine
2728 2235 2897 2300 sicul
2937 2235 3063 2300 illa
3119 2254 3371 2320 quoque
3428 2233 3645 2298 mode.
3691 2232 3842 2298 Non

2295 2353 2475 2417 enim
2532 2360 2786 2437 oportet
2827 2370 3126 2437 quoerere
3180 2352 3407 2416 omnia
3448 2351 3524 2415 in
3561 2351 3693 2414 ista
3732 2371 3841 2415 ea-

2295 2464 2445 2531 dem
2475 2463 2933 2550 disposicione,
2973 2467 3046 2531 in
3083 2487 3213 2552 qua
3250 2476 3612 2552 qeneracur
3648 2466 3843 2531 homo

2296 2602 2380 2646 ex
2417 2580 2685 2645 homine
2743 2605 2764 2644 .·
2825 2582 3069 2646 mulier
3105 2582 3284 2647 enim
3333 2603 3418 2648 cx
3493 2582 3641 2646 viro
3718 2591 3835 2658 est,

2295 2705 2355 2760 et
2393 2693 2544 2759 ideo
2585 2694 2801 2759 mulus
2830 2716 2965 2761 non
3004 2707 3096 2760 cst
3136 2718 3221 2762 ea:
3259 2697 3460 2776 mule,
3507 2697 3646 2760 nisi
3672 2697 3844 2762 simil

2295 2810 2593 2898 quidam.
2650 2809 2749 2881 Et
2798 2812 2924 2882 est
2966 2831 3276 2891 sensus,
3341 2810 3548 2902 quod
3610 2831 3843 2901 gene-

2299 2944 2491 2995 rans
2542 2928 2622 2997 et
2670 2925 3033 3014 genitum
3084 2946 3244 2997 non
3286 2946 3609 3018 semper
3660 2947 3844 2999 con-

2293 3038 2629 3112 veniunt
2666 3039 2745 3111 in
2781 3039 3151 3113 omnibus
3213 3042 3839 3123 conditionibus,

2296 3156 2506 3229 sicut
2558 3154 2798 3229 homo
2849 3157 3226 3232 convenit
3274 3178 3458 3231 cum
3515 3157 3847 3234 homine

2296 3279 2738 3367 generante
2790 3275 2870 3347 in
2915 3275 3309 3358 omnibuS,
3369 3276 3555 3369 quia
3605 3282 3846 3350 natu-

2296 3391 2590 3464 raliter
2618 3391 2881 3464 deficit
2915 3391 3512 3485 aliquantulum
3560 3393 3659 3465 ab
3692 3393 3845 3467 hac

2295 3506 2886 3589 convenientia,
2955 3513 3035 3581 et
3104 3509 3369 3581 mulus
3433 3508 3637 3601 plus.
3692 3511 3847 3581 Ta-

2300 3644 2482 3696 men
2542 3643 2866 3716 semper
2924 3642 3323 3715 generans
3381 3628 3459 3697 et
3507 3644 3847 3716 genera-

2296 3743 2470 3813 tum
2527 3738 3019 3813 conveniunt
3095 3739 3176 3811 in
3231 3739 3566 3822 virtute,
3633 3741 3847 3832 quod

2297 3854 2631 3936 scilieet,
2688 3869 3087 3946 generans
3120 3854 3428 3928 virtute
3477 3856 3848 3930 continet

2296 3975 2650 4047 formam
2685 3975 3054 4067 generati
3098 3976 3333 4047 modo
3371 3975 3543 4067 jam
3595 3974 3843 4048 dioto.

2294 4091 2512 4163 Unde
2546 4091 2791 4165 aliter
2824 4090 3062 4165 habet
3096 4111 3496 4183 generans
3543 4112 3848 4183 equum

2296 4207 2650 4280 formam
2720 4210 2903 4300 equi
2977 4208 3380 4298 generati,
3454 4208 3642 4300 quia
3713 4228 3851 4279 ra-

2298 4325 2519 4398 tione
2581 4326 2954 4419 specifica
3023 4331 3103 4399 et
3160 4324 3511 4406 nomine,
3594 4324 3849 4399 aliter

2295 4441 2810 4516 domificator
2865 4440 3219 4514 formam
3287 4442 3597 4524 domus,
3655 4443 3850 4534 quia

2295 4559 2632 4642 virtute,
2732 4558 3054 4631 ratione
3123 4557 3332 4630 artis
3407 4578 3648 4650 quani
3712 4559 3850 4631 ha-

2295 4679 2451 4759 bet,
2504 4680 2581 4749 et
2633 4676 2996 4750 continet
3060 4674 3139 4747 in
3183 4679 3472 4747 mente.
3520 4678 3621 4748 Et
3685 4677 3848 4750 isto

2300 4794 2533 4867 modo
2571 4793 2704 4867 Sol
2747 4791 3219 4883 aliqualiter
3249 4791 3484 4865 habet
3527 4791 3847 4864 formas

2300 4910 2664 4982 omnium
2751 4907 3385 4999 generabilium,
3488 4907 3849 4981 maxime

2300 5047 2477 5119 quae
2523 5047 2570 5098 a
2617 5025 2926 5097 virtute
2989 5022 3225 5104 Solis,
3280 5026 3361 5095 et
3413 5022 3848 5097 stellarum

2300 5145 2824 5235 generantur,
2882 5140 3091 5213 sicut
3162 5139 3488 5221 artifex,
3563 5161 3849 5213 secun-

2296 5261 2480 5331 dum
2516 5256 3100 5332 auctoritatem
3134 5254 3606 5329 Aristotelis
3645 5275 3849 5348 prae-

2298 5375 2764 5465 allegatam.

2388 5495 2506 5564 Ex
2538 5490 2662 5562 his
2695 5495 2920 5583 patet
2955 5512 3051 5582 qu
3069 5491 3160 5561 od
3207 5485 3571 5582 quamvis
3607 5505 3848 5558 omne

2301 5628 2699 5702 generans
2762 5606 2867 5681 sit
2934 5606 3208 5701 aliquo
3282 5607 3512 5680 modo
3570 5603 3840 5679 simile

3905 6218 4213 6386 ,ml
