4252 6393
395 4149 452 4199 2.

638 420 757 486 494

621 585 808 658 <lum
870 585 1246 679 superius
1286 587 1368 658 et
1422 582 1789 656 inferius
1839 585 2159 667 Quinto,

621 704 828 793 quod
887 702 1102 774 inter
1159 701 1669 794 cognitiones
1729 702 2164 776 sensitivas

619 818 760 890 illa
791 822 912 892 est
955 817 1245 893 ultima
1276 824 1356 894 et
1398 818 1696 901 infima,
1743 837 1889 911 per
1922 838 2164 911 quam

618 936 1255 1029 apprehenditur
1321 939 1401 1009 et
1455 935 1982 1026 cognoscitur
2039 955 2164 1007 ac·

611 1052 861 1125 tualis
969 1052 1406 1128 existentia
1485 1051 1602 1125 rei
1698 1052 2164 1145 corporalis

617 1168 1051 1242 sensibilis.
1091 1171 1361 1251 Sexto,
1414 1168 1619 1260 quod
1661 1168 1851 1241 talis
1895 1169 2164 1260 cogni-

613 1284 759 1367 tio,
817 1304 990 1377 quae
1022 1285 1447 1377 experitur
1495 1283 1897 1358 actualem
1942 1286 2167 1357 exis·

618 1401 961 1476 tentiam
995 1400 1139 1484 rei,
1194 1403 1316 1474 est
1363 1400 1443 1474 in
1487 1401 1836 1476 homine.
1911 1403 2164 1494 Septi-

621 1536 777 1601 mo,
817 1517 1022 1609 quod
1076 1516 1540 1611 hujusmodi
1582 1517 1943 1606 cognitio
2002 1537 2164 1590 non

618 1636 743 1707 est
820 1634 1296 1709 scientia-lis.
1365 1638 1695 1720 Octavo,
1762 1636 1971 1729 quod
2026 1634 2162 1706 hu-

609 1751 965 1844 jusmodi
1038 1754 1401 1846 cognitio
1466 1752 2165 1847 experimentaria

614 1869 961 1943 actualis
1002 1870 1459 1944 existentiae
1504 1872 1649 1954 rei,
1692 1874 1814 1944 est
1867 1870 2164 1963 princi-

616 1984 864 2078 pium,
901 1989 979 2061 et
1013 1985 1651 2069 fundamentum,
1696 1991 1776 2060 et
1819 1986 2160 2062 semina·
2219 2041 2234 2058 .

608 2101 830 2176 ⁴rium
866 2104 1128 2177 omnis
1154 2103 1601 2179 scientialis
1634 2103 2155 2194 cognitionis.

614 2221 875 2306 Nono,
915 2222 1119 2314 quod
1162 2222 1244 2294 in
1289 2221 1507 2296 omni
1577 2223 1965 2295 creatura
2026 2219 2158 2292 ha·

594 2337 849 2437 ,bente
965 2339 1472 2413 scientialem
1575 2338 2152 2430 cognitionem,

617 2459 940 2550 oportet
991 2476 1293 2550 ponere
1325 2455 1788 2550 hujusmodi
1845 2456 2011 2527 vim
2044 2476 2158 2527 se-

608 2569 1093 2653 minariam,
1164 2574 1445 2664 utpote
1538 2571 1619 2643 in
1696 2571 2020 2644 homine
2078 2574 2158 2643 et

615 2685 972 2776 Angelis,
1023 2686 1149 2759 vel
1205 2688 1496 2761 saltem
1561 2688 1727 2762 vim
1798 2686 2157 2779 aliquam

616 2804 1239 2896 proportionem
1282 2805 1406 2878 sui
1456 2804 1908 2886 habentem,
1974 2822 2160 2895 qua-

611 2919 773 2992 lem
809 2925 1135 3013 oportet
1173 2942 1474 3015 ponere
1517 2922 1596 2994 in
1657 2921 2011 3013 Angelis,
2081 2923 2159 2991 et

616 3035 697 3107 in
739 3035 864 3109 his
905 3057 1199 3112 novem
1243 3039 1558 3131 primus
1593 3039 1996 3113 articulus
2030 3056 2161 3130 ap-

615 3154 957 3246 parebit.

984 3533 1257 3598 .AR·r1c.
1319 3533 1361 3589 Ι.
1450 3533 1651 3590 SECT.
1704 3534 1747 3589 1.

624 3746 813 3811 Ultra
850 3742 1240 3810 sensitivam
1278 3740 1438 3808 dari
1494 3742 1568 3807 in
1633 3742 1900 3808 homine
1937 3744 2169 3829 coqui-

969 3862 1212 3928 tionem
1261 3857 1760 3927 intellectivam.

714 4081 1103 4164 Primum,
1142 4081 1449 4156 scilicet
1522 4081 1725 4173 quod
1785 4081 1867 4155 in
1919 4081 2170 4155 homi-

619 4219 719 4273 ne
796 4199 902 4271 sit
970 4198 1133 4271 alia
1194 4197 1582 4289 cognitio,
1636 4198 1838 4271 satis
1891 4201 2168 4291 patet:

624 4316 919 4410 primo,
992 4315 1179 4407 quia
1223 4320 1640 4389 ostensum
1671 4319 1796 4389 est
1866 4316 1948 4387 in
2009 4316 2174 4389 alia

286 4481 306 4503 .
333 4497 388 4546 q·
419 4481 469 4531 ⁴.
506 4495 559 4533 Β.
628 4431 1077 4524 quaestione
1107 4434 1155 4511 ⁶,
1203 4431 1406 4521 quod
1440 4432 1852 4524 appetitus
1897 4429 2172 4504 huma-

391 4543 474 4596 26.

630 4569 782 4621 nus
824 4567 986 4619 non
1045 4546 1485 4638 quietatur,
1551 4546 1708 4619 nisi
1761 4567 1906 4639 per
1947 4547 2172 4641 adep·

628 4665 937 4739 tionem
992 4662 1181 4736 boni
1251 4661 1582 4744 infiniti;
1655 4682 1841 4734 cum
1897 4667 2170 4737 autem

622 4779 920 4852 bonum
974 4777 1380 4853 infinitum
1442 4777 1545 4852 sit
1626 4777 1810 4850 finis
1871 4778 2171 4853 altissi-

621 4915 825 4978 mus,
861 4894 952 4968 ut
981 4892 1090 4967 ibi
1151 4893 1456 4967 dictum
1500 4897 1649 4975 est,
1692 4914 1854 4966 non
1899 4896 2168 4986 potest

620 5010 891 5104 ipsum
954 5008 1341 5101 consequi
1400 5006 1562 5079 nisi
1625 5027 1770 5100 per
1857 5009 2167 5085 altissi-

614 5146 836 5199 mum
870 5128 1187 5205 actum3
1234 5123 1690 5197 altissimus
1760 5130 1991 5199 actus
2040 5131 2167 5201 est

612 5242 1041 5315 altissimae
1066 5239 1479 5335 potentiae,
1506 5239 1699 5312 talis
1732 5245 1854 5314 est
1892 5247 2164 5334 poten-

615 5358 733 5432 tia
762 5357 1045 5440 libera,
1103 5377 1277 5449 quae
1310 5359 1435 5429 est
1470 5355 1686 5429 ratio
1744 5382 1757 5424 :
1796 5358 1930 5430 sed
1961 5357 2160 5430 nihil

618 5491 1054 5566 possumus
1085 5473 1318 5556 velle,
1366 5477 1455 5547 ut
1508 5472 1611 5545 ibi
1681 5474 1986 5548 dictum
2035 5480 2160 5549 est

618 5588 776 5662 nisi
818 5590 1279 5684 cognitum;
1325 5610 1488 5662 non
1556 5593 1823 5683 potest
1884 5595 2157 5664 autem

1802 421 1903 483 DE
1949 421 2214 486 RERUM
2260 422 2648 487 PRINCIPIO

2278 587 2663 674 cognosci
2699 607 2966 668 sensu,
3005 607 3186 659 cum
3231 587 3338 660 sit
3371 586 3823 660 substantia

2281 699 2784 791 spiritualis;
2830 722 3031 794 ergo
3069 702 3510 776 intellectu.

2371 817 2599 898 Item,
2647 817 3015 908 potentia
3062 817 3592 911 consequitur
3650 818 3822 889 sub·

2277 931 2694 1015 stantiam,
2731 936 3121 1025 quantum
3180 934 3276 1006 ad
3317 934 3658 1025 gradum
3698 954 3825 1007 no-

2277 1045 2624 1120 bilitatis
2691 1051 2773 1121 et
2841 1049 3375 1131 actualitatis,
3447 1053 3534 1121 ut
3606 1052 3821 1142 patet

2280 1162 2362 1236 in
2433 1164 2651 1236 omni
2694 1165 2946 1255 gradu
2980 1166 3290 1241 entium
3330 1192 3344 1235 :
3391 1167 3525 1240 sed
3585 1165 3822 1240 homo

2276 1283 2402 1354 est
2441 1280 2792 1354 nobilius
2866 1303 3009 1354 ens
3071 1283 3290 1356 omni
3368 1283 3822 1356 substantia

2280 1417 2480 1489 pure
2553 1399 2944 1482 sensibili,
3019 1400 3206 1493 quia
3265 1405 3390 1474 est
3450 1401 3632 1473 finis
3702 1420 3860 1478 ea-.

2282 1533 2515 1595 rum:
2566 1534 2768 1607 ergo
2838 1515 3078 1589 habet
3146 1517 3631 1590 nobiliorem
3696 1537 3824 1609 po-

2276 1631 2645 1714 tentiam,
2703 1652 2943 1725 quam
3015 1634 3126 1707 sit
3177 1634 3630 1708 sensitiva:
3697 1633 3825 1705 sed

2277 1749 2777 1824 intellectiva
2876 1752 3338 1826 immediate
3443 1751 3827 1825 fundatur

2277 1887 2528 1959 supra
2564 1869 3042 1943 sensitivam
3088 1894 3102 1952 ;
3150 1888 3353 1962 ergo
3421 1868 3661 1943 habet
3719 1868 3825 1941 in-

2278 1980 2801 2054 tellectivam.

2369 2096 2610 2180 Item,
2722 2097 3220 2173 intellectiva
3350 2098 3623 2170 anima
3748 2098 3825 2169 in

2275 2218 2668 2306 quantum
2747 2214 3275 2296 intellectiva,
3356 2219 3481 2288 est
3559 2213 3826 2287 forma

2272 2329 2651 2411 hominis,
2714 2334 2800 2404 ut
2846 2334 3064 2423 patet
3101 2330 3180 2402 in
3233 2329 3681 2421 quaestione
3736 2330 3826 2402 de

2269 2445 2419 2520 hoc
2450 2447 2888 2540 disputata,
2914 2473 2928 2517 :
2969 2450 3233 2522 omnis
3261 2452 3535 2522 autem
3562 2447 3830 2519 forma
3857 2480 3874 2497 ·

2269 2563 2817 2641 communicat
2842 2568 3114 2639 actum
3150 2587 3383 2639 suum
3436 2564 3832 2646 mater-iae,

2270 2679 2398 2751 vel
2441 2680 2733 2753 saltem
2800 2683 3287 2774 composito,
3371 2687 3458 2756 ut
3504 2681 3612 2754 ibi
3678 2678 3830 2754 fuit

2276 2801 2744 2879 ostensum:
2808 2817 3009 2888 ergo
3077 2800 3548 2874 necessario
3621 2799 3827 2891 quod

2271 2916 2396 2986 est
2429 2916 2662 2992 actus
2701 2913 3216 2989 intellectiva}
3251 2915 3409 2990 toti
3451 2914 3827 3006 conjunc·

2276 3031 2360 3102 to
2413 3028 3177 3106 communicabitur.

2370 3146 2599 3229 Item,
2674 3145 2919 3221 homo
2970 3168 3156 3221 cum
3217 3147 3323 3223 sit
3372 3148 3611 3221 fibula
3667 3169 3828 3222 om-

2277 3262 2501 3336 nium
2551 3265 3084 3349 naturalium,
3129 3266 3556 3360 conjungit
3598 3286 3822 3359 supe-

2282 3376 2509 3450 riora
2567 3377 3123 3464 inferioribus,
3167 3384 3246 3455 et
3282 3400 3429 3474 per
3467 3379 3636 3453 haec
3674 3400 3828 3453 me-

2278 3496 2498 3569 dium
2565 3501 2690 3570 est
2760 3495 2978 3572 inter
3051 3499 3551 3574 substantias
3627 3519 3828 3593 pure

2279 3612 2703 3685 naturales
2750 3617 2830 3686 et
2865 3633 3069 3707 pure
3103 3614 3607 3707 spirituales,
3646 3635 3826 3689 con—

2282 3729 2548 3802 tinens
2593 3731 2674 3802 in
2731 3731 3046 3806 unitate
3113 3732 3489 3806 essentiae
3531 3754 3829 3826 corpus

2285 3845 2733 3936 perfectum
2768 3848 3292 3932 naturaliter,
3346 3854 3426 3924 et
3466 3849 3823 3923 animam

2284 3965 3104 4056 supernaturaliter:
3200 3971 3280 4041 et
3350 3964 3466 4040 sic
3546 3987 3823 4040 secun-

3898 2477 4028 2539 quaest
4047 2472 4079 2520 9.

2283 4080 2468 4153 dum
2499 4080 2988 4172 Dionysium
3018 4084 3044 4110 *
3082 4082 3508 4177 conjungit
3550 4084 3821 4156 infima
3852 4104 4040 4176 mapa.
4070 4099 4116 4146 de

2284 4216 2857 4289 supremorum
2981 4199 3387 4293 supremis
3517 4200 3819 4274 infimo-

2287 4333 2520 4384 rum:
2595 4312 2730 4385 sed
2800 4313 3088 4387 ultima
3155 4315 3452 4390 notitia
3536 4334 3820 4389 eorum

2286 4449 2460 4521 quae
2540 4430 3099 4522 producuntur
3165 4452 3212 4504 a
3297 4435 3619 4515 natura,
3710 4436 3827 4505 est

2287 4545 2682 4620 sensitiva
2777 4547 3164 4639 cognitio,
3257 4569 3824 4643 supremorum

2284 4665 2406 4734 est
2512 4662 3067 4745 intellectiva:
3148 4684 3349 4757 ergo
3421 4666 3601 4739 istae
3658 4667 3822 4739 duae

2287 4784 2474 4853 sunt
2507 4779 2588 4851 in
2632 4779 2983 4853 homine.

2680 5102 2931 5159 ARTIC.
2991 5105 3033 5160 1.
3095 5104 3299 5162 SECT.
3359 5106 3429 5163 11.

2284 5278 2473 5344 Ultra
2515 5281 3002 5348 intellectivam
3060 5283 3221 5351 dari
3261 5286 3335 5351 in
3373 5288 3640 5354 homine
3678 5307 3817 5374 cog]-

2673 5401 2996 5467 nitionem
3023 5390 3433 5472 sensitivam.

2364 5595 2842 5681 Secundum,
2917 5600 3251 5684 scilicet,
3300 5603 3506 5694 quod
3565 5602 3644 5676 in
3685 5602 3818 5674 ho-

3850 4170 3997 4219 ὤνια.
4014 4177 4120 4214 nom.

3968 5620 4015 5673 3.
