4252 6393
415 808 694 924 Prggc‘um·

748 385 866 450 356

738 553 866 622 est
897 549 1547 634 indeterminata,
1596 550 1709 624 sic
1768 556 1849 625 et
1879 550 2277 642 composi-

736 666 852 740 tio
907 666 986 739 in
1030 666 1219 740 illis.

823 783 1212 877 Septimo,
1290 786 1621 859 ostendo
1710 786 1915 878 quod
1985 784 2067 858 in
2116 784 2278 856 ista

388 934 442 988 τ.
477 935 698 986 mozu-
731 903 1328 995 compositione
1394 902 2045 983 indeterminata,
2091 922 2278 974 cum

494 999 592 1049 εἰσ.

733 1016 1008 1110 aliquo
1092 1018 1635 1093 determinato
1719 1018 2271 1111 superaddito,

731 1132 823 1207 fit
855 1132 937 1205 in
981 1133 1351 1208 omnibus
1392 1135 1711 1210 entibus
1754 1134 2271 1229 compositio.

733 1252 983 1324 Omne
1058 1251 1415 1345 primurn
1494 1252 2115 1334 determinatur,
2196 1255 2277 1327 et

729 1366 1266 1460 distinguitur
1342 1368 1424 1441 in
1509 1369 2109 1462 posterioribus
2194 1374 2275 1443 et

732 1485 1439 1577 consequentibus,
1505 1489 1592 1560 ut
1625 1487 1930 1559 animal
1982 1487 2062 1558 in
2106 1486 2274 1559 suis

734 1601 1152 1695 speciebus
1196 1622 1341 1695 per
1407 1602 1835 1677 distinctas
1898 1608 1979 1678 et
2018 1604 2274 1679 deter-

733 1717 1084 1793 minatas
1132 1718 1634 1795 differentias
1695 1747 1709 1790 ε
1757 1721 1890 1794 sed
1947 1741 2275 1815 compo-

730 1835 924 1909 sitio
992 1835 1152 1910 ista
1218 1837 1487 1931 prima
1544 1838 2076 1930 consequitur
2134 1859 2275 1911 ens

730 1949 1211 2045 inquantum
1279 1973 1459 2038 ens;
1521 1973 1720 2046 ergo
1769 1954 1982 2028 sicut
2039 1956 2276 2048 spiri-

732 2071 863 2143 tus
908 2069 1389 2161 inquantum
1448 2090 1617 2153 ens,
1671 2091 1817 2164 per
1865 2071 2274 2147 rationem

729 2186 1087 2278 aliquam
1144 2188 1763 2272 determinatur,
1810 2195 1897 2264 ut
1939 2196 2162 2283 patet
2195 2192 2277 2264 in

728 2304 1037 2396 Angelo
1094 2309 1174 2379 et
1227 2305 1523 2388 anima,
1609 2310 1689 2381 et
1732 2308 1846 2381 sic
1900 2309 1993 2381 de
2041 2309 2270 2392 aliis;

730 2419 846 2493 sic
904 2420 1155 2495 etiam
1222 2421 1383 2495 ista
1450 2424 1940 2516 compositio
2017 2425 2275 2499 deter-

731 2537 1093 2611 minatur
1182 2543 1264 2613 et
1323 2540 1846 2632 specificatur
1904 2562 2049 2635 per
2091 2543 2273 2635 quid

730 2656 1387 2748 superadditum;
1451 2661 1531 2732 et
1574 2658 1689 2731 sic
1749 2661 2274 2752 componitur

729 2792 966 2846 omne
1003 2794 1146 2847 ens
1189 2773 1617 2868 spirituale
1645 2796 1745 2848 ex
1785 2777 2105 2852 ratione
2148 2780 2274 2853 sui

731 2889 1335 2964 indeterminati
1403 2894 1485 2965 et
1551 2891 1824 2984 aliquo
1895 2896 2272 2988 superad-

726 3003 919 3086 dito,
992 3006 1108 3079 ita
1149 3006 1353 3097 quod
1423 3006 1504 3079 in
1548 3008 1816 3100 prima
1874 3012 2272 3104 composi-

730 3120 981 3196 tionis
1051 3121 1373 3196 ratione
1440 3124 1958 3208 conveniunt,
2040 3131 2122 3202 et
2193 3127 2273 3202 in

727 3237 894 3312 alio
959 3238 1364 3322 differunt,
1439 3241 1628 3333 quia
1695 3241 1836 3315 illa
1897 3244 2274 3337 superad-

726 3353 894 3429 dita
932 3359 1059 3430 est
1109 3356 1327 3432 ratio
1388 3356 1836 3450 singularis
1879 3362 2274 3454 composi·

727 3470 1001 3555 tionis,
1035 3476 1117 3547 et
1146 3473 1521 3549 entitatis
1556 3475 1636 3547 in
1670 3476 2027 3567 quolibet
2060 3482 2272 3553 ente.

819 3591 1050 3673 Item,
1136 3596 1557 3666 ostensum
1625 3596 2016 3687 estquod
2102 3596 2273 3670 haec

727 3708 1220 3800 compositio
1308 3709 1680 3802 sequitur
1750 3731 1985 3784 omne
2052 3735 2273 3788 crea-

727 3827 901 3898 tum
950 3849 965 3894 ε
1022 3826 1155 3897 sed
1199 3846 1434 3899 omne
1477 3826 1731 3919 prius,
1778 3849 1863 3899 se
1912 3831 1993 3901 et
2039 3850 2272 3902 suam

726 3942 1318 4035 proprietatem
1366 3943 1631 4017 salvat
1671 3942 1750 4014 in
1793 3945 2268 4037 posteriori,

725 4078 871 4150 per
938 4054 1342 4133 rationem
1394 4081 1550 4152 qua
1592 4059 1845 4153 prius,
1904 4066 1984 4136 et
2036 4082 2271 4136 omne

725 4176 1094 4267 poterius
1154 4197 1299 4270 per
1358 4178 1761 4252 rationem
1872 4199 2030 4271 qua
2091 4201 2270 4274 pos-

723 4298 1008 4378 terius,
1082 4297 1295 4371 addit
1363 4298 1720 4390 aliquam
1790 4301 2082 4374 saltem
2147 4322 2268 4375 ra·

722 4412 1028 4486 tionem
1062 4414 1155 4485 ad
1195 4414 1424 4508 prius
1461 4439 1475 4496 ;
1513 4435 1711 4507 ergo
1762 4418 1978 4491 ratio
2021 4420 2260 4502 entis,

724 4551 896 4622 quae
946 4534 1073 4604 est
1134 4531 1390 4624 prior,
1444 4551 1629 4605 cum
1687 4537 1870 4608 ente
1932 4537 2267 4628 speciali

722 4646 1096 4721 salvatur
1205 4646 1286 4719 in
1352 4648 1658 4739 Angelo
1743 4653 1824 4723 et
1910 4652 2267 4742 quolibet

723 4762 887 4836 alio
928 4766 1112 4837 ente
1162 4764 1524 4856 speciali,
1589 4769 1669 4839 et
1724 4767 2105 4857 Angelus,
2154 4768 2264 4840 in-

723 4882 1112 4970 quantum
1145 4901 1285 4954 ens
1354 4880 1792 4975 posterius,
1849 4883 2063 4957 addit
2122 4884 2263 4957 ali-

717 5015 959 5087 quam
1029 4991 1435 5071 rationem
1486 5018 1652 5071 suae
1694 4999 2262 5091 posteriorita-

717 5110 862 5194 tis;
952 5131 1151 5205 ergo
1222 5114 1693 5187 necessario
1765 5135 2001 5188 omne
2086 5137 2254 5200 enS,

713 5230 1296 5323 cujuscumque
1328 5230 1437 5306 sit
1486 5230 1809 5325 speciei,
1872 5236 1998 5306 est
2039 5254 2261 5307 com-

711 5347 1070 5438 positum
1121 5369 1219 5419 ex
1281 5347 1603 5422 ratione
1680 5348 1985 5441 prioris
2045 5369 2257 5422 com-

708 5462 1140 5554 positionis
1222 5464 1899 5546 indeterminatae,
1945 5470 2024 5539 et
2075 5486 2258 5558 pos-

708 5579 1045 5654 terioris
1085 5579 1632 5655 determinati.

1913 391 2017 453 DE
2060 387 2324 454 RERUM
2371 388 2758 453 PRlNClPlO

2479 553 2709 632 Item,
2786 552 3057 624 omnia
3136 551 3358 626 entia
3432 549 3723 624 habent
3785 548 3905 622 ali-

2390 688 2630 759 quam
2719 668 3276 751 concordiam,
3359 671 3440 742 et
3532 665 3903 740 unitatem

2390 784 2865 859 substantiae
2963 786 3400 859 secundum
3497 782 3755 875 magis
3837 790 3907 858 et

2391 901 2682 983 minus,
2720 906 2807 976 ut
2856 902 3131 976 omnia
3162 902 3384 977 entia
3424 902 3506 974 in
3543 900 3904 975 entitate:

2387 1016 2631 1091 homo
2717 1022 2798 1092 et
2865 1011 3118 1113 equus
3197 1018 3278 1091 in
3373 1017 3907 1096 sensualitate.

2388 1131 2682 1208 habent
2748 1134 2999 1208 etiam
3070 1134 3286 1208 inter
3343 1154 3428 1206 se
3485 1130 3916 1206 distinctio-

2387 1269 2571 1321 nem
2607 1273 2622 1331 ;
2658 1269 2859 1342 ergo
2907 1253 3258 1344 oportet,
3311 1254 3401 1324 ut
3461 1248 3680 1322 illius
3720 1267 3913 1321 com·

2390 1366 2655 1439 munis
2717 1366 3197 1449 concordiae,
3276 1371 3358 1442 et
3425 1365 3764 1440 unitatis
3821 1365 3917 1440 sit

2385 1482 2709 1576 aliquod
2775 1486 3384 1559 fundamentum
3461 1484 3544 1556 in
3613 1484 3916 1559 ratione

2386 1601 2596 1674 entis
2657 1601 3120 1695 compositi,
3182 1605 3263 1676 et
3325 1600 3544 1674 illius
3609 1600 3921 1675 distinc-

2387 1718 2636 1793 tionis
2696 1719 3017 1812 aliquod
3094 1718 3756 1804 additamentum,
3817 1739 3924 1791 se·

2388 1834 2734 1909 cundum
2795 1836 3004 1928 quod
3083 1836 3357 1910 omnia
3430 1837 3654 1911 entia
3719 1836 3923 1910 diffc-

2390 1957 2583 2027 runt
2657 1953 2915 2026 variis
3002 1953 3292 2035 modis;
3366 1972 3564 2046 ergo
3661 1953 3925 2027 omnia

2387 2069 2609 2144 entia
2687 2073 2875 2143 sunt
2958 2069 3420 2162 composita
3494 2090 3594 2143 ex
3660 2071 3968 2163 aliquo·

2390 2182 3015 2258 indeterminato
3102 2187 3184 2258 ct
3277 2184 3764 2277 composito,
3852 2183 3927 2256 in

2389 2321 2544 2393 quo
2613 2301 3129 2382 conveniunt,
3200 2305 3282 2374 et
3350 2300 3467 2374 sic
3532 2305 3657 2375 est
3719 2300 3928 2375 ratio

2386 2416 2597 2490 entis
2683 2417 2969 2498 creati,
3032 2420 3114 2489 et
3190 2437 3289 2488 ex
3344 2414 3619 2508 aliquo
3676 2416 3929 2490 deter-

2390 2534 2732 2616 minato,
2829 2534 2908 2606 in
2994 2554 3190 2625 quo,
3278 2534 3407 2606 vel
3497 2553 3640 2626 per
3729 2533 3930 2627 quod

2386 2650 2794 2724 differunt.

2415 2799 2424 2804 ·
2473 2776 2804 2858 Octavo,
2845 2777 3176 2849 ostendo
3228 2775 3435 2867 quod
3484 2772 3677 2846 illud
3730 2772 3934 2846 inde-

3974 2790 4191 2907 Ρτέἔᾶῑω*

2383 2890 2945 2972 terminatum,
2991 2891 3198 2983 quod
3239 2891 3454 2965 cadit
3495 2889 3574 2962 in
3607 2909 4191 2997 οοῐῐιρο·ε.ρωιειψ

2385 3006 2767 3080 sitionem
2853 3005 3288 3098 cujuslibet
3373 3006 3585 3080 entis
3684 3005 3934 3100 parti·

2385 3122 2717 3204 cularis,
2796 3121 3400 3198 diversificatur
3493 3123 3935 3198 secundum

2382 3239 2943 3314 diversitatem
2984 3243 3340 3321 actuum,
3385 3239 3511 3313 vel
3557 3238 3940 3315 determi-

2385 3357 2768 3431 nationis
2842 3358 3093 3430 Actus
3154 3355 3291 3429 ille
3362 3342 3939 3451 superadditus

2384 3473 2570 3547 huic
2639 3474 3268 3549 indeterminato
3338 3494 3423 3547 se
3487 3472 3734 3550 habet
3793 3494 3943 3547 suo

2388 3592 2620 3666 modo
2684 3591 2780 3664 ad
2842 3591 3137 3685 ipsum,
3211 3592 3424 3667 sicut
3497 3592 3775 3665 forma
3848 3590 3946 3663 ad

2388 3708 2822 3783 materiam
2877 3734 2892 3779 ε
2949 3708 3218 3782 forma
3281 3707 3498 3782 enim
3563 3708 3950 3784 materiae

2383 3845 2545 3898 non
2597 3825 2934 3918 respicit
2998 3845 3180 3899 eam
3249 3825 3397 3897 sub
3472 3824 3952 3900 indetermi-

2384 3942 2738 4023 natione,
2821 3962 3062 4034 quam
3128 3941 3221 4015 de
3291 3962 3376 4014 se
3441 3941 3709 4026 habet,
3809 3943 3950 4015 sed

2381 4077 2562 4131 eam
2639 4057 2899 4132 trahit
2982 4058 3078 4130 ad
3156 4079 3267 4141 se,
3355 4061 3437 4132 et
3522 4058 3619 4130 ad
3699 4077 3951 4130 suam

2383 4175 2997 4257 actualitatem;
3057 4193 3256 4265 ergo
3300 4174 3416 4248 ita
3465 4173 3952 4248 indetermi-

2381 4296 2661 4396 natum
2722 4292 3258 4385 distinguitur
3306 4292 3750 4365 secundum
3826 4292 3956 4365 de-

2380 4409 3048 4483 terminationem
3118 4411 3477 4481 actuum.

2473 4534 2703 4615 Item,
2793 4534 2859 4605 si
2940 4532 3135 4605 illud
3203 4530 3954 4607 indeterminatum

2378 4670 2540 4723 non
2583 4650 2688 4723 sit
2725 4650 3064 4724 realiter
3102 4648 3580 4723 distinctum
3616 4648 3698 4720 in
3747 4669 3956 4742 quo-

2378 4765 2570 4841 libet
2611 4770 2818 4848 ente,
2875 4767 3247 4859 sequitur
3307 4765 3516 4857 quod
3556 4763 3769 4837 nihil
3816 4769 3956 4840 est

2375 4900 2566 4955 vere
2600 4882 2679 4955 in
2714 4905 2822 4965 se,
2859 4903 3004 4955 nec
3044 4882 3143 4956 ab
3175 4880 3362 4955 aliis
3402 4880 3951 4956 distinctum:

2375 5018 2535 5071 non
2584 4998 2799 5071 enim
2873 4997 3146 5071 omnia
3205 5000 3396 5072 sunt
3462 4996 3960 5089 composita

2371 5132 2470 5187 ex
2505 5113 2645 5188 illo
2689 5114 3341 5197 indeterminato,
3377 5116 3460 5188 et
3490 5133 3638 5186 suo
3668 5112 3959 5188 deter-

2374 5231 2712 5314 minato,
2759 5231 2828 5304 si
2872 5229 3588 5306 indeterminatum
3622 5249 3953 5312 meum,

2371 5352 2451 5422 et
2512 5352 2743 5423 tuum
2786 5369 2947 5421 non
3015 5353 3205 5423 sunt
3243 5348 3594 5429 diversa,
3654 5349 3744 5421 et
3825 5350 3957 5423 ta-

2375 5485 2557 5537 men
2595 5466 3229 5539 determinatum
3271 5483 3539 5538 meum
3570 5467 3650 5536 et
3685 5465 3954 5537 tuum

2373 5586 2561 5655 sunt
2606 5581 3026 5665 distincta;
3091 5601 3294 5675 ergo
3355 5602 3538 5656 sum
3592 5579 3959 5655 distinc-

4017 2997 4084 3034 to.
