<?xml version="1.0" encoding="UTF-8"?>
<!DOCTYPE html PUBLIC "-//W3C//DTD XHTML 1.0 Transitional//EN"
    "http://www.w3.org/TR/xhtml1/DTD/xhtml1-transitional.dtd">
<html xmlns="http://www.w3.org/1999/xhtml" xml:lang="en" lang="en">
 <head>
  <title>
</title>
<meta http-equiv="Content-Type" content="text/html;charset=utf-8" />
  <meta name='ocr-system' content='tesseract 3.04.00' />
  <meta name='ocr-capabilities' content='ocr_page ocr_carea ocr_par ocr_line ocrx_word'/>
</head>
<body>
  <div class='ocr_page' id='page_1' title='image "./joannisdunsscot03waddgoog_0486.png"; bbox 0 0 4252 6393; ppageno 0'>
   <div class='ocr_carea' id='block_1_1' title="bbox 494 3191 575 3246">
    <p class='ocr_par' dir='ltr' id='par_1_1' title="bbox 494 3191 575 3246">
     <span class='ocr_line' id='line_1_1' title="bbox 494 3191 575 3246; baseline 0.025 -3"><span class='ocrx_word' id='word_1_1' title='bbox 494 3191 575 3246; x_wconf 81' lang='lat'>30.</span> 
     </span>
    </p>
   </div>
   <div class='ocr_carea' id='block_1_2' title="bbox 374 4967 669 5087">
    <p class='ocr_par' dir='ltr' id='par_1_2' title="bbox 374 4967 669 5087">
     <span class='ocr_line' id='line_1_2' title="bbox 374 4967 669 5087; baseline 0.007 -67"><span class='ocrx_word' id='word_1_2' title='bbox 374 4984 505 5087; x_wconf 48' lang='lat'><strong>63:1-</strong></span> <span class='ocrx_word' id='word_1_3' title='bbox 531 4967 583 5021; x_wconf 76' lang='lat'>⁹.</span> <span class='ocrx_word' id='word_1_4' title='bbox 617 4986 669 5022; x_wconf 89' lang='lat' dir='ltr'>n.</span> 
     </span>
    </p>
   </div>
   <div class='ocr_carea' id='block_1_3' title="bbox 721 463 2742 530">
    <p class='ocr_par' dir='ltr' id='par_1_3' title="bbox 721 463 2742 530">
     <span class='ocr_line' id='line_1_3' title="bbox 721 463 2742 530; baseline 0 -2"><span class='ocrx_word' id='word_1_5' title='bbox 721 464 840 529; x_wconf 80' lang='lat'>456</span> <span class='ocrx_word' id='word_1_6' title='bbox 1900 466 2001 528; x_wconf 89' lang='lat' dir='ltr'>DE</span> <span class='ocrx_word' id='word_1_7' title='bbox 2045 465 2312 530; x_wconf 85' lang='lat' dir='ltr'><strong>RERUM</strong></span> <span class='ocrx_word' id='word_1_8' title='bbox 2354 463 2742 529; x_wconf 73' lang='lat' dir='ltr'>PRINCIPIO</span> 
     </span>
    </p>
   </div>
   <div class='ocr_carea' id='block_1_4' title="bbox 709 627 2268 5726">
    <p class='ocr_par' dir='ltr' id='par_1_4' title="bbox 711 627 2264 1769">
     <span class='ocr_line' id='line_1_4' title="bbox 715 627 2264 721; baseline -0.003 -21"><span class='ocrx_word' id='word_1_9' title='bbox 715 630 1107 719; x_wconf 79' lang='lat' dir='ltr'>tanquam</span> <span class='ocrx_word' id='word_1_10' title='bbox 1153 627 1552 721; x_wconf 86' lang='lat' dir='ltr'>principio</span> <span class='ocrx_word' id='word_1_11' title='bbox 1605 628 1924 698; x_wconf 90' lang='lat' dir='ltr'>remoto</span> <span class='ocrx_word' id='word_1_12' title='bbox 1982 645 2264 718; x_wconf 89' lang='lat' dir='ltr'>opera-</span> 
     </span>
     <span class='ocr_line' id='line_1_5' title="bbox 716 741 2256 836; baseline -0.001 -20"><span class='ocrx_word' id='word_1_13' title='bbox 716 748 879 826; x_wconf 90' lang='lat' dir='ltr'>tur,</span> <span class='ocrx_word' id='word_1_14' title='bbox 954 742 1059 818; x_wconf 89' lang='lat' dir='ltr'>sit</span> <span class='ocrx_word' id='word_1_15' title='bbox 1136 744 1310 836; x_wconf 89' lang='lat' dir='ltr'>ejus</span> <span class='ocrx_word' id='word_1_16' title='bbox 1380 741 1772 836; x_wconf 78' lang='lat' dir='ltr'>perfectio</span> <span class='ocrx_word' id='word_1_17' title='bbox 1865 744 2256 824; x_wconf 80' lang='lat' dir='ltr'>materiae,</span> 
     </span>
     <span class='ocr_line' id='line_1_6' title="bbox 713 859 2261 954; baseline 0.001 -23"><span class='ocrx_word' id='word_1_18' title='bbox 713 860 842 933; x_wconf 90' lang='lat' dir='ltr'>vel</span> <span class='ocrx_word' id='word_1_19' title='bbox 901 859 1333 954; x_wconf 79' lang='lat' dir='ltr'>compositi</span> <span class='ocrx_word' id='word_1_20' title='bbox 1377 880 1522 953; x_wconf 91' lang='lat' dir='ltr'>per</span> <span class='ocrx_word' id='word_1_21' title='bbox 1582 879 1691 942; x_wconf 90' lang='lat' dir='ltr'>se,</span> <span class='ocrx_word' id='word_1_22' title='bbox 1738 861 2107 952; x_wconf 87' lang='lat' dir='ltr'>quamvis</span> <span class='ocrx_word' id='word_1_23' title='bbox 2167 862 2261 934; x_wconf 92' lang='lat' dir='ltr'>il-</span> 
     </span>
     <span class='ocr_line' id='line_1_7' title="bbox 717 974 2260 1069; baseline 0.003 -22"><span class='ocrx_word' id='word_1_24' title='bbox 717 974 869 1059; x_wconf 90' lang='lat' dir='ltr'>lud,</span> <span class='ocrx_word' id='word_1_25' title='bbox 926 997 1081 1068; x_wconf 89' lang='lat' dir='ltr'>quo</span> <span class='ocrx_word' id='word_1_26' title='bbox 1146 975 1607 1048; x_wconf 89' lang='lat' dir='ltr'>immediate</span> <span class='ocrx_word' id='word_1_27' title='bbox 1687 981 2103 1069; x_wconf 87' lang='lat' dir='ltr'>operatur,</span> <span class='ocrx_word' id='word_1_28' title='bbox 2154 978 2260 1053; x_wconf 91' lang='lat' dir='ltr'>sit</span> 
     </span>
     <span class='ocr_line' id='line_1_8' title="bbox 711 1092 2258 1185; baseline 0.004 -22"><span class='ocrx_word' id='word_1_29' title='bbox 711 1092 888 1184; x_wconf 88' lang='lat' dir='ltr'>ejus</span> <span class='ocrx_word' id='word_1_30' title='bbox 932 1093 1323 1185; x_wconf 76' lang='lat' dir='ltr'>perfectio</span> <span class='ocrx_word' id='word_1_31' title='bbox 1397 1112 1541 1185; x_wconf 90' lang='lat' dir='ltr'>per</span> <span class='ocrx_word' id='word_1_32' title='bbox 1592 1094 1983 1176; x_wconf 88' lang='lat' dir='ltr'>accidens,</span> <span class='ocrx_word' id='word_1_33' title='bbox 2050 1096 2258 1169; x_wconf 90' lang='lat' dir='ltr'>sicut</span> 
     </span>
     <span class='ocr_line' id='line_1_9' title="bbox 711 1208 2259 1304; baseline 0.003 -23"><span class='ocrx_word' id='word_1_34' title='bbox 711 1211 936 1284; x_wconf 88' lang='lat' dir='ltr'>totus</span> <span class='ocrx_word' id='word_1_35' title='bbox 1006 1208 1214 1300; x_wconf 79' lang='lat' dir='ltr'>ignis</span> <span class='ocrx_word' id='word_1_36' title='bbox 1281 1230 1425 1303; x_wconf 92' lang='lat' dir='ltr'>per</span> <span class='ocrx_word' id='word_1_37' title='bbox 1493 1232 1601 1292; x_wconf 91' lang='lat' dir='ltr'>se,</span> <span class='ocrx_word' id='word_1_38' title='bbox 1666 1212 1835 1302; x_wconf 79' lang='lat' dir='ltr'>agit</span> <span class='ocrx_word' id='word_1_39' title='bbox 1896 1233 2042 1304; x_wconf 88' lang='lat' dir='ltr'>per</span> <span class='ocrx_word' id='word_1_40' title='bbox 2099 1213 2259 1286; x_wconf 83' lang='lat' dir='ltr'>for-</span> 
     </span>
     <span class='ocr_line' id='line_1_10' title="bbox 716 1327 2259 1419; baseline 0.005 -21"><span class='ocrx_word' id='word_1_41' title='bbox 716 1346 934 1399; x_wconf 89' lang='lat' dir='ltr'>mam</span> <span class='ocrx_word' id='word_1_42' title='bbox 1013 1327 1247 1418; x_wconf 76' lang='lat' dir='ltr'>igniS,</span> <span class='ocrx_word' id='word_1_43' title='bbox 1300 1327 1673 1419; x_wconf 89' lang='lat' dir='ltr'>quamvis</span> <span class='ocrx_word' id='word_1_44' title='bbox 1724 1329 2097 1404; x_wconf 78' lang='lat' dir='ltr'>caliditas</span> <span class='ocrx_word' id='word_1_45' title='bbox 2154 1332 2259 1406; x_wconf 90' lang='lat' dir='ltr'>sit</span> 
     </span>
     <span class='ocr_line' id='line_1_11' title="bbox 719 1443 2262 1541; baseline 0.006 -27"><span class='ocrx_word' id='word_1_46' title='bbox 719 1463 865 1535; x_wconf 90' lang='lat' dir='ltr'>per</span> <span class='ocrx_word' id='word_1_47' title='bbox 907 1443 1275 1516; x_wconf 88' lang='lat' dir='ltr'>accidens</span> <span class='ocrx_word' id='word_1_48' title='bbox 1324 1443 1721 1536; x_wconf 75' lang='lat' dir='ltr'>perfectio</span> <span class='ocrx_word' id='word_1_49' title='bbox 1778 1447 2015 1538; x_wconf 82' lang='lat' dir='ltr'>ignis,</span> <span class='ocrx_word' id='word_1_50' title='bbox 2073 1451 2262 1541; x_wconf 87' lang='lat' dir='ltr'>quia</span> 
     </span>
     <span class='ocr_line' id='line_1_12' title="bbox 717 1558 2260 1639; baseline 0.006 -9"><span class='ocrx_word' id='word_1_51' title='bbox 717 1579 881 1631; x_wconf 91' lang='lat' dir='ltr'>non</span> <span class='ocrx_word' id='word_1_52' title='bbox 976 1562 1099 1632; x_wconf 90' lang='lat' dir='ltr'>est</span> <span class='ocrx_word' id='word_1_53' title='bbox 1178 1558 1447 1632; x_wconf 84' lang='lat' dir='ltr'>forma</span> <span class='ocrx_word' id='word_1_54' title='bbox 1533 1562 2260 1639; x_wconf 85' lang='lat' dir='ltr'>consubstantialis</span> 
     </span>
     <span class='ocr_line' id='line_1_13' title="bbox 719 1675 920 1769; baseline -0.01 -22"><span class='ocrx_word' id='word_1_55' title='bbox 719 1675 920 1769; x_wconf 86' lang='lat' dir='ltr'>ejus.</span> 
     </span>
    </p>

    <p class='ocr_par' dir='ltr' id='par_1_5' title="bbox 709 1792 2268 3169">
     <span class='ocr_line' id='line_1_14' title="bbox 810 1792 2263 1890; baseline 0.007 -27"><span class='ocrx_word' id='word_1_56' title='bbox 810 1794 930 1864; x_wconf 84' lang='lat' dir='ltr'>Ex</span> <span class='ocrx_word' id='word_1_57' title='bbox 986 1792 1110 1865; x_wconf 90' lang='lat' dir='ltr'>his</span> <span class='ocrx_word' id='word_1_58' title='bbox 1156 1794 1406 1885; x_wconf 84' lang='lat' dir='ltr'>patet,</span> <span class='ocrx_word' id='word_1_59' title='bbox 1474 1797 1685 1886; x_wconf 89' lang='lat' dir='ltr'>quod</span> <span class='ocrx_word' id='word_1_60' title='bbox 1747 1799 2112 1890; x_wconf 76' lang='lat' dir='ltr'>potentia</span> <span class='ocrx_word' id='word_1_61' title='bbox 2156 1801 2263 1872; x_wconf 92' lang='lat' dir='ltr'>in-</span> 
     </span>
     <span class='ocr_line' id='line_1_15' title="bbox 717 1907 2263 1991; baseline 0.006 -10"><span class='ocrx_word' id='word_1_62' title='bbox 717 1907 1155 1991; x_wconf 88' lang='lat' dir='ltr'>tellectiva,</span> <span class='ocrx_word' id='word_1_63' title='bbox 1194 1912 1317 1981; x_wconf 88' lang='lat' dir='ltr'>est</span> <span class='ocrx_word' id='word_1_64' title='bbox 1353 1909 1434 1981; x_wconf 94' lang='lat' dir='ltr'>in</span> <span class='ocrx_word' id='word_1_65' title='bbox 1478 1911 1936 1987; x_wconf 85' lang='lat' dir='ltr'>substantia</span> <span class='ocrx_word' id='word_1_66' title='bbox 1971 1918 2263 1990; x_wconf 80' lang='lat' dir='ltr'>animae</span> 
     </span>
     <span class='ocr_line' id='line_1_16' title="bbox 715 2027 2264 2122; baseline 0.008 -25"><span class='ocrx_word' id='word_1_67' title='bbox 715 2045 863 2118; x_wconf 89' lang='lat' dir='ltr'>per</span> <span class='ocrx_word' id='word_1_68' title='bbox 903 2047 988 2099; x_wconf 90' lang='lat' dir='ltr'>se</span> <span class='ocrx_word' id='word_1_69' title='bbox 1066 2029 1153 2099; x_wconf 89' lang='lat' dir='ltr'>ut</span> <span class='ocrx_word' id='word_1_70' title='bbox 1218 2027 1296 2098; x_wconf 90' lang='lat' dir='ltr'>in</span> <span class='ocrx_word' id='word_1_71' title='bbox 1364 2028 1756 2122; x_wconf 85' lang='lat' dir='ltr'>subjecto,</span> <span class='ocrx_word' id='word_1_72' title='bbox 1808 2031 2016 2105; x_wconf 86' lang='lat' dir='ltr'>sicut</span> <span class='ocrx_word' id='word_1_73' title='bbox 2059 2037 2264 2109; x_wconf 90' lang='lat' dir='ltr'>acci·</span> 
     </span>
     <span class='ocr_line' id='line_1_17' title="bbox 715 2142 2265 2225; baseline 0.006 -12"><span class='ocrx_word' id='word_1_74' title='bbox 715 2142 933 2225; x_wconf 81' lang='lat' dir='ltr'>denS,</span> <span class='ocrx_word' id='word_1_75' title='bbox 978 2142 1107 2215; x_wconf 91' lang='lat' dir='ltr'>vel</span> <span class='ocrx_word' id='word_1_76' title='bbox 1163 2144 1463 2218; x_wconf 89' lang='lat' dir='ltr'>habens</span> <span class='ocrx_word' id='word_1_77' title='bbox 1525 2149 1846 2220; x_wconf 91' lang='lat' dir='ltr'>modum</span> <span class='ocrx_word' id='word_1_78' title='bbox 1910 2152 2265 2225; x_wconf 89' lang='lat' dir='ltr'>acciden-</span> 
     </span>
     <span class='ocr_line' id='line_1_18' title="bbox 715 2258 2262 2355; baseline 0.008 -25"><span class='ocrx_word' id='word_1_79' title='bbox 715 2258 849 2331; x_wconf 90' lang='lat' dir='ltr'>tis:</span> <span class='ocrx_word' id='word_1_80' title='bbox 888 2259 969 2332; x_wconf 92' lang='lat' dir='ltr'>in</span> <span class='ocrx_word' id='word_1_81' title='bbox 995 2282 1343 2355; x_wconf 89' lang='lat' dir='ltr'>corpore</span> <span class='ocrx_word' id='word_1_82' title='bbox 1374 2284 1574 2338; x_wconf 90' lang='lat' dir='ltr'>vero</span> <span class='ocrx_word' id='word_1_83' title='bbox 1608 2264 1957 2339; x_wconf 86' lang='lat' dir='ltr'>humano</span> <span class='ocrx_word' id='word_1_84' title='bbox 1973 2288 2117 2342; x_wconf 90' lang='lat' dir='ltr'>nee</span> <span class='ocrx_word' id='word_1_85' title='bbox 2142 2274 2262 2343; x_wconf 81' lang='lat' dir='ltr'>est</span> 
     </span>
     <span class='ocr_line' id='line_1_19' title="bbox 719 2380 2268 2470; baseline 0.006 -23"><span class='ocrx_word' id='word_1_86' title='bbox 719 2394 865 2466; x_wconf 89' lang='lat' dir='ltr'>per</span> <span class='ocrx_word' id='word_1_87' title='bbox 906 2396 1014 2458; x_wconf 90' lang='lat' dir='ltr'>se,</span> <span class='ocrx_word' id='word_1_88' title='bbox 1052 2397 1197 2450; x_wconf 91' lang='lat' dir='ltr'>nec</span> <span class='ocrx_word' id='word_1_89' title='bbox 1240 2398 1385 2470; x_wconf 89' lang='lat' dir='ltr'>per</span> <span class='ocrx_word' id='word_1_90' title='bbox 1434 2380 1802 2454; x_wconf 89' lang='lat' dir='ltr'>accidens</span> <span class='ocrx_word' id='word_1_91' title='bbox 1848 2383 2048 2455; x_wconf 88' lang='lat' dir='ltr'>utin</span> <span class='ocrx_word' id='word_1_92' title='bbox 2090 2386 2268 2456; x_wconf 89' lang='lat' dir='ltr'>sub-</span> 
     </span>
     <span class='ocr_line' id='line_1_20' title="bbox 709 2490 2263 2590; baseline 0.008 -28"><span class='ocrx_word' id='word_1_93' title='bbox 709 2490 957 2582; x_wconf 88' lang='lat' dir='ltr'>jecto,</span> <span class='ocrx_word' id='word_1_94' title='bbox 1011 2498 1431 2568; x_wconf 88' lang='lat' dir='ltr'>esttamen</span> <span class='ocrx_word' id='word_1_95' title='bbox 1467 2495 1547 2567; x_wconf 93' lang='lat' dir='ltr'>in</span> <span class='ocrx_word' id='word_1_96' title='bbox 1569 2518 1664 2569; x_wconf 86' lang='lat' dir='ltr'>eo</span> <span class='ocrx_word' id='word_1_97' title='bbox 1690 2519 1835 2590; x_wconf 88' lang='lat' dir='ltr'>per</span> <span class='ocrx_word' id='word_1_98' title='bbox 1867 2501 2263 2585; x_wconf 87' lang='lat' dir='ltr'>accidens,</span> 
     </span>
     <span class='ocr_line' id='line_1_21' title="bbox 717 2609 2268 2710; baseline 0.008 -32"><span class='ocrx_word' id='word_1_99' title='bbox 717 2611 797 2680; x_wconf 90' lang='lat' dir='ltr'>et</span> <span class='ocrx_word' id='word_1_100' title='bbox 837 2627 985 2699; x_wconf 89' lang='lat' dir='ltr'>per</span> <span class='ocrx_word' id='word_1_101' title='bbox 1053 2609 1628 2694; x_wconf 90' lang='lat' dir='ltr'>reductionem,</span> <span class='ocrx_word' id='word_1_102' title='bbox 1712 2615 1921 2688; x_wconf 87' lang='lat' dir='ltr'>sicut</span> <span class='ocrx_word' id='word_1_103' title='bbox 1967 2617 2268 2710; x_wconf 86' lang='lat' dir='ltr'>perfec·</span> 
     </span>
     <span class='ocr_line' id='line_1_22' title="bbox 717 2721 2263 2818; baseline 0.008 -25"><span class='ocrx_word' id='word_1_104' title='bbox 717 2721 835 2794; x_wconf 89' lang='lat' dir='ltr'>tio</span> <span class='ocrx_word' id='word_1_105' title='bbox 913 2725 992 2797; x_wconf 90' lang='lat' dir='ltr'>in</span> <span class='ocrx_word' id='word_1_106' title='bbox 1060 2726 1570 2818; x_wconf 87' lang='lat' dir='ltr'>perfectibili,</span> <span class='ocrx_word' id='word_1_107' title='bbox 1645 2732 1877 2803; x_wconf 91' lang='lat' dir='ltr'>modo</span> <span class='ocrx_word' id='word_1_108' title='bbox 1970 2734 2186 2808; x_wconf 91' lang='lat' dir='ltr'>dicto</span> <span class='ocrx_word' id='word_1_109' title='bbox 2249 2761 2263 2805; x_wconf 76' lang='grc' dir='ltr'>ε</span> 
     </span>
     <span class='ocr_line' id='line_1_23' title="bbox 719 2840 2268 2923; baseline 0.008 -11"><span class='ocrx_word' id='word_1_110' title='bbox 719 2840 1178 2915; x_wconf 87' lang='lat' dir='ltr'>substantia</span> <span class='ocrx_word' id='word_1_111' title='bbox 1221 2863 1418 2915; x_wconf 89' lang='lat' dir='ltr'>vcro</span> <span class='ocrx_word' id='word_1_112' title='bbox 1464 2844 1753 2918; x_wconf 84' lang='lat' dir='ltr'>animae</span> <span class='ocrx_word' id='word_1_113' title='bbox 1794 2852 1918 2920; x_wconf 91' lang='lat' dir='ltr'>est</span> <span class='ocrx_word' id='word_1_114' title='bbox 1976 2848 2054 2920; x_wconf 91' lang='lat' dir='ltr'>in</span> <span class='ocrx_word' id='word_1_115' title='bbox 2104 2871 2268 2923; x_wconf 86' lang='lat' dir='ltr'>ma-</span> 
     </span>
     <span class='ocr_line' id='line_1_24' title="bbox 717 2958 2266 3061; baseline 0.006 -30"><span class='ocrx_word' id='word_1_116' title='bbox 717 2958 955 3040; x_wconf 89' lang='lat' dir='ltr'>teria,</span> <span class='ocrx_word' id='word_1_117' title='bbox 991 2960 1070 3032; x_wconf 88' lang='lat' dir='ltr'>et</span> <span class='ocrx_word' id='word_1_118' title='bbox 1114 2958 1193 3031; x_wconf 91' lang='lat' dir='ltr'>in</span> <span class='ocrx_word' id='word_1_119' title='bbox 1227 2980 1575 3053; x_wconf 89' lang='lat' dir='ltr'>corpore</span> <span class='ocrx_word' id='word_1_120' title='bbox 1621 2985 1764 3057; x_wconf 89' lang='lat' dir='ltr'>per</span> <span class='ocrx_word' id='word_1_121' title='bbox 1805 2987 1914 3048; x_wconf 82' lang='lat' dir='ltr'>se,</span> <span class='ocrx_word' id='word_1_122' title='bbox 1954 2970 2038 3040; x_wconf 89' lang='lat' dir='ltr'>ut</span> <span class='ocrx_word' id='word_1_123' title='bbox 2086 2989 2266 3061; x_wconf 88' lang='lat' dir='ltr'>per-</span> 
     </span>
     <span class='ocr_line' id='line_1_25' title="bbox 718 3071 1616 3169; baseline 0.009 -26"><span class='ocrx_word' id='word_1_124' title='bbox 718 3071 961 3147; x_wconf 85' lang='lat' dir='ltr'>fectio</span> <span class='ocrx_word' id='word_1_125' title='bbox 991 3075 1072 3148; x_wconf 93' lang='lat' dir='ltr'>in</span> <span class='ocrx_word' id='word_1_126' title='bbox 1106 3076 1616 3169; x_wconf 84' lang='lat' dir='ltr'>perfectibili.</span> 
     </span>
    </p>

    <p class='ocr_par' dir='ltr' id='par_1_6' title="bbox 709 3190 2263 5726">
     <span class='ocr_line' id='line_1_26' title="bbox 806 3190 2262 3292; baseline 0.006 -29"><span class='ocrx_word' id='word_1_127' title='bbox 806 3190 1025 3265; x_wconf 90' lang='lat' dir='ltr'>Tunc</span> <span class='ocrx_word' id='word_1_128' title='bbox 1066 3194 1160 3266; x_wconf 90' lang='lat' dir='ltr'>ad</span> <span class='ocrx_word' id='word_1_129' title='bbox 1213 3195 1727 3287; x_wconf 88' lang='lat' dir='ltr'>propositum</span> <span class='ocrx_word' id='word_1_130' title='bbox 1787 3198 1989 3280; x_wconf 93' lang='lat' dir='ltr'>dico,</span> <span class='ocrx_word' id='word_1_131' title='bbox 2055 3202 2262 3292; x_wconf 86' lang='lat' dir='ltr'>quod</span> 
     </span>
     <span class='ocr_line' id='line_1_27' title="bbox 720 3309 2263 3399; baseline 0.005 -19"><span class='ocrx_word' id='word_1_132' title='bbox 720 3309 1086 3399; x_wconf 84' lang='lat' dir='ltr'>potentia</span> <span class='ocrx_word' id='word_1_133' title='bbox 1179 3310 1676 3384; x_wconf 76' lang='lat' dir='ltr'>intellectiva</span> <span class='ocrx_word' id='word_1_134' title='bbox 1765 3312 2065 3385; x_wconf 88' lang='lat' dir='ltr'>dicitur</span> <span class='ocrx_word' id='word_1_135' title='bbox 2164 3318 2263 3389; x_wconf 84' lang='lat' dir='ltr'>ab</span> 
     </span>
     <span class='ocr_line' id='line_1_28' title="bbox 717 3422 2261 3522; baseline 0.005 -27"><span class='ocrx_word' id='word_1_136' title='bbox 717 3422 1163 3497; x_wconf 70' lang='lat' dir='ltr'>Aristotele</span> <span class='ocrx_word' id='word_1_137' title='bbox 1194 3428 1259 3496; x_wconf 72' lang='grc'>2.</span> <span class='ocrx_word' id='word_1_138' title='bbox 1298 3429 1379 3493; x_wconf 82' lang='lat' dir='ltr'>(le</span> <span class='ocrx_word' id='word_1_139' title='bbox 1413 3432 1636 3495; x_wconf 79' lang='lat' dir='ltr'>Am&#39;m.</span> <span class='ocrx_word' id='word_1_140' title='bbox 1687 3440 1846 3496; x_wconf 65' lang='lat' dir='ltr'>text.</span> <span class='ocrx_word' id='word_1_141' title='bbox 1881 3432 1990 3501; x_wconf 68' lang='lat'>20.</span> <span class='ocrx_word' id='word_1_142' title='bbox 2031 3451 2261 3522; x_wconf 78' lang='lat' dir='ltr'>sepa-</span> 
     </span>
     <span class='ocr_line' id='line_1_29' title="bbox 719 3539 2259 3631; baseline 0.006 -22"><span class='ocrx_word' id='word_1_143' title='bbox 719 3539 890 3610; x_wconf 87' lang='lat' dir='ltr'>rari</span> <span class='ocrx_word' id='word_1_144' title='bbox 927 3561 972 3610; x_wconf 90' lang='lat' dir='ltr'>a</span> <span class='ocrx_word' id='word_1_145' title='bbox 1011 3541 1475 3631; x_wconf 77' lang='lat' dir='ltr'>vegetativa</span> <span class='ocrx_word' id='word_1_146' title='bbox 1528 3546 1605 3616; x_wconf 89' lang='lat' dir='ltr'>et</span> <span class='ocrx_word' id='word_1_147' title='bbox 1644 3544 2058 3627; x_wconf 79' lang='lat' dir='ltr'>sensitiva,</span> <span class='ocrx_word' id='word_1_148' title='bbox 2089 3550 2259 3618; x_wconf 89' lang='lat' dir='ltr'>tan-</span> 
     </span>
     <span class='ocr_line' id='line_1_30' title="bbox 716 3662 2257 3753; baseline 0.008 -28"><span class='ocrx_word' id='word_1_149' title='bbox 716 3675 957 3746; x_wconf 88' lang='lat' dir='ltr'>quam</span> <span class='ocrx_word' id='word_1_150' title='bbox 1048 3662 1529 3750; x_wconf 86' lang='lat' dir='ltr'>perpetuum</span> <span class='ocrx_word' id='word_1_151' title='bbox 1620 3678 1665 3730; x_wconf 86' lang='lat' dir='ltr'>a</span> <span class='ocrx_word' id='word_1_152' title='bbox 1735 3662 2257 3753; x_wconf 82' lang='lat' dir='ltr'>corruptibili</span> 
     </span>
     <span class='ocr_line' id='line_1_31' title="bbox 719 3773 2258 3868; baseline 0.007 -27"><span class='ocrx_word' id='word_1_153' title='bbox 719 3773 1060 3863; x_wconf 88' lang='lat' dir='ltr'>propter</span> <span class='ocrx_word' id='word_1_154' title='bbox 1090 3773 1272 3843; x_wconf 88' lang='lat' dir='ltr'>duo.</span> <span class='ocrx_word' id='word_1_155' title='bbox 1314 3773 1619 3855; x_wconf 86' lang='lat' dir='ltr'>Primo,</span> <span class='ocrx_word' id='word_1_156' title='bbox 1660 3775 1847 3866; x_wconf 88' lang='lat' dir='ltr'>quia</span> <span class='ocrx_word' id='word_1_157' title='bbox 1886 3779 2258 3868; x_wconf 83' lang='lat' dir='ltr'>quamvis</span> 
     </span>
     <span class='ocr_line' id='line_1_32' title="bbox 716 3887 2259 3981; baseline 0.006 -23"><span class='ocrx_word' id='word_1_158' title='bbox 716 3888 894 3959; x_wconf 89' lang='lat' dir='ltr'>tota</span> <span class='ocrx_word' id='word_1_159' title='bbox 937 3887 1393 3960; x_wconf 88' lang='lat' dir='ltr'>substantia</span> <span class='ocrx_word' id='word_1_160' title='bbox 1445 3888 1735 3961; x_wconf 62' lang='lat' dir='ltr'>animae</span> <span class='ocrx_word' id='word_1_161' title='bbox 1777 3892 2259 3981; x_wconf 73' lang='lat' dir='ltr'>vegetativac</span> 
     </span>
     <span class='ocr_line' id='line_1_33' title="bbox 721 4002 2258 4105; baseline 0.009 -32"><span class='ocrx_word' id='word_1_162' title='bbox 721 4002 1131 4075; x_wconf 74' lang='lat' dir='ltr'>sensitivae-</span> <span class='ocrx_word' id='word_1_163' title='bbox 1157 4008 1234 4076; x_wconf 87' lang='lat' dir='ltr'>et</span> <span class='ocrx_word' id='word_1_164' title='bbox 1294 4004 1833 4091; x_wconf 78' lang='lat' dir='ltr'>intellectivae,</span> <span class='ocrx_word' id='word_1_165' title='bbox 1868 4015 2258 4105; x_wconf 86' lang='lat' dir='ltr'>tanquam</span> 
     </span>
     <span class='ocr_line' id='line_1_34' title="bbox 722 4119 2260 4215; baseline 0.008 -23"><span class='ocrx_word' id='word_1_166' title='bbox 722 4119 1368 4213; x_wconf 88' lang='lat' dir='ltr'>incorruptibilis</span> <span class='ocrx_word' id='word_1_167' title='bbox 1453 4130 1911 4215; x_wconf 83' lang='lat' dir='ltr'>separatur,</span> <span class='ocrx_word' id='word_1_168' title='bbox 1985 4133 2260 4204; x_wconf 80' lang='lat' dir='ltr'>tamen</span> 
     </span>
     <span class='ocr_line' id='line_1_35' title="bbox 720 4236 2261 4327; baseline 0.012 -23"><span class='ocrx_word' id='word_1_169' title='bbox 720 4253 867 4305; x_wconf 87' lang='lat' dir='ltr'>sua</span> <span class='ocrx_word' id='word_1_170' title='bbox 929 4236 1292 4327; x_wconf 88' lang='lat' dir='ltr'>potentia</span> <span class='ocrx_word' id='word_1_171' title='bbox 1363 4237 1884 4324; x_wconf 81' lang='lat' dir='ltr'>intellectiva,</span> <span class='ocrx_word' id='word_1_172' title='bbox 1962 4249 2049 4317; x_wconf 85' lang='lat' dir='ltr'>ut</span> <span class='ocrx_word' id='word_1_173' title='bbox 2136 4254 2261 4324; x_wconf 84' lang='lat' dir='ltr'>est</span> 
     </span>
     <span class='ocr_line' id='line_1_36' title="bbox 720 4352 2255 4451; baseline 0.007 -29"><span class='ocrx_word' id='word_1_174' title='bbox 720 4352 1214 4445; x_wconf 86' lang='lat' dir='ltr'>principium</span> <span class='ocrx_word' id='word_1_175' title='bbox 1281 4356 1690 4445; x_wconf 88' lang='lat' dir='ltr'>operandi,</span> <span class='ocrx_word' id='word_1_176' title='bbox 1757 4366 2255 4451; x_wconf 86' lang='lat' dir='ltr'>separatur:</span> 
     </span>
     <span class='ocr_line' id='line_1_37' title="bbox 719 4470 2262 4563; baseline 0.007 -22"><span class='ocrx_word' id='word_1_177' title='bbox 719 4470 852 4541; x_wconf 90' lang='lat' dir='ltr'>sed</span> <span class='ocrx_word' id='word_1_178' title='bbox 897 4470 1279 4563; x_wconf 67' lang='lat' dir='ltr'>potentiae</span> <span class='ocrx_word' id='word_1_179' title='bbox 1324 4474 1735 4547; x_wconf 63' lang='lat' dir='ltr'>sensitiva)</span> <span class='ocrx_word' id='word_1_180' title='bbox 1797 4496 1957 4548; x_wconf 90' lang='lat' dir='ltr'>non</span> <span class='ocrx_word' id='word_1_181' title='bbox 2003 4499 2262 4551; x_wconf 87' lang='lat' dir='ltr'>rema-</span> 
     </span>
     <span class='ocr_line' id='line_1_38' title="bbox 717 4587 2262 4686; baseline 0.007 -29"><span class='ocrx_word' id='word_1_182' title='bbox 717 4590 908 4660; x_wconf 87' lang='lat' dir='ltr'>nent</span> <span class='ocrx_word' id='word_1_183' title='bbox 946 4587 1023 4658; x_wconf 90' lang='lat' dir='ltr'>in</span> <span class='ocrx_word' id='word_1_184' title='bbox 1058 4587 1330 4661; x_wconf 88' lang='lat' dir='ltr'>anima</span> <span class='ocrx_word' id='word_1_185' title='bbox 1383 4594 1790 4683; x_wconf 87' lang='lat' dir='ltr'>separata,</span> <span class='ocrx_word' id='word_1_186' title='bbox 1849 4597 1934 4666; x_wconf 90' lang='lat' dir='ltr'>ut</span> <span class='ocrx_word' id='word_1_187' title='bbox 1986 4599 2262 4686; x_wconf 86' lang='lat' dir='ltr'>poten-</span> 
     </span>
     <span class='ocr_line' id='line_1_39' title="bbox 721 4704 2254 4796; baseline 0.007 -20"><span class='ocrx_word' id='word_1_188' title='bbox 721 4704 841 4776; x_wconf 84' lang='lat' dir='ltr'>tes</span> <span class='ocrx_word' id='word_1_189' title='bbox 913 4706 1267 4796; x_wconf 88' lang='lat' dir='ltr'>operari,</span> <span class='ocrx_word' id='word_1_190' title='bbox 1332 4709 1462 4780; x_wconf 88' lang='lat' dir='ltr'>scd</span> <span class='ocrx_word' id='word_1_191' title='bbox 1508 4710 1772 4782; x_wconf 89' lang='lat' dir='ltr'>solum</span> <span class='ocrx_word' id='word_1_192' title='bbox 1837 4711 1913 4782; x_wconf 91' lang='lat' dir='ltr'>in</span> <span class='ocrx_word' id='word_1_193' title='bbox 1963 4714 2254 4787; x_wconf 79' lang='lat' dir='ltr'>radice.</span> 
     </span>
     <span class='ocr_line' id='line_1_40' title="bbox 721 4818 2258 4918; baseline 0.007 -27"><span class='ocrx_word' id='word_1_194' title='bbox 721 4818 966 4911; x_wconf 75' lang='lat' dir='ltr'>CuJus</span> <span class='ocrx_word' id='word_1_195' title='bbox 1012 4821 1225 4894; x_wconf 87' lang='lat' dir='ltr'>ratio</span> <span class='ocrx_word' id='word_1_196' title='bbox 1266 4822 1480 4895; x_wconf 85' lang='lat' dir='ltr'>dicta</span> <span class='ocrx_word' id='word_1_197' title='bbox 1515 4823 1664 4897; x_wconf 87' lang='lat' dir='ltr'>suit</span> <span class='ocrx_word' id='word_1_198' title='bbox 1703 4825 1777 4897; x_wconf 92' lang='lat' dir='ltr'>in</span> <span class='ocrx_word' id='word_1_199' title='bbox 1818 4832 2258 4918; x_wconf 78' lang='lat' dir='ltr'>praeceden-</span> 
     </span>
     <span class='ocr_line' id='line_1_41' title="bbox 718 4932 2260 5031; baseline 0.009 -28"><span class='ocrx_word' id='word_1_200' title='bbox 718 4932 783 5004; x_wconf 92' lang='lat' dir='ltr'>ti</span> <span class='ocrx_word' id='word_1_201' title='bbox 828 4936 1270 5025; x_wconf 80' lang='lat' dir='ltr'>quaestione</span> <span class='ocrx_word' id='word_1_202' title='bbox 1303 4942 1349 5020; x_wconf 78' lang='lat'>*,</span> <span class='ocrx_word' id='word_1_203' title='bbox 1391 4940 1578 5031; x_wconf 88' lang='lat' dir='ltr'>quia</span> <span class='ocrx_word' id='word_1_204' title='bbox 1610 4941 1700 5014; x_wconf 89' lang='lat' dir='ltr'>de</span> <span class='ocrx_word' id='word_1_205' title='bbox 1739 4944 2056 5016; x_wconf 88' lang='lat' dir='ltr'>ratione</span> <span class='ocrx_word' id='word_1_206' title='bbox 2092 4968 2260 5017; x_wconf 81' lang='lat' dir='ltr'>sen-</span> 
     </span>
     <span class='ocr_line' id='line_1_42' title="bbox 719 5050 2260 5149; baseline 0.007 -26"><span class='ocrx_word' id='word_1_207' title='bbox 719 5050 1006 5133; x_wconf 81' lang='lat' dir='ltr'>sitivae,</span> <span class='ocrx_word' id='word_1_208' title='bbox 1054 5056 1139 5125; x_wconf 94' lang='lat' dir='ltr'>ut</span> <span class='ocrx_word' id='word_1_209' title='bbox 1177 5056 1644 5147; x_wconf 70' lang='lat' dir='ltr'>operativae,</span> <span class='ocrx_word' id='word_1_210' title='bbox 1689 5062 1814 5130; x_wconf 86' lang='lat' dir='ltr'>est</span> <span class='ocrx_word' id='word_1_211' title='bbox 1860 5080 2260 5149; x_wconf 62' lang='lat' dir='ltr'>organum</span> 
     </span>
     <span class='ocr_line' id='line_1_43' title="bbox 717 5169 2259 5269; baseline 0.006 -29"><span class='ocrx_word' id='word_1_212' title='bbox 717 5169 1175 5259; x_wconf 89' lang='lat' dir='ltr'>corporale.</span> <span class='ocrx_word' id='word_1_213' title='bbox 1222 5171 1404 5244; x_wconf 86' lang='lat' dir='ltr'>Alio</span> <span class='ocrx_word' id='word_1_214' title='bbox 1434 5173 1666 5245; x_wconf 89' lang='lat' dir='ltr'>modo</span> <span class='ocrx_word' id='word_1_215' title='bbox 1699 5174 1941 5247; x_wconf 89' lang='lat' dir='ltr'>dicitu</span> <span class='ocrx_word' id='word_1_216' title='bbox 1959 5196 1997 5245; x_wconf 90' lang='lat' dir='ltr'>r</span> <span class='ocrx_word' id='word_1_217' title='bbox 2032 5198 2259 5269; x_wconf 84' lang='lat' dir='ltr'>sepa-</span> 
     </span>
     <span class='ocr_line' id='line_1_44' title="bbox 720 5286 2253 5379; baseline 0.007 -24"><span class='ocrx_word' id='word_1_218' title='bbox 720 5286 1404 5377; x_wconf 84' lang='lat' dir='ltr'>rariapraedictis‚</span> <span class='ocrx_word' id='word_1_219' title='bbox 1428 5288 1641 5379; x_wconf 88' lang='lat' dir='ltr'>quia,</span> <span class='ocrx_word' id='word_1_220' title='bbox 1671 5294 1758 5362; x_wconf 91' lang='lat' dir='ltr'>ut</span> <span class='ocrx_word' id='word_1_221' title='bbox 1781 5290 2083 5364; x_wconf 88' lang='lat' dir='ltr'>dictum</span> <span class='ocrx_word' id='word_1_222' title='bbox 2104 5299 2253 5377; x_wconf 88' lang='lat' dir='ltr'>est,</span> 
     </span>
     <span class='ocr_line' id='line_1_45' title="bbox 714 5406 2259 5497; baseline 0.007 -25"><span class='ocrx_word' id='word_1_223' title='bbox 714 5421 857 5473; x_wconf 90' lang='lat' dir='ltr'>nec</span> <span class='ocrx_word' id='word_1_224' title='bbox 897 5422 1045 5494; x_wconf 89' lang='lat' dir='ltr'>per</span> <span class='ocrx_word' id='word_1_225' title='bbox 1087 5424 1193 5485; x_wconf 87' lang='lat' dir='ltr'>se,</span> <span class='ocrx_word' id='word_1_226' title='bbox 1240 5425 1382 5476; x_wconf 89' lang='lat' dir='ltr'>nec</span> <span class='ocrx_word' id='word_1_227' title='bbox 1429 5425 1570 5497; x_wconf 88' lang='lat' dir='ltr'>per</span> <span class='ocrx_word' id='word_1_228' title='bbox 1610 5406 1976 5479; x_wconf 81' lang='lat' dir='ltr'>accidens</span> <span class='ocrx_word' id='word_1_229' title='bbox 2018 5412 2140 5482; x_wconf 91' lang='lat' dir='ltr'>est</span> <span class='ocrx_word' id='word_1_230' title='bbox 2179 5412 2259 5483; x_wconf 91' lang='lat' dir='ltr'>in</span> 
     </span>
     <span class='ocr_line' id='line_1_46' title="bbox 709 5520 2258 5618; baseline 0.006 -29"><span class='ocrx_word' id='word_1_231' title='bbox 709 5539 1059 5610; x_wconf 90' lang='lat' dir='ltr'>corpore</span> <span class='ocrx_word' id='word_1_232' title='bbox 1131 5524 1216 5592; x_wconf 88' lang='lat' dir='ltr'>ut</span> <span class='ocrx_word' id='word_1_233' title='bbox 1264 5520 1342 5591; x_wconf 92' lang='lat' dir='ltr'>in</span> <span class='ocrx_word' id='word_1_234' title='bbox 1426 5522 1823 5612; x_wconf 75' lang='lat' dir='ltr'>subJectO,</span> <span class='ocrx_word' id='word_1_235' title='bbox 1880 5545 2021 5597; x_wconf 92' lang='lat' dir='ltr'>nec</span> <span class='ocrx_word' id='word_1_236' title='bbox 2079 5548 2258 5618; x_wconf 87' lang='lat' dir='ltr'>per-</span> 
     </span>
     <span class='ocr_line' id='line_1_47' title="bbox 712 5632 2255 5726; baseline 0.006 -22"><span class='ocrx_word' id='word_1_237' title='bbox 712 5632 953 5706; x_wconf 88' lang='lat' dir='ltr'>fectio</span> <span class='ocrx_word' id='word_1_238' title='bbox 990 5655 1133 5726; x_wconf 89' lang='lat' dir='ltr'>per</span> <span class='ocrx_word' id='word_1_239' title='bbox 1174 5656 1281 5707; x_wconf 83' lang='lat' dir='ltr'>se.</span> <span class='ocrx_word' id='word_1_240' title='bbox 1332 5637 1723 5711; x_wconf 80' lang='lat' dir='ltr'>Potentiae</span> <span class='ocrx_word' id='word_1_241' title='bbox 1768 5642 2039 5712; x_wconf 77' lang='lat' dir='ltr'>autem</span> <span class='ocrx_word' id='word_1_242' title='bbox 2086 5663 2255 5714; x_wconf 81' lang='lat' dir='ltr'>sen-</span> 
     </span>
    </p>
   </div>
   <div class='ocr_carea' id='block_1_5' title="bbox 2373 623 3918 1066">
    <p class='ocr_par' dir='ltr' id='par_1_7' title="bbox 2373 623 3918 1066">
     <span class='ocr_line' id='line_1_48' title="bbox 2376 623 3914 714; baseline -0.003 -17"><span class='ocrx_word' id='word_1_243' title='bbox 2376 623 2641 697; x_wconf 83' lang='lat' dir='ltr'>sitivae</span> <span class='ocrx_word' id='word_1_244' title='bbox 2686 628 2873 698; x_wconf 88' lang='lat' dir='ltr'>sunt</span> <span class='ocrx_word' id='word_1_245' title='bbox 2928 624 3007 696; x_wconf 91' lang='lat' dir='ltr'>in</span> <span class='ocrx_word' id='word_1_246' title='bbox 3060 624 3411 699; x_wconf 89' lang='lat' dir='ltr'>materia</span> <span class='ocrx_word' id='word_1_247' title='bbox 3460 624 3540 695; x_wconf 91' lang='lat' dir='ltr'>et</span> <span class='ocrx_word' id='word_1_248' title='bbox 3612 641 3914 714; x_wconf 88' lang='lat' dir='ltr'>organo</span> 
     </span>
     <span class='ocr_line' id='line_1_49' title="bbox 2374 737 3918 834; baseline -0.002 -20"><span class='ocrx_word' id='word_1_249' title='bbox 2374 740 2818 834; x_wconf 89' lang='lat' dir='ltr'>corporali,</span> <span class='ocrx_word' id='word_1_250' title='bbox 2867 745 2954 815; x_wconf 88' lang='lat' dir='ltr'>ut</span> <span class='ocrx_word' id='word_1_251' title='bbox 2988 738 3380 834; x_wconf 87' lang='lat' dir='ltr'>perfectio</span> <span class='ocrx_word' id='word_1_252' title='bbox 3424 759 3568 833; x_wconf 90' lang='lat' dir='ltr'>per</span> <span class='ocrx_word' id='word_1_253' title='bbox 3601 760 3711 822; x_wconf 90' lang='lat' dir='ltr'>se,</span> <span class='ocrx_word' id='word_1_254' title='bbox 3738 737 3918 832; x_wconf 89' lang='lat' dir='ltr'>quia</span> 
     </span>
     <span class='ocr_line' id='line_1_50' title="bbox 2377 858 3917 941; baseline 0.001 -11"><span class='ocrx_word' id='word_1_255' title='bbox 2377 860 2445 931; x_wconf 93' lang='lat' dir='ltr'>si</span> <span class='ocrx_word' id='word_1_256' title='bbox 2481 858 2763 932; x_wconf 91' lang='lat' dir='ltr'>oculus</span> <span class='ocrx_word' id='word_1_257' title='bbox 2805 861 3020 931; x_wconf 90' lang='lat' dir='ltr'>esset</span> <span class='ocrx_word' id='word_1_258' title='bbox 3055 859 3384 941; x_wconf 89' lang='lat' dir='ltr'>animal,</span> <span class='ocrx_word' id='word_1_259' title='bbox 3435 858 3663 931; x_wconf 89' lang='lat' dir='ltr'>visus</span> <span class='ocrx_word' id='word_1_260' title='bbox 3707 860 3917 931; x_wconf 87' lang='lat' dir='ltr'>esset</span> 
     </span>
     <span class='ocr_line' id='line_1_51' title="bbox 2373 974 2883 1066; baseline -0.004 -20"><span class='ocrx_word' id='word_1_261' title='bbox 2373 974 2549 1066; x_wconf 90' lang='lat' dir='ltr'>ejus</span> <span class='ocrx_word' id='word_1_262' title='bbox 2583 975 2883 1047; x_wconf 88' lang='lat' dir='ltr'>anima.</span> 
     </span>
    </p>
   </div>
   <div class='ocr_carea' id='block_1_6' title="bbox 2464 1088 4121 1173">
    <p class='ocr_par' dir='ltr' id='par_1_8' title="bbox 2464 1088 4121 1173">
     <span class='ocr_line' id='line_1_52' title="bbox 2464 1088 4121 1173; baseline -0.002 -10"><span class='ocrx_word' id='word_1_263' title='bbox 2464 1091 2578 1163; x_wconf 90' lang='lat' dir='ltr'>Ad</span> <span class='ocrx_word' id='word_1_264' title='bbox 2637 1088 2851 1163; x_wconf 89' lang='lat' dir='ltr'>aliud</span> <span class='ocrx_word' id='word_1_265' title='bbox 2939 1091 3631 1165; x_wconf 85' lang='lat' dir='ltr'>Commentatoris</span> <span class='ocrx_word' id='word_1_266' title='bbox 3710 1092 4121 1173; x_wconf 73' lang='lat' dir='ltr'>dico,Ar9um.</span> 
     </span>
    </p>
   </div>
   <div class='ocr_carea' id='block_1_7' title="bbox 2373 1206 3920 1863">
    <p class='ocr_par' dir='ltr' id='par_1_9' title="bbox 2373 1206 3920 1863">
     <span class='ocr_line' id='line_1_53' title="bbox 2377 1206 3912 1299; baseline 0.005 -24"><span class='ocrx_word' id='word_1_267' title='bbox 2377 1208 2580 1298; x_wconf 88' lang='lat' dir='ltr'>quod</span> <span class='ocrx_word' id='word_1_268' title='bbox 2641 1206 2924 1279; x_wconf 89' lang='lat' dir='ltr'>modus</span> <span class='ocrx_word' id='word_1_269' title='bbox 2986 1208 3374 1299; x_wconf 87' lang='lat' dir='ltr'>operandi</span> <span class='ocrx_word' id='word_1_270' title='bbox 3442 1229 3604 1280; x_wconf 91' lang='lat' dir='ltr'>non</span> <span class='ocrx_word' id='word_1_271' title='bbox 3642 1209 3912 1282; x_wconf 87' lang='lat' dir='ltr'>variat</span> 
     </span>
     <span class='ocr_line' id='line_1_54' title="bbox 2376 1322 3914 1414; baseline 0.003 -22"><span class='ocrx_word' id='word_1_272' title='bbox 2376 1322 2728 1414; x_wconf 90' lang='lat' dir='ltr'>speciem</span> <span class='ocrx_word' id='word_1_273' title='bbox 2758 1322 2973 1395; x_wconf 89' lang='lat' dir='ltr'>:sola</span> <span class='ocrx_word' id='word_1_274' title='bbox 2996 1323 3215 1396; x_wconf 91' lang='lat' dir='ltr'>enim</span> <span class='ocrx_word' id='word_1_275' title='bbox 3257 1324 3397 1397; x_wconf 90' lang='lat' dir='ltr'>illa</span> <span class='ocrx_word' id='word_1_276' title='bbox 3416 1323 3728 1397; x_wconf 84' lang='lat' dir='ltr'>faciunt</span> <span class='ocrx_word' id='word_1_277' title='bbox 3753 1325 3914 1397; x_wconf 91' lang='lat' dir='ltr'>uni-</span> 
     </span>
     <span class='ocr_line' id='line_1_55' title="bbox 2376 1440 3916 1534; baseline 0.001 -21"><span class='ocrx_word' id='word_1_278' title='bbox 2376 1440 2633 1513; x_wconf 85' lang='lat' dir='ltr'>tatem</span> <span class='ocrx_word' id='word_1_279' title='bbox 2703 1443 2784 1513; x_wconf 91' lang='lat' dir='ltr'>et</span> <span class='ocrx_word' id='word_1_280' title='bbox 2823 1440 3318 1515; x_wconf 88' lang='lat' dir='ltr'>varietatem</span> <span class='ocrx_word' id='word_1_281' title='bbox 3373 1441 3698 1534; x_wconf 89' lang='lat' dir='ltr'>speciei,</span> <span class='ocrx_word' id='word_1_282' title='bbox 3746 1462 3916 1534; x_wconf 81' lang='lat' dir='ltr'>quae</span> 
     </span>
     <span class='ocr_line' id='line_1_56' title="bbox 2377 1557 3920 1649; baseline 0 -20"><span class='ocrx_word' id='word_1_283' title='bbox 2377 1559 2562 1629; x_wconf 89' lang='lat' dir='ltr'>sunt</span> <span class='ocrx_word' id='word_1_284' title='bbox 2594 1557 2686 1629; x_wconf 88' lang='lat' dir='ltr'>de</span> <span class='ocrx_word' id='word_1_285' title='bbox 2718 1557 2894 1649; x_wconf 89' lang='lat' dir='ltr'>ejus</span> <span class='ocrx_word' id='word_1_286' title='bbox 2930 1558 3414 1641; x_wconf 88' lang='lat' dir='ltr'>substantia,</span> <span class='ocrx_word' id='word_1_287' title='bbox 3451 1563 3541 1634; x_wconf 88' lang='lat' dir='ltr'>ut</span> <span class='ocrx_word' id='word_1_288' title='bbox 3573 1559 3920 1633; x_wconf 87' lang='lat' dir='ltr'>materia</span> 
     </span>
     <span class='ocr_line' id='line_1_57' title="bbox 2373 1671 3916 1768; baseline 0.002 -22"><span class='ocrx_word' id='word_1_289' title='bbox 2373 1677 2453 1747; x_wconf 88' lang='lat' dir='ltr'>et</span> <span class='ocrx_word' id='word_1_290' title='bbox 2494 1671 2817 1745; x_wconf 84' lang='lat' dir='ltr'>forma:</span> <span class='ocrx_word' id='word_1_291' title='bbox 2862 1676 2943 1748; x_wconf 89' lang='lat' dir='ltr'>et</span> <span class='ocrx_word' id='word_1_292' title='bbox 2984 1674 3137 1748; x_wconf 88' lang='lat' dir='ltr'>hoc</span> <span class='ocrx_word' id='word_1_293' title='bbox 3196 1677 3426 1768; x_wconf 88' lang='lat' dir='ltr'>patet</span> <span class='ocrx_word' id='word_1_294' title='bbox 3495 1676 3578 1749; x_wconf 94' lang='lat' dir='ltr'>in</span> <span class='ocrx_word' id='word_1_295' title='bbox 3641 1675 3916 1760; x_wconf 89' lang='lat' dir='ltr'>Adam,</span> 
     </span>
     <span class='ocr_line' id='line_1_58' title="bbox 2375 1790 2806 1863; baseline 0 -3"><span class='ocrx_word' id='word_1_296' title='bbox 2375 1794 2455 1862; x_wconf 90' lang='lat' dir='ltr'>et</span> <span class='ocrx_word' id='word_1_297' title='bbox 2491 1790 2571 1863; x_wconf 90' lang='lat' dir='ltr'>in</span> <span class='ocrx_word' id='word_1_298' title='bbox 2594 1790 2806 1862; x_wconf 87' lang='lat' dir='ltr'>aliis.</span> 
     </span>
    </p>
   </div>
   <div class='ocr_carea' id='block_1_8' title="bbox 2466 1906 4115 2004">
    <p class='ocr_par' dir='ltr' id='par_1_10' title="bbox 2466 1906 4115 2004">
     <span class='ocr_line' id='line_1_59' title="bbox 2466 1906 4115 2004; baseline -0.001 -25"><span class='ocrx_word' id='word_1_299' title='bbox 2466 1906 2580 1979; x_wconf 89' lang='lat' dir='ltr'>Ad</span> <span class='ocrx_word' id='word_1_300' title='bbox 2638 1906 2878 1990; x_wconf 88' lang='lat' dir='ltr'>aliud,</span> <span class='ocrx_word' id='word_1_301' title='bbox 2927 1907 3130 2000; x_wconf 90' lang='lat' dir='ltr'>quod</span> <span class='ocrx_word' id='word_1_302' title='bbox 3181 1928 3367 1981; x_wconf 91' lang='lat' dir='ltr'>cum</span> <span class='ocrx_word' id='word_1_303' title='bbox 3429 1909 3649 1992; x_wconf 90' lang='lat' dir='ltr'>illud,</span> <span class='ocrx_word' id='word_1_304' title='bbox 3717 1915 4115 2004; x_wconf 57' lang='lat' dir='ltr'>quodam„</span> 
     </span>
    </p>
   </div>
   <div class='ocr_carea' id='block_1_9' title="bbox 2377 2022 3929 3277">
    <p class='ocr_par' dir='ltr' id='par_1_11' title="bbox 2377 2022 3929 3277">
     <span class='ocr_line' id='line_1_60' title="bbox 2380 2022 3920 2118; baseline 0.006 -25"><span class='ocrx_word' id='word_1_305' title='bbox 2380 2022 2933 2097; x_wconf 85' lang='lat' dir='ltr'>introducitur</span> <span class='ocrx_word' id='word_1_306' title='bbox 3003 2025 3081 2096; x_wconf 92' lang='lat' dir='ltr'>in</span> <span class='ocrx_word' id='word_1_307' title='bbox 3159 2045 3506 2118; x_wconf 89' lang='lat' dir='ltr'>corpore</span> <span class='ocrx_word' id='word_1_308' title='bbox 3565 2026 3920 2103; x_wconf 89' lang='lat' dir='ltr'>humano</span> 
     </span>
     <span class='ocr_line' id='line_1_61' title="bbox 2377 2138 3921 2231; baseline 0.006 -22"><span class='ocrx_word' id='word_1_309' title='bbox 2377 2138 2687 2212; x_wconf 88' lang='lat' dir='ltr'>virtute</span> <span class='ocrx_word' id='word_1_310' title='bbox 2738 2140 3031 2212; x_wconf 78' lang='lat' dir='ltr'>animae</span> <span class='ocrx_word' id='word_1_311' title='bbox 3085 2141 3585 2231; x_wconf 85' lang='lat' dir='ltr'>generantis,</span> <span class='ocrx_word' id='word_1_312' title='bbox 3626 2145 3733 2216; x_wconf 90' lang='lat' dir='ltr'>sit</span> <span class='ocrx_word' id='word_1_313' title='bbox 3773 2144 3921 2217; x_wconf 89' lang='lat' dir='ltr'>dis-</span> 
     </span>
     <span class='ocr_line' id='line_1_62' title="bbox 2382 2253 3924 2347; baseline 0.005 -22"><span class='ocrx_word' id='word_1_314' title='bbox 2382 2253 2684 2345; x_wconf 88' lang='lat' dir='ltr'>positio</span> <span class='ocrx_word' id='word_1_315' title='bbox 2727 2256 2822 2327; x_wconf 92' lang='lat' dir='ltr'>ad</span> <span class='ocrx_word' id='word_1_316' title='bbox 2864 2255 3303 2347; x_wconf 84' lang='lat' dir='ltr'>ligandum,</span> <span class='ocrx_word' id='word_1_317' title='bbox 3347 2255 3475 2328; x_wconf 88' lang='lat' dir='ltr'>vel</span> <span class='ocrx_word' id='word_1_318' title='bbox 3509 2257 3603 2329; x_wconf 88' lang='lat' dir='ltr'>ad</span> <span class='ocrx_word' id='word_1_319' title='bbox 3647 2259 3924 2332; x_wconf 91' lang='lat' dir='ltr'>unien-</span> 
     </span>
     <span class='ocr_line' id='line_1_63' title="bbox 2380 2367 3927 2462; baseline 0.007 -25"><span class='ocrx_word' id='word_1_320' title='bbox 2380 2367 2568 2439; x_wconf 85' lang='lat' dir='ltr'>dum</span> <span class='ocrx_word' id='word_1_321' title='bbox 2632 2368 2852 2452; x_wconf 89' lang='lat' dir='ltr'>illud,</span> <span class='ocrx_word' id='word_1_322' title='bbox 2928 2391 3085 2462; x_wconf 91' lang='lat' dir='ltr'>quo</span> <span class='ocrx_word' id='word_1_323' title='bbox 3155 2370 3471 2462; x_wconf 84' lang='lat' dir='ltr'>ligatur</span> <span class='ocrx_word' id='word_1_324' title='bbox 3536 2379 3927 2448; x_wconf 87' lang='lat' dir='ltr'>creatura</span> 
     </span>
     <span class='ocr_line' id='line_1_64' title="bbox 2382 2486 3929 2581; baseline 0.005 -23"><span class='ocrx_word' id='word_1_325' title='bbox 2382 2486 2949 2578; x_wconf 86' lang='lat' dir='ltr'>corruptibilis</span> <span class='ocrx_word' id='word_1_326' title='bbox 2991 2508 3177 2560; x_wconf 91' lang='lat' dir='ltr'>cum</span> <span class='ocrx_word' id='word_1_327' title='bbox 3222 2488 3664 2581; x_wconf 86' lang='lat' dir='ltr'>spirituali,</span> <span class='ocrx_word' id='word_1_328' title='bbox 3703 2492 3929 2565; x_wconf 87' lang='lat' dir='ltr'>nobi-</span> 
     </span>
     <span class='ocr_line' id='line_1_65' title="bbox 2383 2600 3929 2699; baseline 0.006 -27"><span class='ocrx_word' id='word_1_329' title='bbox 2383 2600 2540 2673; x_wconf 92' lang='lat' dir='ltr'>lius</span> <span class='ocrx_word' id='word_1_330' title='bbox 2590 2606 2837 2677; x_wconf 88' lang='lat' dir='ltr'>estet</span> <span class='ocrx_word' id='word_1_331' title='bbox 2899 2608 3306 2688; x_wconf 87' lang='lat' dir='ltr'>censetur,</span> <span class='ocrx_word' id='word_1_332' title='bbox 3381 2625 3624 2698; x_wconf 89' lang='lat' dir='ltr'>quam</span> <span class='ocrx_word' id='word_1_333' title='bbox 3697 2610 3929 2699; x_wconf 89' lang='lat' dir='ltr'>quod-</span> 
     </span>
     <span class='ocr_line' id='line_1_66' title="bbox 2383 2722 3929 2821; baseline 0.006 -30"><span class='ocrx_word' id='word_1_334' title='bbox 2383 2740 2723 2811; x_wconf 87' lang='lat' dir='ltr'>cumque</span> <span class='ocrx_word' id='word_1_335' title='bbox 2759 2722 3242 2795; x_wconf 87' lang='lat' dir='ltr'>sensitivum</span> <span class='ocrx_word' id='word_1_336' title='bbox 3273 2723 3519 2807; x_wconf 88' lang='lat' dir='ltr'>bruti,</span> <span class='ocrx_word' id='word_1_337' title='bbox 3550 2747 3697 2818; x_wconf 89' lang='lat' dir='ltr'>per</span> <span class='ocrx_word' id='word_1_338' title='bbox 3725 2729 3929 2821; x_wconf 87' lang='lat' dir='ltr'>quod</span> 
     </span>
     <span class='ocr_line' id='line_1_67' title="bbox 2383 2834 3929 2935; baseline 0.007 -29"><span class='ocrx_word' id='word_1_339' title='bbox 2383 2834 2531 2908; x_wconf 92' lang='lat' dir='ltr'>hoc</span> <span class='ocrx_word' id='word_1_340' title='bbox 2566 2856 2724 2908; x_wconf 93' lang='lat' dir='ltr'>non</span> <span class='ocrx_word' id='word_1_341' title='bbox 2762 2838 3019 2929; x_wconf 89' lang='lat' dir='ltr'>possit</span> <span class='ocrx_word' id='word_1_342' title='bbox 3053 2839 3258 2921; x_wconf 91' lang='lat' dir='ltr'>fieri,</span> <span class='ocrx_word' id='word_1_343' title='bbox 3305 2841 3518 2913; x_wconf 88' lang='lat' dir='ltr'>sicut</span> <span class='ocrx_word' id='word_1_344' title='bbox 3547 2862 3692 2935; x_wconf 91' lang='lat' dir='ltr'>per</span> <span class='ocrx_word' id='word_1_345' title='bbox 3713 2863 3929 2917; x_wconf 88' lang='lat' dir='ltr'>com-</span> 
     </span>
     <span class='ocr_line' id='line_1_68' title="bbox 2384 2953 3928 3051; baseline 0.007 -30"><span class='ocrx_word' id='word_1_346' title='bbox 2384 2953 2895 3043; x_wconf 81' lang='lat' dir='ltr'>parationem</span> <span class='ocrx_word' id='word_1_347' title='bbox 2939 2956 3034 3028; x_wconf 88' lang='lat' dir='ltr'>ad</span> <span class='ocrx_word' id='word_1_348' title='bbox 3075 2955 3339 3038; x_wconf 86' lang='lat' dir='ltr'>finem,</span> <span class='ocrx_word' id='word_1_349' title='bbox 3378 2957 3703 3030; x_wconf 88' lang='lat' dir='ltr'>habitus</span> <span class='ocrx_word' id='word_1_350' title='bbox 3746 2978 3928 3051; x_wconf 84' lang='lat' dir='ltr'>gra-</span> 
     </span>
     <span class='ocr_line' id='line_1_69' title="bbox 2381 3066 3928 3160; baseline 0.004 -20"><span class='ocrx_word' id='word_1_351' title='bbox 2381 3066 2539 3151; x_wconf 71' lang='lat' dir='ltr'>tiae,</span> <span class='ocrx_word' id='word_1_352' title='bbox 2606 3089 2760 3160; x_wconf 89' lang='lat' dir='ltr'>quo</span> <span class='ocrx_word' id='word_1_353' title='bbox 2815 3071 3147 3142; x_wconf 87' lang='lat' dir='ltr'>unimur</span> <span class='ocrx_word' id='word_1_354' title='bbox 3186 3073 3379 3156; x_wconf 91' lang='lat' dir='ltr'>Deo,</span> <span class='ocrx_word' id='word_1_355' title='bbox 3415 3077 3540 3147; x_wconf 88' lang='lat' dir='ltr'>est</span> <span class='ocrx_word' id='word_1_356' title='bbox 3571 3074 3928 3149; x_wconf 87' lang='lat' dir='ltr'>nobilior</span> 
     </span>
     <span class='ocr_line' id='line_1_70' title="bbox 2377 3180 3630 3277; baseline 0.006 -24"><span class='ocrx_word' id='word_1_357' title='bbox 2377 3180 2646 3256; x_wconf 86' lang='lat' dir='ltr'>forma</span> <span class='ocrx_word' id='word_1_358' title='bbox 2688 3184 3002 3277; x_wconf 88' lang='lat' dir='ltr'>lapidis,</span> <span class='ocrx_word' id='word_1_359' title='bbox 3045 3187 3171 3260; x_wconf 91' lang='lat' dir='ltr'>vel</span> <span class='ocrx_word' id='word_1_360' title='bbox 3215 3189 3630 3262; x_wconf 84' lang='lat' dir='ltr'>sensitiva.</span> 
     </span>
    </p>
   </div>
   <div class='ocr_carea' id='block_1_10' title="bbox 2467 3300 4210 3400">
    <p class='ocr_par' dir='ltr' id='par_1_12' title="bbox 2467 3300 4210 3400">
     <span class='ocr_line' id='line_1_71' title="bbox 2467 3300 4210 3400; baseline 0.008 -30"><span class='ocrx_word' id='word_1_361' title='bbox 2467 3300 2578 3371; x_wconf 84' lang='lat' dir='ltr'>Ad</span> <span class='ocrx_word' id='word_1_362' title='bbox 2608 3300 2822 3383; x_wconf 85' lang='lat' dir='ltr'>illud,</span> <span class='ocrx_word' id='word_1_363' title='bbox 2850 3303 3055 3393; x_wconf 89' lang='lat' dir='ltr'>quod</span> <span class='ocrx_word' id='word_1_364' title='bbox 3083 3305 3563 3379; x_wconf 88' lang='lat' dir='ltr'>sensitivum</span> <span class='ocrx_word' id='word_1_365' title='bbox 3591 3307 3921 3400; x_wconf 89' lang='lat' dir='ltr'>inquan-</span> <span class='ocrx_word' id='word_1_366' title='bbox 3944 3315 4110 3379; x_wconf 64' lang='lat' dir='ltr'>Argum</span> <span class='ocrx_word' id='word_1_367' title='bbox 4209 3314 4210 3385; x_wconf 64' lang='lat' dir='ltr'>l</span> 
     </span>
    </p>
   </div>
   <div class='ocr_carea' id='block_1_11' title="bbox 2373 3419 3931 5491">
    <p class='ocr_par' dir='ltr' id='par_1_13' title="bbox 2373 3419 3931 5491">
     <span class='ocr_line' id='line_1_72' title="bbox 2376 3419 3924 3517; baseline 0.003 -26"><span class='ocrx_word' id='word_1_368' title='bbox 2376 3421 2548 3491; x_wconf 89' lang='lat' dir='ltr'>tum</span> <span class='ocrx_word' id='word_1_369' title='bbox 2595 3419 3102 3501; x_wconf 85' lang='lat' dir='ltr'>sensitivum,</span> <span class='ocrx_word' id='word_1_370' title='bbox 3150 3441 3311 3492; x_wconf 91' lang='lat' dir='ltr'>non</span> <span class='ocrx_word' id='word_1_371' title='bbox 3353 3421 3588 3495; x_wconf 87' lang='lat' dir='ltr'>habet</span> <span class='ocrx_word' id='word_1_372' title='bbox 3634 3444 3924 3517; x_wconf 88' lang='lat' dir='ltr'>opera-</span> 
     </span>
     <span class='ocr_line' id='line_1_73' title="bbox 2376 3533 3922 3630; baseline 0.003 -24"><span class='ocrx_word' id='word_1_373' title='bbox 2376 3533 2684 3606; x_wconf 76' lang='lat' dir='ltr'>tionem</span> <span class='ocrx_word' id='word_1_374' title='bbox 2723 3557 2905 3628; x_wconf 85' lang='lat' dir='ltr'>sepa</span> <span class='ocrx_word' id='word_1_375' title='bbox 2925 3540 3216 3619; x_wconf 88' lang='lat' dir='ltr'>ratam,</span> <span class='ocrx_word' id='word_1_376' title='bbox 3255 3558 3346 3610; x_wconf 86' lang='lat' dir='ltr'>ac</span> <span class='ocrx_word' id='word_1_377' title='bbox 3384 3560 3528 3630; x_wconf 89' lang='lat' dir='ltr'>per</span> <span class='ocrx_word' id='word_1_378' title='bbox 3568 3539 3718 3612; x_wconf 88' lang='lat' dir='ltr'>hoc</span> <span class='ocrx_word' id='word_1_379' title='bbox 3763 3561 3922 3613; x_wconf 90' lang='lat' dir='ltr'>non</span> 
     </span>
     <span class='ocr_line' id='line_1_74' title="bbox 2374 3653 3911 3745; baseline 0.005 -24"><span class='ocrx_word' id='word_1_380' title='bbox 2374 3656 2497 3723; x_wconf 88' lang='lat' dir='ltr'>est</span> <span class='ocrx_word' id='word_1_381' title='bbox 2586 3653 3072 3744; x_wconf 75' lang='lat' dir='ltr'>sparabilis</span> <span class='ocrx_word' id='word_1_382' title='bbox 3137 3654 3614 3745; x_wconf 85' lang='lat' dir='ltr'>inquantum</span> <span class='ocrx_word' id='word_1_383' title='bbox 3683 3657 3911 3740; x_wconf 88' lang='lat' dir='ltr'>talis,</span> 
     </span>
     <span class='ocr_line' id='line_1_75' title="bbox 2376 3770 3928 3868; baseline 0.006 -31"><span class='ocrx_word' id='word_1_384' title='bbox 2376 3770 2565 3859; x_wconf 87' lang='lat' dir='ltr'>quia</span> <span class='ocrx_word' id='word_1_385' title='bbox 2613 3771 2878 3842; x_wconf 92' lang='lat' dir='ltr'>omnis</span> <span class='ocrx_word' id='word_1_386' title='bbox 2949 3770 3340 3844; x_wconf 84' lang='lat' dir='ltr'>sensitiva</span> <span class='ocrx_word' id='word_1_387' title='bbox 3416 3777 3633 3846; x_wconf 87' lang='lat' dir='ltr'>esset</span> <span class='ocrx_word' id='word_1_388' title='bbox 3702 3794 3928 3868; x_wconf 88' lang='lat' dir='ltr'>sepa-</span> 
     </span>
     <span class='ocr_line' id='line_1_76' title="bbox 2377 3884 3927 3983; baseline 0.006 -29"><span class='ocrx_word' id='word_1_389' title='bbox 2377 3884 2662 3957; x_wconf 88' lang='lat' dir='ltr'>rabilis</span> <span class='ocrx_word' id='word_1_390' title='bbox 2722 3885 3201 3978; x_wconf 83' lang='lat' dir='ltr'>inquantum</span> <span class='ocrx_word' id='word_1_391' title='bbox 3258 3889 3450 3962; x_wconf 88' lang='lat' dir='ltr'>talis</span> <span class='ocrx_word' id='word_1_392' title='bbox 3499 3913 3513 3957; x_wconf 89' lang='lat'><strong>:</strong></span> <span class='ocrx_word' id='word_1_393' title='bbox 3589 3911 3927 3983; x_wconf 88' lang='lat' dir='ltr'>separa-</span> 
     </span>
     <span class='ocr_line' id='line_1_77' title="bbox 2374 4002 3929 4078; baseline 0.003 -4"><span class='ocrx_word' id='word_1_394' title='bbox 2374 4004 2514 4074; x_wconf 88' lang='lat' dir='ltr'>tur</span> <span class='ocrx_word' id='word_1_395' title='bbox 2554 4006 2826 4074; x_wconf 88' lang='lat' dir='ltr'>autem</span> <span class='ocrx_word' id='word_1_396' title='bbox 2891 4002 3283 4076; x_wconf 88' lang='lat' dir='ltr'>sensitiva</span> <span class='ocrx_word' id='word_1_397' title='bbox 3362 4004 3716 4078; x_wconf 83' lang='lat' dir='ltr'>hominis</span> <span class='ocrx_word' id='word_1_398' title='bbox 3814 4007 3929 4078; x_wconf 90' lang='lat' dir='ltr'>in-</span> 
     </span>
     <span class='ocr_line' id='line_1_78' title="bbox 2378 4119 3931 4214; baseline 0.005 -26"><span class='ocrx_word' id='word_1_399' title='bbox 2378 4121 2768 4210; x_wconf 86' lang='lat' dir='ltr'>quantum</span> <span class='ocrx_word' id='word_1_400' title='bbox 2834 4119 3009 4201; x_wconf 89' lang='lat' dir='ltr'>hoc,</span> <span class='ocrx_word' id='word_1_401' title='bbox 3077 4122 3149 4193; x_wconf 89' lang='lat' dir='ltr'>id</span> <span class='ocrx_word' id='word_1_402' title='bbox 3208 4126 3359 4203; x_wconf 87' lang='lat' dir='ltr'>est,</span> <span class='ocrx_word' id='word_1_403' title='bbox 3443 4122 3931 4214; x_wconf 88' lang='lat' dir='ltr'>inquantum</span> 
     </span>
     <span class='ocr_line' id='line_1_79' title="bbox 2377 4233 3928 4330; baseline 0.005 -25"><span class='ocrx_word' id='word_1_404' title='bbox 2377 4233 2454 4305; x_wconf 90' lang='lat' dir='ltr'>in</span> <span class='ocrx_word' id='word_1_405' title='bbox 2492 4233 2692 4325; x_wconf 90' lang='lat' dir='ltr'>ipsa,</span> <span class='ocrx_word' id='word_1_406' title='bbox 2729 4239 2809 4308; x_wconf 91' lang='lat' dir='ltr'>et</span> <span class='ocrx_word' id='word_1_407' title='bbox 2846 4257 2988 4329; x_wconf 89' lang='lat' dir='ltr'>per</span> <span class='ocrx_word' id='word_1_408' title='bbox 3023 4237 3282 4329; x_wconf 87' lang='lat' dir='ltr'>ipsam</span> <span class='ocrx_word' id='word_1_409' title='bbox 3317 4238 3625 4329; x_wconf 82' lang='lat' dir='ltr'>ligatur</span> <span class='ocrx_word' id='word_1_410' title='bbox 3667 4260 3928 4330; x_wconf 75' lang='lat' dir='ltr'>genus</span> 
     </span>
     <span class='ocr_line' id='line_1_80' title="bbox 2380 4346 3927 4428; baseline 0.005 -9"><span class='ocrx_word' id='word_1_411' title='bbox 2380 4346 3072 4422; x_wconf 87' lang='lat' dir='ltr'>intellectivorum</span> <span class='ocrx_word' id='word_1_412' title='bbox 3173 4352 3654 4426; x_wconf 89' lang='lat' dir='ltr'>animalium</span> <span class='ocrx_word' id='word_1_413' title='bbox 3738 4377 3927 4428; x_wconf 86' lang='lat' dir='ltr'>cum</span> 
     </span>
     <span class='ocr_line' id='line_1_81' title="bbox 2375 4466 3927 4564; baseline 0.007 -30"><span class='ocrx_word' id='word_1_414' title='bbox 2375 4484 2670 4554; x_wconf 79' lang='lat' dir='ltr'>genere</span> <span class='ocrx_word' id='word_1_415' title='bbox 2732 4466 3342 4550; x_wconf 89' lang='lat' dir='ltr'>sensitivorum,</span> <span class='ocrx_word' id='word_1_416' title='bbox 3406 4475 3486 4543; x_wconf 89' lang='lat' dir='ltr'>et</span> <span class='ocrx_word' id='word_1_417' title='bbox 3541 4491 3685 4564; x_wconf 90' lang='lat' dir='ltr'>per</span> <span class='ocrx_word' id='word_1_418' title='bbox 3739 4493 3927 4545; x_wconf 92' lang='lat' dir='ltr'>con-</span> 
     </span>
     <span class='ocr_line' id='line_1_82' title="bbox 2377 4584 3923 4678; baseline 0.007 -28"><span class='ocrx_word' id='word_1_419' title='bbox 2377 4601 2719 4671; x_wconf 89' lang='lat' dir='ltr'>sequens</span> <span class='ocrx_word' id='word_1_420' title='bbox 2779 4603 2961 4654; x_wconf 89' lang='lat' dir='ltr'>cum</span> <span class='ocrx_word' id='word_1_421' title='bbox 3031 4584 3244 4657; x_wconf 89' lang='lat' dir='ltr'>aliis.</span> <span class='ocrx_word' id='word_1_422' title='bbox 3317 4588 3538 4668; x_wconf 85' lang='lat' dir='ltr'>Quod</span> <span class='ocrx_word' id='word_1_423' title='bbox 3598 4588 3923 4678; x_wconf 85' lang='lat' dir='ltr'>quidem</span> 
     </span>
     <span class='ocr_line' id='line_1_83' title="bbox 2376 4696 3925 4796; baseline 0.006 -28"><span class='ocrx_word' id='word_1_424' title='bbox 2376 4696 2906 4789; x_wconf 80' lang='lat' dir='ltr'>ligamentum</span> <span class='ocrx_word' id='word_1_425' title='bbox 2965 4700 3056 4774; x_wconf 90' lang='lat' dir='ltr'>fit</span> <span class='ocrx_word' id='word_1_426' title='bbox 3131 4703 3381 4776; x_wconf 86' lang='lat' dir='ltr'>etiam</span> <span class='ocrx_word' id='word_1_427' title='bbox 3430 4704 3704 4796; x_wconf 87' lang='lat' dir='ltr'>aliquo</span> <span class='ocrx_word' id='word_1_428' title='bbox 3755 4727 3925 4778; x_wconf 90' lang='lat' dir='ltr'>mo-</span> 
     </span>
     <span class='ocr_line' id='line_1_84' title="bbox 2373 4815 3923 4913; baseline 0.006 -28"><span class='ocrx_word' id='word_1_429' title='bbox 2373 4815 2469 4885; x_wconf 91' lang='lat' dir='ltr'>do</span> <span class='ocrx_word' id='word_1_430' title='bbox 2533 4815 2613 4887; x_wconf 91' lang='lat' dir='ltr'>in</span> <span class='ocrx_word' id='word_1_431' title='bbox 2691 4816 2964 4889; x_wconf 90' lang='lat' dir='ltr'>anima</span> <span class='ocrx_word' id='word_1_432' title='bbox 3016 4824 3424 4913; x_wconf 88' lang='lat' dir='ltr'>separata,</span> <span class='ocrx_word' id='word_1_433' title='bbox 3482 4822 3671 4893; x_wconf 88' lang='lat' dir='ltr'>dum</span> <span class='ocrx_word' id='word_1_434' title='bbox 3732 4825 3923 4894; x_wconf 88' lang='lat' dir='ltr'>sunt</span> 
     </span>
     <span class='ocr_line' id='line_1_85' title="bbox 2377 4932 3929 5029; baseline 0.008 -29"><span class='ocrx_word' id='word_1_435' title='bbox 2377 4950 2532 5001; x_wconf 87' lang='lat' dir='ltr'>una</span> <span class='ocrx_word' id='word_1_436' title='bbox 2577 4932 3039 5008; x_wconf 86' lang='lat' dir='ltr'>substantia</span> <span class='ocrx_word' id='word_1_437' title='bbox 3101 4935 3279 5029; x_wconf 86' lang='lat' dir='ltr'>ipsa</span> <span class='ocrx_word' id='word_1_438' title='bbox 3351 4941 3431 5011; x_wconf 91' lang='lat' dir='ltr'>et</span> <span class='ocrx_word' id='word_1_439' title='bbox 3494 4937 3929 5012; x_wconf 86' lang='lat' dir='ltr'>intellecti-</span> 
     </span>
     <span class='ocr_line' id='line_1_86' title="bbox 2373 5050 3924 5146; baseline 0.005 -29"><span class='ocrx_word' id='word_1_440' title='bbox 2373 5068 2500 5118; x_wconf 87' lang='lat' dir='ltr'>va.</span> <span class='ocrx_word' id='word_1_441' title='bbox 2541 5051 2639 5121; x_wconf 88' lang='lat' dir='ltr'>Et</span> <span class='ocrx_word' id='word_1_442' title='bbox 2686 5050 2834 5123; x_wconf 85' lang='lat' dir='ltr'>hoc</span> <span class='ocrx_word' id='word_1_443' title='bbox 2872 5050 3175 5126; x_wconf 85' lang='lat' dir='ltr'>sufficit</span> <span class='ocrx_word' id='word_1_444' title='bbox 3221 5073 3366 5145; x_wconf 90' lang='lat' dir='ltr'>pro</span> <span class='ocrx_word' id='word_1_445' title='bbox 3412 5055 3924 5146; x_wconf 88' lang='lat' dir='ltr'>operatione,</span> 
     </span>
     <span class='ocr_line' id='line_1_87' title="bbox 2379 5164 3928 5262; baseline 0.003 -27"><span class='ocrx_word' id='word_1_446' title='bbox 2379 5169 2463 5238; x_wconf 90' lang='lat' dir='ltr'>ut</span> <span class='ocrx_word' id='word_1_447' title='bbox 2490 5164 3128 5259; x_wconf 83' lang='lat' dir='ltr'>sitseparabilis,</span> <span class='ocrx_word' id='word_1_448' title='bbox 3174 5172 3361 5262; x_wconf 88' lang='lat' dir='ltr'>quia</span> <span class='ocrx_word' id='word_1_449' title='bbox 3387 5175 3474 5244; x_wconf 90' lang='lat' dir='ltr'>ut</span> <span class='ocrx_word' id='word_1_450' title='bbox 3504 5175 3928 5243; x_wconf 87' lang='lat' dir='ltr'>ostensum</span> 
     </span>
     <span class='ocr_line' id='line_1_88' title="bbox 2373 5284 3926 5380; baseline 0.005 -29"><span class='ocrx_word' id='word_1_451' title='bbox 2373 5285 2498 5354; x_wconf 89' lang='lat' dir='ltr'>est</span> <span class='ocrx_word' id='word_1_452' title='bbox 2535 5301 2809 5374; x_wconf 89' lang='lat' dir='ltr'>supra,</span> <span class='ocrx_word' id='word_1_453' title='bbox 2857 5284 3013 5358; x_wconf 90' lang='lat' dir='ltr'>nisi</span> <span class='ocrx_word' id='word_1_454' title='bbox 3067 5290 3283 5360; x_wconf 89' lang='lat' dir='ltr'>esset</span> <span class='ocrx_word' id='word_1_455' title='bbox 3345 5286 3926 5380; x_wconf 86' lang='lat' dir='ltr'>incorruptibi-</span> 
     </span>
     <span class='ocr_line' id='line_1_89' title="bbox 2373 5397 3067 5491; baseline 0.01 -23"><span class='ocrx_word' id='word_1_456' title='bbox 2373 5397 2502 5481; x_wconf 93' lang='lat' dir='ltr'>lis,</span> <span class='ocrx_word' id='word_1_457' title='bbox 2549 5421 2710 5473; x_wconf 90' lang='lat' dir='ltr'>non</span> <span class='ocrx_word' id='word_1_458' title='bbox 2747 5401 3067 5491; x_wconf 68' lang='lat' dir='ltr'>ligaret.</span> 
     </span>
    </p>
   </div>
  </div>
 </body>
</html>
