4252 6393
1826 403 2189 484 QUAEsTlo
2237 406 2338 468 v11

438 575 568 652 tiae
596 577 1110 656 decernatur,
1156 577 1238 647 et
1280 572 1795 666 specificetur
1835 589 1980 663 per
2090 565 2520 639 accedente
2580 563 2895 638 scilicet
2961 562 3123 635 alia
3190 561 3484 643 forma,
3546 566 3635 636 ut

437 694 814 777 formam,
879 697 1162 787 utpote
1222 690 1431 783 quod
1489 689 1598 764 sit
1657 690 1972 769 coelum,

435 810 556 882 vol
590 814 820 884 terra
857 834 871 879 :
908 808 1349 884 actualitas
1391 812 1666 880 autem
1711 806 1976 879 omnis

435 925 719 998 formae
771 928 958 999 actu
1010 923 1440 999 existentis
1485 925 1595 1012 (et
1615 921 1792 995 dico
1825 936 1977 990 actu

430 1045 795 1122 existentis,
842 1041 1033 1134 quia
1071 1039 1204 1113 hic
1236 1039 1652 1132 loquimur
1688 1037 1779 1110 de
1814 1056 1973 1109 ma·

431 1157 639 1231 teria
670 1163 752 1232 et
783 1159 1080 1241 forma,
1117 1162 1206 1231 ut
1247 1160 1435 1231 actu
1478 1156 1843 1229 existunt
1893 1152 1973 1225 in

432 1295 518 1347 re
554 1279 822 1366 extra)
864 1280 990 1350 est
1022 1275 1460 1350 actualitas
1492 1271 1973 1347 determina-

433 1397 538 1474 ta,
604 1391 795 1484 quia
849 1392 1113 1465 omnis
1174 1390 1613 1466 actualitas
1683 1389 1971 1462 formae

429 1507 525 1595 (si
576 1508 692 1582 sic
747 1507 991 1585 liceat
1030 1508 1283 1601 loqui)
1318 1507 1447 1582 vel
1497 1511 1620 1580 est
1662 1505 1965 1589 coelica,

430 1623 551 1696 vel
603 1623 899 1708 vitrea,
958 1625 1088 1697 vel
1147 1624 1442 1716 lignea,
1504 1627 1658 1696 etc.
1720 1623 1972 1697 etiam

431 1741 945 1817 considerata
996 1740 1077 1814 in
1120 1763 1204 1815 se
1256 1740 1429 1814 sine
1472 1739 1845 1821 materia,
1891 1745 1972 1814 et

427 1857 914 1949 composito.
963 1860 1145 1931 Non
1187 1859 1302 1930 sic
1362 1862 1636 1932 autem
1695 1861 1820 1931 est
1878 1857 1970 1930 de

425 1973 902 2049 actualitate
945 1975 1338 2058 materiae,
1387 1980 1475 2049 ut
1514 1974 1970 2048 considera·

428 2092 561 2162 tur
623 2089 1016 2166 distincta
1085 2113 1131 2164 a
1199 2092 1493 2165 forma.
1560 2091 1767 2165 Hinc
1845 2094 1970 2164 est

426 2207 630 2299 quod
673 2209 1113 2284 actualitas
1145 2208 1462 2291 formae,
1499 2229 1684 2282 cum
1734 2209 1826 2279 de
1886 2228 1969 2279 se

425 2322 527 2398 sit
566 2323 1136 2407 determinata,
1182 2345 1344 2398 non
1373 2322 1972 2399 determinatur

426 2459 568 2533 per
616 2439 868 2513 aliam
929 2441 1310 2522 formam,
1365 2439 1524 2537 nisi
1576 2460 1722 2533 per
1760 2440 1969 2514 acci-

423 2557 637 2639 dens,
717 2556 1194 2649 inquantum
1275 2557 1591 2630 scilicet
1660 2557 1739 2629 in
1808 2577 1968 2630 uno

424 2673 881 2766 composito
934 2679 1440 2749 concurrunt
1480 2675 1757 2767 plures
1809 2674 1969 2747 for-

425 2808 594 2870 mae,
686 2793 770 2863 et
836 2789 1256 2881 posterior
1310 2790 1802 2864 determinat
1889 2794 1968 2864 ct

423 2902 836 2995 specificat
871 2903 1270 2997 priorem;
1312 2904 1517 2997 quod
1550 2924 1701 2996 pro
1735 2908 1968 2978 tanto

420 3039 706 3092 verum
748 3024 897 3101 est,
945 3020 1132 3113 quia
1176 3020 1623 3114 perfectior
1659 3026 1783 3095 est
1836 3042 1967 3094 res

421 3137 562 3210 sub
584 3137 879 3213 ultima
911 3137 1204 3220 forma,
1244 3158 1488 3231 quam
1524 3138 1790 3212 solum
1824 3138 1969 3211 sub

419 3255 711 3348 prima.
752 3257 1053 3329 Forma
1086 3261 1361 3330 autem
1396 3256 1680 3331 intime
1707 3257 1968 3350 ipsam

418 3372 983 3448 actualitatem
1016 3372 1467 3454 confusam,
1504 3378 1584 3447 et
1627 3372 1967 3448 indeter-

423 3492 814 3565 minatam
849 3491 1218 3565 materiae
1248 3511 1410 3563 non
1449 3490 1792 3566 dimittit
1823 3491 1969 3563 sub

424 3606 560 3679 illa
648 3607 1439 3689 indeterminatione,
1505 3607 1638 3681 sed
1707 3606 1967 3682 trahit

421 3724 511 3796 ad
564 3745 746 3797 esse
785 3725 989 3808 coeli,
1050 3723 1179 3797 vel
1242 3728 1516 3807 terrae,
1578 3729 1660 3799 et
1720 3725 1835 3797 sic
1876 3724 1968 3797 de

421 3839 626 3913 aliis.
674 3842 909 3915 Patet
940 3861 1139 3934 ergo
1189 3862 1477 3914 eorum
1527 3842 1966 3917 actualitas

422 3978 563 4049 per
629 3958 997 4033 rationes
1066 3958 1519 4052 oppositas,
1585 3959 1701 4034 ita
1761 3960 1966 4051 quod

420 4072 637 4146 nullo
701 4074 936 4147 modo
998 4094 1158 4146 una
1200 4074 1295 4146 ad
1337 4074 1584 4146 aliam
1639 4075 1965 4147 reduca-

422 4194 581 4263 tur.

499 4306 909 4381 Differunt
954 4307 1232 4388 etiam,
1281 4308 1471 4400 quia
1522 4308 1962 4382 actualitas

421 4423 784 4499 materiae
812 4423 1133 4498 ratione
1167 4422 1815 4517 imperfectionis
1840 4427 1964 4497 est

418 4538 1057 4614 determinabilis
1152 4539 1714 4613 essentialiter
1819 4559 1964 4631 per

415 4659 687 4729 actum
718 4656 1035 4739 formae,
1081 4675 1173 4728 ac
1219 4675 1362 4748 per
1403 4653 1552 4729 hoc
1616 4656 1963 4729 materia

418 4769 714 4844 dicitur
758 4791 963 4865 pura
996 4772 1388 4865 potentia,
1427 4773 1615 4864 quia
1648 4771 1962 4845 nullum

422 4880 1303 4961 habetdeterminatum
1322 4905 1601 4978 genus,
1626 4906 1762 4957 seu
1785 4904 1964 4976 gra-

423 5000 602 5073 dum
670 5002 1036 5084 essendi;
1082 5007 1164 5078 et
1204 5002 1509 5076 dicitur
1569 5001 1649 5073 in
1693 5006 1962 5093 poten-

424 5117 556 5199 tia,
651 5118 1133 5211 inquantum
1219 5119 1564 5191 diversis
1646 5119 1962 5193 actibus

423 5235 873 5308 formarum
935 5236 1387 5328 perficitur,
1450 5240 1531 5309 et
1588 5234 1961 5308 determi-

423 5356 683 5426 natur.
720 5352 1178 5426 Actualitas
1212 5356 1484 5426 autem
1517 5351 1806 5424 formae
1839 5356 1964 5426 est

424 5466 954 5541 determinata
1009 5473 1091 5542 et
1150 5467 1726 5547 determinans,
1801 5487 1961 5539 non

434 5580 1086 5667 determinabilis,
1148 5583 1307 5656 nisi
1365 5603 1512 5676 per
1560 5582 1956 5666 accidens,

2087 682 2394 757 dictum
2434 687 2582 758 est.
2621 684 2740 754 Ex
2773 702 2929 774 quo
2963 684 3188 774 patet
3220 678 3634 771 quodcum

2088 800 2413 881 dicitur,
2452 799 2659 891 quod
2701 797 3051 873 materia
3080 800 3207 870 est
3239 794 3629 890 potentia,

2086 936 2250 990 non
2294 917 2648 991 excludit
2703 913 3271 989 actualitatem
3320 911 3633 986 essendi

2086 1051 2135 1104 a
2177 1033 2550 1116 materia,
2600 1033 2732 1106 sed
2763 1030 3164 1124 duplicem
3206 1028 3634 1102 actualita-

2086 1150 2277 1232 tem,
2350 1170 2594 1222 unam
2665 1149 3005 1230 scilicet,
3083 1166 3323 1239 quam
3392 1145 3634 1220 habet

2084 1265 2357 1338 forma
2391 1288 2538 1360 per
2581 1266 3048 1346 essentiam,
3129 1286 3228 1338 ex
3280 1282 3437 1356 qua
3486 1284 3634 1357 per

2083 1384 2523 1457 essentiam
2559 1404 2791 1456 suam
2843 1384 3110 1455 forma
3165 1381 3468 1456 dicitur
3507 1400 3632 1454 ac·

2084 1504 2261 1582 tus;
2341 1505 2421 1575 et
2482 1521 2628 1594 per
2704 1499 3172 1593 oppositum
3252 1498 3626 1581 materia,

2085 1615 2273 1707 quia
2304 1620 2534 1689 caret
2557 1615 2699 1688 illa
2728 1614 3088 1709 perfecta
3121 1613 3626 1694 actualitate,

2083 1735 2173 1806 ut
2206 1736 2331 1806 est
2365 1751 2412 1804 a
2454 1736 2621 1806 Deo
2663 1733 3062 1827 producta
3112 1731 3192 1814 in
3233 1730 3631 1824 composi-

3531 398 3652 461 349

2083 1850 2194 1929 to,
2228 1848 2530 1924 dicitur
2564 1848 2951 1944 potentia,
2990 1848 3179 1941 quia
3210 1849 3301 1921 de
3331 1852 3632 1921 natura
3736 1849 3751 1870 ⁶

2084 1983 2232 2036 sua
2261 1966 2621 2041 excludit
2665 1986 2985 2040 omnem
3016 1964 3631 2039 determinatio·

2082 2101 2266 2155 nem
2307 2089 2565 2169 actus,
2614 2105 2854 2177 quam
2889 2083 3130 2159 habet
3165 2084 3428 2157 omnis
3472 2084 3630 2157 for-

2082 2218 2216 2270 ma
2284 2205 2471 2274 actu
2537 2200 2898 2275 existens
2980 2220 3124 2294 per
3194 2200 3629 2275 materiam

2083 2334 2356 2397 suam;
2436 2321 2517 2391 et
2602 2318 2791 2411 quia
2864 2317 3214 2391 materia
3288 2316 3371 2390 in
3438 2321 3627 2393 actu

2080 2430 2466 2515 existens,
2535 2433 2627 2506 de
2695 2455 2780 2506 se
2837 2453 2998 2505 non
3055 2432 3296 2509 habet
3354 2437 3630 2509 actum

2078 2548 2742 2632 determinatum,
2771 2549 2903 2622 sed
2929 2548 3630 2623 determinabilem

2081 2684 2228 2757 per
2284 2668 2660 2749 formam,
2732 2666 3035 2740 dicitur
3093 2667 3483 2761 potentia.
3530 2670 3631 2742 Et

2081 2783 2198 2856 sic
2233 2789 2458 2876 patet
2491 2804 2744 2876 quare
2780 2785 3132 2858 materia
3163 2784 3465 2859 dicitur
3499 2805 3630 2878 po-

2082 2901 2366 2983 tentia,
2412 2905 2491 2974 et
2524 2922 2702 2973 esse
2736 2900 2816 2974 in
2851 2902 3244 2995 potentia,
3307 2907 3388 2977 et
3421 2903 3628 2994 quod

2078 3021 2373 3090 neutra
2452 3016 2800 3092 istarum
2868 3019 3253 3101 excludit,
3324 3019 3458 3091 sed
3519 3019 3630 3092 in-

2078 3135 2329 3209 cludit
2369 3137 2776 3211 actualem
2817 3136 3341 3212 existentiam
3392 3140 3630 3211 extra

2079 3251 2308 3326 nihil.

2581 3580 3014 3638 ARTICULUS
3092 3583 3163 3639 11.

2084 3763 2316 3829 Utrum
2353 3763 2549 3829 detur
2586 3764 2870 3831 materia
2927 3766 3004 3831 in
3051 3766 3439 3834 substantiis
3454 3769 3597 3855 spi-

2647 3879 3060 3947 ritualibus?

2170 4072 2315 4146 His
2382 4073 2609 4156 visis,
2680 4077 2806 4148 est
2884 4075 3228 4166 quaestio
3310 4083 3620 4163 nostra,

2076 4193 2356 4263 utrum
2377 4190 2725 4264 materia
2747 4190 2964 4272 talis,
2993 4191 3306 4269 scilicet
3327 4193 3626 4269 habens

2075 4311 2353 4380 actum
2429 4306 2793 4389 debilem,
2876 4307 3621 4396 indeterminatum,

2075 4426 2157 4495 et
2214 4422 2939 4506 determinabilem,
3007 4426 3115 4498 sit
3165 4426 3624 4503 fundamen·

2077 4541 2250 4612 tum
2293 4537 2771 4613 substantiae
2833 4538 3292 4632 spiritualis
3362 4544 3625 4638 cujus-

2076 4652 2270 4727 libet
2349 4659 2676 4738 creatae,
2759 4655 3055 4729 animae
3122 4659 3461 4744 scilicet,
3544 4667 3626 4737 et

2076 4771 2392 4861 Angeli.
2449 4775 2714 4865 Supra
2749 4772 2901 4847 hoc
2936 4779 3208 4849 autem
3241 4782 3429 4852 sunt
3470 4780 3624 4853 duo

2077 4885 2291 4958 modi
2369 4886 2775 4961 solemnes
2853 4888 3187 4969 dicendi.
3274 4914 3624 4984 quorum

2075 5003 2392 5095 primus
2460 5009 2586 5079 est
2637 5006 2847 5098 quod
2904 5026 3049 5080 nec
3136 5006 3216 5080 in
3278 5009 3617 5102 Angelo,

2074 5140 2219 5194 nec
2291 5121 2372 5194 in
2430 5122 2704 5195 anima
2762 5127 2888 5198 est
2939 5124 3327 5216 praedicta
3372 5132 3618 5202 mate-

2076 5255 2230 5309 ria.

3715 5253 3912 5303 Prima

3718 5316 3917 5378 opinio·

2165 5353 2480 5429 Habent
2503 5359 2776 5428 autem
2804 5354 2942 5429 isti
2977 5356 3382 5431 rationem
3405 5381 3617 5433 com·
3662 5377 3846 5427 whom.
3881 5380 3926 5431 1.

2075 5489 2425 5553 munem,
2479 5475 2560 5545 et
2625 5470 3084 5564 specialem.
3149 5477 3620 5551 Communis

2072 5590 2225 5669 est,
2251 5588 2455 5678 quod
2482 5588 2915 5660 secundum
2943 5589 3530 5684 Philosophum
3551 5598 3618 5669 8.

3677 5454 3846 5553 8¹:43¹..
3860 5440 3928 5553 ξι

3680 5564 3711 5614 2
3724 5599 3735 5612 .
3765 5579 3798 5628 q
3813 5600 3824 5613 .
3855 5566 3922 5614 50

3730 5631 3831 5676 art.
3852 5627 3905 5679 2.
