4252 6393
759 435 879 502 418
1908 442 2011 505 DE
2054 441 2320 506 RERUM
2367 440 2753 507 PRINCIPIO

765 603 1003 687 teria,
1090 608 1171 677 et
1256 607 1531 678 tamen
1598 626 1761 679 non
1824 605 2304 691 inhaereant,
2422 624 2721 697 corpus
2776 602 3218 676 humanum
3278 603 3386 680 sit
3437 604 3804 698 simplex,
3851 606 3949 678 in·

765 721 881 794 ita
924 723 1153 794 actus
1196 743 1387 795 suos
1445 724 2073 806 communicant,
2138 725 2308 797 sive
2418 719 2843 803 divisibile,
2894 725 2972 794 et
3021 721 3512 804 immortale,
3557 726 3638 796 et
3699 722 3947 797 incor-

760 839 947 909 dum
1040 836 1463 923 inhaerent,
1566 840 1736 913 sive
1828 842 2015 914 dum
2117 845 2308 917 sunt
2422 837 2830 930 ruptibile,
2877 838 3087 931 quod
3128 843 3401 913 tamen
3450 842 3573 914 est
3633 838 3945 913 falsum.

759 955 1214 1031 formaezet
1282 956 1432 1030 hoc
1491 957 1906 1030 evidenter
1946 961 2173 1051 patet
2224 958 2305 1030 in
2418 955 2577 1027 Aut
2645 973 2870 1045 ergo,
2935 954 3144 1029 sicut
3211 956 3494 1048 arguis
3562 977 3660 1028 ex
3728 962 3948 1050 parte

759 1071 1087 1148 Christo
1129 1073 1261 1146 ubi
1302 1074 1682 1148 divinitas
1722 1095 1882 1147 non
1932 1074 2299 1158 inhaeret,
2421 1071 2978 1154 intellectivae,
3089 1072 3481 1147 sensitiva
3571 1093 3743 1146 non
3834 1078 3947 1148 est

758 1210 902 1262 nec
993 1194 1118 1265 est
1201 1189 1472 1265 forma
1560 1190 2143 1273 humanitatis,
2222 1196 2303 1267 et
2417 1188 2687 1262 forma
2754 1189 3160 1282 corporis,
3225 1194 3366 1265 aut
3434 1189 3503 1264 si
3534 1195 3684 1273 est,
3759 1211 3946 1283 prae·

758 1310 1031 1382 tamen
1090 1310 1433 1403 propter
1488 1309 1868 1382 unionem
1937 1309 2303 1383 substan·
2413 1304 2630 1378 dicta
2669 1305 3326 1382 communicabit.

759 1423 1041 1497 tialem
1107 1444 1290 1495 cum
1358 1424 1891 1507 humanitate,
1951 1424 2026 1497 ei
2088 1446 2301 1499 com·
2506 1425 2736 1505 Item,
2783 1422 2995 1497 sicut
3041 1423 3377 1507 ostendi,
3413 1424 3943 1499 communica-

761 1542 1121 1615 municat
1154 1561 1385 1614 suam
1428 1542 2016 1624 actualitatem,
2064 1562 2299 1614 suum
2414 1535 2530 1610 tio
2604 1535 2695 1612 fit
2775 1542 3115 1630 propter
3181 1538 3585 1623 unionem,
3657 1543 3740 1615 et
3794 1561 3944 1614 non

756 1661 1029 1731 actum
1060 1657 1399 1738 essendi,
1445 1676 1676 1729 suam
1707 1653 2295 1749 operationem,
2412 1660 2754 1748 propter
2796 1655 3363 1732 inhaerentiam
3395 1655 3718 1742 formae3
3754 1679 3944 1752 ergo

760 1773 1015 1848 multo
1110 1773 1398 1847 melius
1474 1779 1555 1849 et
1654 1773 1979 1855 fortiuS,
2054 1789 2297 1863 quam
2411 1769 2480 1844 si
2514 1772 2818 1855 unitur,
2845 1777 2928 1848 et
2957 1772 3264 1855 intime,
3302 1776 3391 1847 ut
3422 1773 3647 1858 dicis,
3683 1796 3946 1868 quam·

754 1888 1028 1980 aliqua
1096 1888 1369 1961 forma
1456 1909 1620 1961 suae
1692 1885 2085 1960 materiae.
2165 1884 2295 1957 Vi·
2411 1886 2532 1959 vis
2566 1907 2724 1960 non
2767 1887 2873 1961 sit
2914 1886 3184 1960 forma
3222 1890 3630 1982 corporis,
3683 1891 3946 1965 omnia

748 2005 988 2078 desne
1063 2007 1159 2080 ad
1237 2006 1560 2080 oculum
1630 2004 1835 2098 quod
1904 2001 2093 2075 unio
2170 2003 2293 2074 est
2411 2001 2551 2075 illa
2590 2002 3230 2077 communicabit
3280 2004 3636 2097 torpori.

749 2142 997 2195 causa
1064 2119 1861 2201 communicationis,
1923 2138 2086 2191 non
2151 2137 2294 2190 au·
2500 2121 2730 2202 Item,
2785 2140 2884 2191 ex
2925 2123 3160 2213 parte
3194 2118 3653 2213 spiritualis
3706 2128 3943 2199 mate·

750 2244 914 2314 tem
1015 2238 1499 2313 inhaerentia
1586 2234 1959 2310 formalis
2032 2252 2290 2305 :nam
2408 2234 2552 2308 riae
2630 2241 3083 2329 sequuntur
3141 2236 3418 2329 aliqua
3484 2258 3782 2331 magna
3838 2239 3942 2313 in-

750 2360 1490 2451 quantumcumque
1532 2355 1808 2448 aliqua
1860 2352 2284 2432 inhaerent,
2404 2353 3014 2438 convenientia,
3076 2374 3266 2426 nam
3326 2354 3394 2427 si
3447 2354 3944 2432 intellectiva

748 2475 817 2547 si
851 2479 1127 2550 tamen
1164 2494 1325 2546 non
1374 2473 1740 2547 facerent
1779 2491 2053 2550 unum,
2097 2469 2286 2540 dato
2402 2488 2563 2540 non
2620 2469 2956 2543 uniatur
3015 2469 3382 2543 materiae
3424 2471 3817 2555 sensibili,
3861 2476 3945 2547 ut

748 2593 953 2684 quod
995 2611 1156 2665 non
1197 2591 1672 2672 inhaereant,
1727 2609 1887 2662 non
1930 2606 2286 2660 commu·
2401 2584 2694 2667 forma,
2786 2586 2961 2659 sola
3038 2586 3390 2661 materia
3484 2587 3940 2681 spiritualis

746 2708 1022 2783 nicant
1107 2709 1510 2801 complete
1565 2733 1580 2789 3
1704 2725 1903 2797 ergo
1973 2702 2282 2779 clarius
2396 2698 2558 2773 erit
2589 2699 2870 2783 libera,
2908 2699 3371 2793 intelligens
3401 2707 3481 2777 et
3513 2703 3822 2779 volens.

743 2825 921 2899 luce
1002 2829 1151 2908 est,
1211 2825 1416 2918 quod
1467 2823 1733 2897 dicere
1789 2822 1995 2915 quod
2056 2820 2284 2894 intel·
2486 2828 2650 2900 Nec
2681 2827 2924 2909 valet,
2962 2828 3032 2901 si
3092 2828 3312 2902 dicas
3346 2832 3552 2922 quod
3594 2833 3948 2906 materia

492 4461 569 4515 ⁴7.

366 4524 462 4582 'Em
484 4533 671 4607 prima

408 4610 491 4656 opt
500 4609 661 4643 mone

371 4665 595 4719 aequum
604 4672 672 4705 m·

743 2943 1038 3017 lectiva
1133 2963 1295 3016 non
1389 2941 1939 3016 communicat
2049 2943 2282 3013 actus

743 3080 934 3133 suos
976 3059 1336 3153 corpori,
1394 3060 1581 3151 quia
1625 3079 1787 3133 non
1817 3063 1944 3135 est
1974 3057 2276 3137 forma,

738 3184 819 3255 et
894 3178 1161 3253 dicere
1241 3178 1448 3271 quod
1505 3182 1629 3252 est
1687 3198 1935 3250 unum
2005 3196 2280 3249 secum

741 3297 1034 3369 unione
1123 3295 1413 3369 intima
1531 3300 1613 3368 et
1728 3292 2275 3374 substantiali,

738 3435 921 3487 cum
989 3412 1086 3485 ad
1134 3411 1381 3486 talem
1448 3410 1828 3484 unionem
1888 3413 2280 3502 sequatur

734 3527 1398 3608 communicatio,
1496 3529 1621 3600 est
1710 3526 1977 3599 dicere
2072 3525 2279 3617 quod

735 3646 1310 3727 communicat,
1354 3648 1435 3718 et
1476 3664 1635 3718 non
1668 3642 2220 3718 communicat
2256 3669 2271 3726 ;

731 3784 958 3856 crgo,
1002 3768 1156 3837 etc.
1225 3760 1585 3835 Secundo
1639 3759 1936 3853 accipit
1986 3759 2274 3832 nihilo-

732 3882 999 3956 minus
1048 3879 1348 3953 salsum
1406 3878 1620 3951 dicta
1688 3876 2014 3969 positio,
2086 3897 2273 3949 cum

726 3994 1554 4073 communicationem
1633 3992 2034 4067 attribuat
2111 3992 2270 4065 for·

728 4134 904 4194 mae,
968 4110 1157 4204 quia
1220 4110 1515 4191 forma,
1587 4127 1747 4180 non
1816 4107 2003 4199 quia
2070 4106 2269 4182 facit

725 4249 998 4311 unum,
1084 4226 1314 4320 cujus
1402 4224 1915 4299 contrarium
2003 4227 2265 4298 osten·

724 4368 903 4420 sum
931 4348 1055 4417 est
1087 4364 1263 4416 esse
1293 4362 1604 4415 verum.

813 4463 1171 4537 Secundo
1220 4461 1422 4542 dico,
1479 4459 1682 4551 quod
1713 4480 1811 4531 ex
1854 4458 2011 4532 ista
2054 4459 2262 4551 posi·

722 4584 941 4659 tione
1039 4583 1488 4673 sequantur
1581 4576 2254 4658 inconvenientia,

2397 2941 2859 3034 spiritualis
2919 2963 3064 3037 per
3141 2964 3372 3017 suam
3428 2945 3941 3019 nobilitatem

2394 3057 2489 3129 ad
2576 3059 2783 3133 tales
2870 3065 3100 3134 actus
3175 3062 3394 3135 altos
3460 3061 3936 3155 attingeret,

2396 3173 2584 3266 quia
2628 3176 2708 3248 in
2751 3177 3101 3252 materia
3150 3182 3272 3251 cst
3330 3178 3623 3272 duplex
3686 3200 3939 3271 genus

2391 3290 2896 3376 nobilitatis;
2944 3316 3189 3367 unum
3226 3295 3307 3367 in
3358 3314 3656 3387 genere
3697 3297 3935 3378 entis,

2393 3409 2674 3501 utpote
2709 3410 2896 3501 quia
2932 3409 3396 3503 spiritualis
3458 3415 3538 3484 et
3572 3433 3740 3484 non
3772 3433 3938 3486 cor-

2393 3523 2729 3616 poralis,
2829 3530 2909 3599 et
3004 3527 3438 3599 secundum
3507 3526 3720 3602 hanc
3779 3549 3938 3601 non

2389 3643 2660 3733 potest
2711 3641 2806 3714 ad
2865 3643 3072 3714 tales
3141 3646 3372 3715 actus
3433 3645 3935 3737 pertingere,

2388 3755 2595 3847 quod
2661 3770 3050 3850 expresse
3125 3760 3348 3850 patet
3419 3760 3504 3831 in
3582 3761 3941 3836 materia

2385 3872 2588 3954 coeli,
2637 3874 2828 3965 quia
2887 3894 3049 3946 non
3105 3876 3228 3947 est
3270 3875 3352 3948 in
3411 3877 3792 3967 potentia
3849 3875 3942 3950 ad

2383 3987 2738 4061 formam
2779 3990 2995 4072 vitae,
3041 3990 3139 4062 ad
3207 4010 3449 4082 quam
3483 3993 3606 4064 est
3675 3992 3761 4065 in
3803 4013 3941 4085 po-

2381 4108 2641 4180 tentia
2722 4107 3073 4180 materia
3158 4107 3638 4181 mixtorum.
3717 4111 3939 4184 Sicut

2377 4223 2595 4296 enim
2655 4225 2770 4297 ait
2812 4226 3394 4298 Damascenus.
3455 4227 3523 4297 2.
3590 4226 3734 4299 lib.
3788 4228 3935 4301 Or-

2374 4342 2751 4415 thodoxae
2818 4342 2994 4416 fidei
3058 4363 3233 4435 cap.
3272 4346 3339 4416 6.
3383 4346 3629 4413 Nullus
3671 4348 3750 4413 in
3788 4367 3931 4413 eam

2373 4462 2759 4547 opinionem
2817 4462 3065 4540 venial,
3132 4473 3204 4528 ue
3242 4462 3456 4542 coel03,
3518 4474 3638 4529 aut
3705 4462 3933 4530 sidera

2371 4578 2677 4642 animala
2726 4597 2860 4642 esse
2915 4578 3274 4657 existimet,
3352 4579 3586 4643 anima
3656 4579 3925 4666 quippe,

434 4722 672 4769 inconm—
720 4721 904 4774 cum
982 4697 1176 4771 dicit
1273 4694 1564 4774 vitare,
1645 4692 1971 4764 dicendo
2050 4693 2256 4784 quod
2367 4713 2446 4758 ac
2479 4714 2673 4759 sensu
2728 4705 2980 4760 carent.
3029 4692 3332 4765 Forma
3371 4696 3679 4774 autem,
3741 4710 3918 4784 quae

402 4784 612 4832 m'emt'a
625 4823 635 4834 .

721 4813 1220 4891 intellectiva
1260 4831 1421 4883 non
1477 4809 1581 4881 sit
1639 4807 1908 4880 forma
1970 4832 1985 4875 :
2050 4808 2256 4900 quod

714 4936 937 5028 patet
980 4931 1245 5025 primo
1288 4923 1752 5018 accipiendo
1796 4923 2010 5004 illud,
2048 4924 2253 5014 quod

707 5051 926 5132 dicit,
964 5046 1440 5122 sensitivam
1471 5063 1649 5114 esse
1691 5038 2042 5114 sormam
2073 5061 2250 5114 cor-

708 5168 976 5263 poris:
1016 5165 1085 5238 si
1133 5162 1349 5235 enim
1402 5159 1662 5232 omnis
1722 5157 1991 5230 forma
2036 5178 2250 5230 com-

707 5280 1066 5355 municat
1109 5280 1294 5350 actu
1355 5269 1922 5347 actualitatem
1984 5290 2241 5353 suam,

699 5402 780 5473 et
877 5391 1440 5489 operationem
1537 5386 1944 5468 materiam
2043 5405 2242 5478 crgo

699 5534 880 5586 cum
917 5507 1308 5583 sensitiva
1342 5505 1448 5578 sit
1482 5502 2017 5584 indivisibilis,
2057 5503 2241 5576 sim-

2367 4809 2489 4879 cst
2552 4807 3047 4901 principium
3112 4809 3330 4892 vitae,
3375 4809 3744 4884 nobilior
3809 4808 3929 4881 est

2370 4926 2589 4997 omni
2676 4925 2864 5009 alia,
2957 4947 3132 5019 quae
3218 4948 3378 5000 non
3457 4931 3581 5002 est
3632 4927 3935 5022 princi·

2366 5039 2591 5132 pium
2659 5042 2876 5116 vitae.
2932 5043 3166 5117 Aliud
3232 5048 3359 5117 est
3400 5064 3661 5136 genus
3713 5042 3930 5117 nobi·

2358 5156 2620 5231 litatis
2667 5179 2810 5251 per
2880 5165 3302 5253 aspectum
3351 5162 3448 5234 ad
3520 5160 3924 5255 receptio-

2359 5295 2547 5347 nem
2609 5274 3107 5361 sormarum;
3157 5281 3235 5351 et
3286 5278 3735 5351 secundum
3778 5278 3926 5350 hoc

2361 5391 2736 5474 materia,
2819 5413 2993 5484 quae
3064 5398 3189 5468 est
3250 5392 3704 5485 ignobilior
3806 5415 3925 5466 se-

2356 5507 2704 5578 cundum
2793 5507 3148 5600 primum
3230 5509 3579 5590 modum,
3619 5513 3755 5583 est
3790 5528 3923 5580 no·

698 5628 906 5726 plex,
977 5621 1498 5705 immortalis,
1588 5618 1959 5716 sequitur
2034 5621 2240 5717 quod
2354 5621 2599 5695 bilior
2684 5625 3121 5697 secundum
3221 5623 3471 5700 istum
3554 5627 3915 5711 modum,

4005 3302 4174 3367 Duplex

3985 3367 4192 3437 nobaels'tqs

4001 3434 4191 3481 materia
