4252 6393
367 601 661 663 Responsio

371 666 664 714 Avicennoe
677 700 690 714 .

392 5169 684 5230 Resellitm·

426 5233 659 5280 secunda

396 5297 686 5343 necessitas

379 5358 690 5407 Avicennoe.

715 353 838 416 306

809 516 1058 587 Forte
1108 515 1201 586 ad
1251 516 1403 587 hoc
1456 515 1889 608 respondet
1930 516 2260 589 Avieen-

713 652 842 712 na,
891 634 1100 724 quod
1141 632 1310 707 haee
1356 635 1645 708 ultima
1691 636 1907 708 ratio
1940 637 2258 708 conclu-

713 749 828 821 dit
859 749 949 820 de
981 770 1102 832 eo,
1141 752 1347 841 quod
1382 751 1635 825 tendit
1670 752 1743 824 in
1781 752 1998 824 aliud
2032 774 2261 844 prop-

717 872 845 940 ter
879 887 1107 938 suam
1152 868 1762 959 perfectionem,
1822 874 1907 942 ut
1958 869 2261 960 aliquid

714 984 812 1054 ab
894 983 1033 1056 illo
1107 983 1526 1074 acquirat,
1601 986 1837 1076 quale
1904 1005 2067 1056 non
2135 989 2260 1057 est

715 1100 1241 1193 principium;
1282 1100 1443 1173 imo
1489 1104 1575 1174 ut
1614 1102 1845 1174 daret
1892 1100 2144 1174 tendit
2181 1101 2259 1171 in

713 1218 952 1298 aliud,
994 1222 1333 1311 propter
1364 1239 1594 1290 suam
1629 1218 2211 1311 perfectionem
2238 1274 2255 1295 .

716 1334 905 1425 quia
938 1333 1254 1408 scilicet
1286 1336 1460 1409 vult
1494 1358 1578 1407 30
1619 1335 2254 1414 communicare,

716 1455 796 1523 et
849 1470 1084 1524 suum
1125 1474 1327 1535 esse,
1372 1474 1534 1525 non
1594 1454 1801 1545 quod
1852 1454 2026 1545 ejus
2080 1472 2259 1524 esse

724 1567 830 1640 sit
877 1572 1217 1662 propter
1265 1570 1478 1641 aliud
1525 1590 1572 1641 a
1626 1592 1734 1653 se,
1783 1571 1995 1644 sieut
2047 1588 2259 1660 aqua

721 1684 1273 1775 refrigeratur
1324 1706 1466 1778 per
1520 1685 1869 1778 seipsam
1931 1685 2024 1755 ad
2076 1705 2258 1757 con-

719 1802 1268 1875 servationem
1322 1823 1485 1873 suae
1547 1802 1868 1894 speciei,
1942 1823 2099 1873 non
2173 1805 2259 1873 ut

720 1918 1157 2009 refrigeret
1225 1919 1526 2011 aliquid
1601 1923 1839 1992 extra
1918 1940 2023 1989 se.
2113 1916 2260 1990 Sed

719 2036 926 2125 quod
961 2034 1261 2125 aliquid
1339 2035 1779 2125 refrigeret
1828 2039 2067 2107 extra
2145 2055 2253 2114 sc,

717 2150 868 2222 hoc
932 2151 1463 2242 consequitur
1515 2171 1718 2229 eam,
1798 2150 1985 2242 quia
2044 2149 2260 2221 aliud

720 2266 1325 2358 propinquatur
1380 2267 1480 2348 ei,
1548 2266 1664 2340 ita
1725 2267 1927 2358 quod
1985 2287 2259 2337 seeun-

719 2381 903 2453 dum
932 2403 1042 2461 se,
1081 2381 1148 2453 si
1181 2381 1380 2453 nihil
1413 2381 1486 2453 ei
1520 2381 2255 2474 appropinquatur,

727 2502 893 2570 stat
931 2497 1290 2589 perfecta
1322 2498 1398 2569 in
1433 2518 1579 2569 sua
1621 2497 1911 2590 speeie,
1959 2498 2260 2589 absque

721 2634 816 2683 eo
853 2614 1058 2705 quod
1099 2614 1397 2705 aliquid
1443 2615 1903 2705 refrigeret.

813 2731 959 2803 Sed
1025 2736 1320 2806 eontra
1376 2731 1529 2804 hoc
1594 2733 1978 2812 instatur,
2054 2732 2260 2823 quod

718 2869 817 2919 ex
888 2849 1290 2922 sententia
1364 2849 1793 2922 Avicennae
1873 2853 2264 2940 sequatur

721 2964 927 3055 quod
988 2964 1056 3035 si
1112 2985 1321 3057 aqua
1373 2987 1533 3038 non
1588 2970 1864 3058 posset
1906 2969 2129 3039 stare
2184 2966 2261 3037 in

720 3081 1171 3171 frigiditate
1231 3104 1378 3154 sua
1435 3083 1734 3175 absque
1802 3081 1991 3165 hoe,
2057 3083 2264 3174 quod

721 3200 939 3272 aliud
996 3198 1546 3290 frigefaceret,
1593 3221 1755 3273 non
1796 3203 2011 3273 esset
2053 3221 2263 3271 sum-

723 3339 848 3389 me
883 3316 1245 3409 perfecta
1279 3317 1357 3389 in
1401 3316 1848 3409 frigiditate
1885 3342 1899 3384 2
1935 3321 2014 3389 et
2049 3316 2264 3388 simi-

726 3432 915 3505 liter
981 3433 1072 3505 de
1141 3435 1335 3513 Deo,
1411 3432 1616 3524 quod
1685 3431 1753 3503 si
1821 3452 1980 3503 non
2049 3437 2265 3505 esset

723 3568 1034 3620 summe
1078 3548 1484 3641 perfectus
1521 3547 1598 3620 in
1634 3569 1741 3630 30,
1780 3547 1968 3639 quia
1999 3569 2265 3619 neces·

723 3665 947 3737 sario
990 3664 1636 3754 communicaret
1678 3663 2263 3755 perfectionem

723 3801 954 3853 suam
987 3781 1126 3853 alii
1164 3781 1282 3852 rei
1315 3779 1807 3860 necessario,
1847 3779 2266 3872 perfeetio-

721 3919 902 3968 nem
947 3917 1178 3968 suam
1221 3896 1517 3968 habere
1568 3915 1726 3967 non
1774 3900 2052 3988 posset
2095 3896 2265 3966 sine

721 4014 1244 4106 dependentia
1285 4014 1379 4084 ad
1448 4013 1665 4094 illud,
1755 4016 1832 4085 et
1878 4012 1993 4086 ita
2049 4014 2264 4083 Deus

724 4129 1311 4222 perfectionem
1375 4150 1602 4200 suam
1673 4150 1835 4201 non
1902 4128 2260 4208 haberet,

727 4245 794 4317 si
857 4267 985 4317 res
1048 4266 1209 4318 non
1270 4246 1787 4338 produceret,
1854 4243 2060 4337 quod
2126 4243 2266 4314 fal-

729 4383 905 4434 sum
947 4367 1094 4436 est.

1114 4691 1357 4746 ARTIC.
1418 4692 1458 4746 1.
1546 4690 1746 4746 SECT.
1810 4691 1872 4745 11.

725 4879 935 4942 Deum
986 4894 1120 4942 nortv
1167 4895 1365 4962 affere
1401 4896 1484 4938 ecc
1523 4873 1905 4938 necessitate
1942 4872 2259 4935 scie-ntia».

814 5069 1033 5152 Quod
1087 5070 1301 5142 Deus
1359 5088 1516 5138 non
1560 5066 1731 5154 agit
1774 5064 2263 5135 necessitate

724 5206 887 5256 suae
934 5184 1318 5264 scientim,
1368 5182 1799 5254 secundum
1836 5180 2041 5272 quod
2071 5178 2264 5252 dicit

721 5303 1155 5380 Avicenna,
1204 5300 1408 5391 quod
1452 5298 1763 5370 seilicet
1796 5318 1953 5368 non
1997 5296 2262 5367 solum

719 5419 891 5509 agit
945 5417 1437 5490 necessitate
1488 5420 1838 5493 naturae;
1889 5413 2050 5484 imo
2101 5432 2261 5483 non

720 5535 891 5625 agit
978 5534 1149 5605 sine
1235 5553 1328 5603 eo
1409 5533 1613 5623 quod
1694 5550 1839 5601 sua
1920 5528 2263 5602 scientia

1875 357 1978 419 DE
2023 356 2288 421 RERUM
2336 355 2725 420 PRINCIPIO

2371 516 3003 611 comprehendat
3109 516 3470 587 ordinem
3582 513 3907 586 nobilio-

2374 657 2571 707 rem.
2657 639 2966 709 Contra
3037 634 3186 713 sie;
3270 635 3484 704 Deus
3553 651 3739 704 cum
3808 632 3909 704 sit

2370 772 2546 823 esse
2605 771 2925 843 purum,
2976 771 3136 820 non
3181 752 3724 828 contractum,
3771 768 3907 818 nec

2372 868 2843 948 limitatum,
2919 867 3320 939 rationem
3387 866 3649 937 omnis
3707 866 3910 938 entis

2373 984 2786 1078 possibilis
2822 985 2899 1055 in
2933 1006 3016 1055 30
3048 984 3388 1061 claudit;
3426 987 3505 1055 et
3538 982 3907 1074 amplius,

2374 1101 2587 1174 sieut
2632 1099 3155 1190 intelligendo
3201 1120 3310 1179 se,
3364 1096 3751 1187 intelligit
3797 1116 3911 1167 ra-

2373 1217 2635 1289 tiones
2681 1217 3040 1287 omnium
3084 1215 3419 1295 entium,
3475 1214 3750 1286 eadem
3795 1232 3910 1283 ra·

2372 1334 2593 1407 tione
2675 1333 3062 1423 intelligit
3151 1350 3472 1404 omnem
3555 1330 3910 1402 ordinem

2375 1471 2649 1523 rerum
2711 1450 3211 1543 possibilem;
3276 1469 3435 1520 non
3495 1466 3696 1537 ergo
3761 1466 3914 1517 uno

2373 1568 2646 1647 modo;
2692 1586 2894 1658 ergo
2929 1588 3091 1639 non
3132 1565 3627 1638 necessarie.

2464 1684 2544 1756 Si
2610 1684 2954 1764 dicatur,
3030 1683 3234 1774 quod
3310 1700 3495 1754 eum
3573 1679 3908 1752 seientia
3975 1688 4182 1751 ObJ‘ecuo-

2373 1820 2520 1871 sua
2573 1800 2680 1873 sit
2730 1819 2868 1871 ars
2925 1799 3287 1891 perfecta
3332 1796 3690 1869 omnium
3738 1817 3912 1889 pro—

2370 1918 2943 1997 ducendorum,
3002 1936 3096 1989 ac
3147 1935 3291 2008 per
3340 1914 3491 1986 hoc
3541 1913 3911 1986 determi-

2371 2036 2512 2103 nat
2581 2032 2903 2104 modum
2975 2031 3460 2103 nobiliorem
3530 2028 3913 2121 simpliei-

2374 2153 2524 2230 ter,
2571 2153 2650 2222 et
2686 2148 3184 2241 perfectione
3226 2170 3373 2219 sua
3419 2147 3910 2238 requirente,
3968 2157 4186 2206 Diluitur-

2371 2286 2533 2338 non
2585 2271 2854 2358 potest
2886 2266 3137 2339 alium
3173 2267 3494 2338 modum
3544 2264 3917 2337 determi-

2373 2404 2596 2455 nare.
2661 2386 2877 2455 Tunc
2939 2404 3199 2473 arguo
3251 2383 3393 2464 sic,
3461 2382 3669 2474 quod
3722 2387 3915 2454 tunc

2375 2502 2843 2574 necessario
2897 2502 3375 2594 dependeret
3425 2520 3572 2571 sua
3615 2498 3920 2592 perfee—

2374 2618 2488 2691 tio
2531 2638 2578 2689 a
2622 2617 2858 2688 rebus
2901 2620 3164 2699 extra,
3215 2617 3419 2707 quod
3455 2620 3580 2688 est
3623 2616 3921 2707 impos-

2375 2732 2629 2815 sibile,
2677 2737 2765 2805 ut
2803 2757 3011 2822 supra
3049 2732 3351 2807 dictum
3389 2737 3538 2805 est.

2467 2852 2695 2931 Item,
2727 2870 2864 2921 ars
2891 2849 3442 2923 determinans
3478 2870 3724 2921 unum
3763 2869 3927 2920 mo·
3955 2850 4215 2963 9323&

2373 2967 2583 3046 dum,
2645 2970 2725 3038 et
2783 2967 3212 3040 excludens
3255 2967 3531 3048 alium,
3577 2971 3701 3038 est
3782 2986 3924 3038 ars
3968 2976 4214 3039 prumea-

2377 3086 2455 3154 et
2500 3082 2845 3155 seientia
2888 3082 3256 3175 practica
3319 3110 3332 3151 ε
3401 3082 3749 3156 seientia
3792 3103 3927 3154 au-

2379 3205 2542 3272 tem
2574 3201 2720 3272 Dei
2753 3221 2911 3271 non
2945 3205 3068 3273 est
3105 3201 3494 3292 practica,
3534 3201 3724 3292 quia
3767 3221 3932 3274 non

2375 3314 2615 3389 habet
2658 3316 2904 3388 aliam
2960 3317 3387 3391 scientiam
3431 3319 3522 3390 de
3565 3339 3648 3390 30
3714 3321 3800 3391 et
3842 3318 3935 3389 de
4213 3339 4214 3370 ¹

2379 3433 2823 3505 creaturis:
2869 3434 2959 3504 de
3016 3455 3100 3504 se
3151 3437 3425 3506 autem
3477 3453 3635 3505 non
3685 3433 3939 3505 habet

2381 3548 2810 3622 seientiam
2857 3549 3308 3642 practicam
3345 3574 3359 3629 ;
3433 3567 3633 3639 ergo
3670 3549 3937 3621 scien-

2380 3666 2496 3739 tia
2573 3667 2715 3738 Dei
2797 3687 2956 3738 non
3024 3669 3151 3740 est
3216 3665 3454 3738 unius
3525 3665 3739 3737 modi
3817 3665 3935 3736 sie

2378 3783 2944 3863 determinata,
3012 3783 3217 3875 quod
3276 3783 3526 3855 alium
3598 3783 3937 3854 modum

2379 3898 2852 3990 possibilem
2896 3898 3277 3971 excludit.

2953 4204 3353 4260 SCHOLIUM.

2433 4360 2601 4426 Quod
2633 4356 3462 4427 hIeaitScotusdequalitate
3478 4357 3763 4412 scientiae
3801 4358 3940 4422 Dei,

2381 4460 2683 4515 nimirum
2745 4472 2945 4528 neque
3014 4458 3317 4527 quatenus
3399 4459 3691 4512 versatur
3761 4458 3940 4512 eirea

2380 4557 2713 4613 essentiam
2755 4571 2953 4624 suam,
3004 4570 3208 4626 neque
3257 4558 3565 4623 quatenus
3612 4553 3826 4611 tendit
3875 4556 3943 4609 in

2379 4660 2719 4722 creaturaS,
2752 4669 2886 4710 0330
2900 4655 3260 4725 practicam,
3292 4651 3468 4709 docet
3490 4652 3706 4708 multis
3745 4653 3816 4707 in
3853 4653 3947 4708 lo-

2377 4759 2490 4821 eiS,
2524 4754 2823 4810 videlicet
2852 4757 3070 4824 quaest.
3103 4753 3156 4807 4.
3209 4752 3475 4823 prologi,
3507 4756 3560 4816 §-
3595 4752 3661 4807 Sa·
3689 4752 3948 4822 objicia-

2380 4861 2496 4920 tur,
2565 4871 2706 4911 vers.
2757 4856 2895 4909 Licet
2961 4854 3087 4922 haec,
3140 4853 3244 4909 ubi
3314 4852 3706 4924 probabilius
3763 4855 3952 4923 putat

2377 4954 2725 5020 seientiam,
2758 4966 2945 5022 quam
2979 4952 3137 5006 Deus
3168 4949 3244 5005 de
3277 4965 3342 5006 30
3392 4951 3598 5018 habet,
3633 4965 3763 5006 non
3803 4962 3950 5007 esse

2379 5053 2741 5124 practicam,
2802 5051 2948 5121 quia
2992 5051 3137 5106 licet
3187 5055 3429 5107 moveat
3458 5052 3756 5106 affectum
3833 5065 3947 5105 seu

2377 5156 2580 5210 actum
2619 5151 3118 5217 volu1ltati8‚non
3151 5153 3352 5205 tamen
3385 5153 3477 5206 est
3497 5148 3720 5217 regula
3765 5149 3951 5218 ejus-

2378 5250 2516 5306 dom
2550 5250 2911 5314 voluntatis,
2981 5249 3127 5319 quia
3159 5247 3289 5302 haee
3320 5263 3396 5301 ex
3444 5261 3510 5301 30
3558 5250 3650 5302 est
3703 5246 3946 5315 regula

2375 5348 2832 5420 perfectissima
2880 5359 3136 5401 suarum
3186 5345 3638 5415 operationum.
3677 5346 3760 5403 Et
3814 5344 3946 5401 ibi-

2375 5447 2538 5512 dem,
2571 5451 2624 5511 §-
2666 5446 2880 5501 Tertius
2902 5443 3196 5509 articulus,
3232 5446 3482 5515 propter
3502 5441 3800 5499 eamdem
3836 5459 3945 5499 ra-

2372 5549 2626 5614 tionem,
2687 5546 3008 5616 probabile
3056 5551 3232 5617 putat
3275 5546 3516 5602 nullam
3564 5544 3942 5611 seientiam,
