4252 6393
368 855 600 930 Conclu-

346 2338 595 2453 Dugatem‘t.

316 3030 626 3095 Responsio.

675 436 753 498 721

666 596 915 674 etiam
988 595 1343 688 qualiter
1399 597 1892 673 unctuosus;
1974 588 2208 663 modo

668 734 812 788 aer
842 734 1003 787 non
1034 717 1159 787 est
1201 715 1672 787 unctuosuS.

722 830 1120 904 Secunda
1146 828 1568 903 conclusio
1608 833 1758 909 est,
1796 826 2002 920 quod
2046 844 2209 896 om·

667 947 891 1022 nium
918 944 1552 1040 impressionum
1578 944 2022 1035 ignitarum
2052 960 2211 1013 ma-

665 1064 880 1139 teria
910 1067 1035 1137 est
1080 1061 1496 1136 exhalatio
1546 1061 1805 1135 calida
1852 1065 1933 1135 et
1988 1058 2210 1132 sicca

661 1185 1084 1256 unctuosa.
1134 1180 1565 1263 Probatur,
1612 1178 1801 1271 quia
1844 1176 2207 1249 omnium

663 1298 1294 1393 impressionum
1340 1298 1788 1389 ignitarum
1846 1299 1971 1368 est
2014 1294 2208 1366 illud

663 1415 1037 1498 materia,
1076 1416 1284 1509 quod
1305 1419 1432 1488 est
1462 1414 1628 1487 cito
1676 1408 2208 1485 inflammabi-

660 1533 772 1614 le;
821 1532 956 1605 sed
1003 1530 1417 1605 exhalatio
1482 1535 1881 1603 unctuosa
1913 1533 2037 1602 est
2070 1527 2206 1598 hu-

653 1649 1054 1743 jusmodi:
1111 1648 1389 1738 igitur,
1426 1652 1577 1721 etc.
1639 1646 1908 1738 Major
1954 1648 2201 1738 patet.

661 1766 850 1857 quia
875 1764 1049 1838 istae
1083 1763 1768 1838 inflammationes
1833 1762 2036 1835 fiunt
2063 1782 2207 1854 per

660 1881 1434 1963 inflammationem;
1487 1885 1568 1955 et
1640 1878 1909 1954 minor
1966 1897 2205 1971 appa·

663 1997 812 2075 ret,
882 1992 1072 2086 quia
1132 1992 1669 2066 inflammatio
1741 1990 2205 2065 immediate

659 2108 1032 2200 sequitur
1099 2109 1740 2183 unctuositatem
1802 2107 2203 2197 digestam

659 2246 847 2298 cum
897 2225 1241 2318 quadam
1277 2225 1673 2299 siccitate.

749 2344 893 2416 Sed
935 2342 1376 2425 dubitatur,
1415 2347 1694 2415 utrum
1752 2343 1828 2414 in
1883 2342 2203 2415 exhala-
2255 2332 2258 2337 ’

649 2462 956 2537 tionem
1048 2461 1619 2536 introducatur
1677 2480 1887 2533 nova
1939 2460 2207 2534 forma

658 2578 1226 2653 substantialis
1257 2600 1441 2652 cum
1475 2580 1842 2653 elevetur
1874 2600 1920 2651 a
1944 2584 2199 2661 terra,

654 2696 782 2767 vel
815 2699 1026 2767 non?
1061 2696 1129 2768 si
1165 2696 1305 2777 sic,
1346 2718 1599 2788 quare
1636 2696 1812 2789 plus
1852 2697 2201 2769 denomi-

657 2817 906 2887 natur
933 2811 1025 2885 de
1058 2818 1357 2888 natura
1390 2819 1662 2896 terrae,
1722 2834 1964 2905 quam
2014 2814 2204 2888 alte-

659 2930 833 3003 rius
873 2930 1303 3003 elementi?

740 3047 860 3120 -Ad
902 3046 1113 3121 istud
1153 3046 1330 3119 dico
1374 3048 1582 3140 quod
1633 3069 1793 3119 non
1838 3067 2203 3120 necessa-

659 3162 873 3236 rium
907 3164 1113 3257 quod
1145 3184 1356 3237 nova
1405 3164 1673 3237 forma
1716 3164 2204 3239 substantia·

656 3282 755 3355 lis
818 3281 1392 3356 introducatur
1442 3282 1522 3354 in
1566 3281 2200 3362 exhalationem,

647 3398 836 3490 quia
888 3398 955 3470 si
999 3419 1323 3491 semper
1354 3419 1563 3471 nova
1606 3397 1875 3471 forma
1957 3398 2206 3470 intro-

641 3516 1101 3598 duceretur,
1146 3519 1338 3590 tunc
1381 3537 1479 3588 ex
1522 3520 1752 3590 terra
1792 3536 1953 3589 non
2023 3537 2205 3609 pos-

644 3638 765 3706 set
796 3632 975 3704 fleri
1010 3632 1470 3707 immediate
1529 3633 1769 3724 ignis,
1839 3635 1964 3707 vel
2053 3636 2212 3707 sal*

648 3757 814 3824 tem
852 3750 1064 3842 ignis
1100 3753 1362 3824 staret
1404 3750 1550 3821 sub
1595 3750 1893 3844 majori
1951 3751 2207 3824 densi-.

649 3872 845 3949 tate,
919 3887 1159 3959 quam
1230 3867 1337 3940 sit
1367 3867 1725 3940 densitas
1800 3888 2048 3960 aquas
2078 3873 2206 3944 vel

653 3985 896 4067 aeris,
925 3989 1005 4057 et
1040 3983 1251 4059 istud
1285 3982 1528 4058 habet
1558 3985 1817 4059 videri
1861 3989 1927 4058 2.
1972 3989 2055 4056 de
2088 3991 2206 4056 Ge-

657 4105 1034 4170 iteratione.

753 4218 1111 4290 Secundo
1144 4218 1320 4291 dico
1356 4220 1563 4311 quod
1612 4222 2206 4313 quandoque'in

608 4361 611 4394 r
663 4334 889 4408 illam
962 4334 1599 4410 exhalationem*
1659 4338 2209 4412 introducitur

321 5166 557 5216 Dubium
585 5165 636 5215 2.

357 5231 580 5282 Solun’o.

659 4471 872 4523 nova
914 4449 1206 4533 forma,
1255 4452 1569 4526 scilicet
1604 4454 1861 4528 mixta
1914 4455 2206 4547 imper·

662 4569 898 4650 fecta,
945 4573 1026 4642 et
1075 4573 1264 4642 tunc
1305 4570 1879 4644 denominatur
1930 4573 2021 4644 de
2074 4592 2207 4643 na-

663 4690 853 4758 tura
939 4689 1215 4767 terrae,
1316 4691 1656 4780 propter
1725 4688 2209 4780 qualitatem

664 4804 1144 4893 symbolam,
1187 4826 1424 4899 quam
1459 4805 1699 4880 habet
1729 4829 1912 4880 cum
1950 4813 2205 4889 terra,

663 4925 743 4993 et
790 4927 1132 5014 propter
1224 4922 1396 5015 ejus
1467 4924 2053 4998 resolutionem
2113 4927 2213 4997 ab

669 5038 871 5129 ipsa.

757 5160 1114 5230 Secundo
1155 5159 1597 5241 dubitatur,
1650 5166 1924 5233 utrum
1974 5162 2212 5234 exha-

662 5275 864 5348 latio
888 5275 1148 5368 possit
1169 5276 1476 5348 elevari
1500 5277 1598 5347 ab
1622 5283 1879 5369 aqua?
1912 5280 2025 5351 Ad
2059 5279 2211 5352 hoc

657 5391 957 5465 dicitur
988 5393 1195 5483 quod
1238 5412 1421 5473 non,
1452 5393 1607 5464 nisi
1652 5394 2026 5484 aquailla
2052 5394 2213 5466 fue-

664 5507 773 5581 rit
868 5508 1213 5582 multum
1302 5528 1621 5599 grossa,
1688 5515 1768 5585 et
1854 5512 2216 5584 admixta

659 5625 1278 5711 terrestreitati-.

1845 430 1990 494 Lm.
2043 429 2086 491 Ι.
2137 426 2682 490 alsmououml
2730 502 2743 513 ·

2419 587 2695 662 Tertio
2747 586 3194 672 dubitatur,
3230 593 3508 663 utrum
3548 589 3868 664 exha-la·
3895 591 4104 644 Dubium
4130 596 4169 646 3·

2322 697 2439 772 tio
2481 698 2743 797 possit
2785 700 3235 773 terminare
3265 702 3581 774 visum?
3726 711 3730 717 '

2411 818 2526 889 Ad
2582 817 2775 890 illud
2818 819 3140 901 dicitur,
3197 820 3404 912 quod
3452 820 3865 895 exhalatio
3942 831 4141 882 Salutio·

2321 934 3028 1011 non'infla-mmata
3069 957 3229 1008 non
3279 941 3549 1030 potest
3591 937 3863 1011 termi-

2321 1072 2519 1124 nare
2550 1052 2842 1135 visum,
2877 1053 3034 1127 nisi
3074 1053 3328 1130 fuerit
3355 1056 3585 1128 valde
3612 1056 3868 1129 multa

2323 1170 2403 1243 in
2437 1170 2981 1264 spissitudine,
3037 1174 3171 1245 sed
3223 1194 3409 1246 cum
3463 1173 3711 1249 fuerit
3761 1174 3870 1247 in-

2320 1289 2739 1364 flammata
2785 1288 2985 1362 bene
3038 1296 3331 1383 potest.
3384 1294 3501 1363 Ex
3537 1292 3688 1365 hoc
3744 1314 3870 1385 pa.-

2322 1410 2439 1480 tet
2506 1407 2714 1498 quod
2774 1406 3049 1479 rarius
3114 1408 3511 1482 terminat
3571 1409 3864 1491 visum,

2320 1544 2502 1596 cum
2534 1524 2858 1597 densius
2902 1545 3062 1598 non
3117 1525 3441 1607 sufficit,
3507 1526 3696 1618 quia
3729 1546 3875 1619 per

2322 1641 3043 1716 inflammationem
3066 1641 3422 1716 efficitur
3448 1641 3750 1725 rarior,
3791 1647 3872 1716 et

2320 1778 2569 1831 causa
2638 1759 3188 1831 communiter
3253 1779 3416 1830 non
3487 1763 3612 1832 est
3677 1759 3864 1841 alia,

2320 1875 2477 1947 nisi
2557 1876 3118 1958 inflammatio,
3168 1875 3358 1968 quia
3416 1876 3508 1948 de
3566 1880 3868 1950 natura

2319 1992 2525 2065 lucis
2556 1997 2682 2067 est
2711 1994 2980 2066 visum
3012 1993 3488 2067 terminare.

2409 2110 2523 2182 Ad
2556 2111 2946 2183 rationes.
2993 2110 3106 2182 Ad
3152 2109 3525 2203 primam,
3576 2108 4154 2235 semme-Mcfibm

2318 2241 2450 2308 tur,
2546 2233 2698 2301 etc.
2797 2230 3172 2320 Negatur
3253 2227 3862 2319 consequentia,
3924 2209 4171 2345 ία-ιςνῖκεῑῖ

2321 2345 2508 2438 quia
2550 2345 3025 2438 quandoque
3069 2346 3418 2419 materia
3462 2345 3604 2418 illa
3661 2346 3860 2418 levis
3891 2314 3928 2361 Ρ
4016 2332 4029 2345 ’

2315 2459 2696 2530 deorsum
2743 2464 3012 2551 potest
3063 2459 3252 2553 pelli
3295 2479 3342 2530 a
3382 2457 3856 2549 frigiditate,

2315 2580 2403 2650 ut
2445 2582 2729 2670 postea
2761 2576 3092 2668 patebit.

2405 2695 2519 2766 Ad
2561 2694 3016 2775 secundam,
3061 2694 3236 2766 (lico
3284 2694 3487 2785 quod
3536 2693 3858 2767 exhala-
3949 2705 4096 2758 aaz.

2316 2811 2432 2884 tio
2502 2818 2906 2886 unctuosa
2955 2817 3082 2885 est
3135 2811 3493 2884 faciliter
3554 2811 3856 2884 inflam-

2318 2928 2663 3010 mahilis,
2702 2934 2780 3002 et
2817 2929 2955 3001 illa
2979 2933 3103 3002 est
3138 2928 3488 3002 materia
3524 2928 3860 3022 impres·-

2319 3047 2638 3119 sionum
2676 3046 3149 3135 ignitarum.
3843 3052 3860 3111 j

2408 3165 2518 3238 Ad
2561 3164 2923 3247 tertiam,
2977 3165 3070 3237 de
3127 3168 3455 3239 comata
3502 3168 3582 3239 et
3631 3164 3863 3239 Gala-

2317 3281 2478 3364 xia,
2527 3286 2813 3375 postea
2853 3281 3327 3355 videbitur.·
3773 3305 3778 3308 ’

2409 3400 2522 3471 Ad
2554 3402 2959 3490 quartam,
2994 3404 3270 3473 utrum
3309 3398 3473 3472 sint
3504 3399 3864 3490 ejusdem
3957 3402 4039 3455 Ad
4063 3402 4112 3453 ⁴·

2321 3516 2645 3610 speciei,
2691 3519 2816 3589 vel
2860 3540 3044 3600 non,
3095 3518 3501 3592 videbitur
3549 3523 3864 3610 postea,

2321 3636 2454 3708 sed
2486 3641 2837 3724 negatur
2858 3636 3466 3729 consequentia,
3504 3637 3709 3729 quod
3739 3636 3866 3715 de-

2318 3754 2602 3828 berent
2673 3754 2853 3827 fieri
2942 3754 3221 3827 iisdem
3329 3752 3864 3847 temporibuS,

2320 3892 2505 3943 nam
2550 3873 3020 3963 quandoque
3053 3871 3283 3943 calor
3331 3875 3456 3943 est
3514 3869 3627 3943 ita
3688 3890 3868 3962 par-

2319 4011 2467 4061 vus
2552 3989 2758 4080 quod
2815 4009 2971 4060 non
3019 3987 3374 4062 sufficiat
3415 3986 3868 4060 exhalatio-

2320 4124 2503 4175 nem
2541 4103 2865 4175 elevare
2907 4102 3001 4173 ad
3027 4101 3640 4192 generationem
3679 4122 3870 4193 qua-

2324 4221 2688 4293 rumdam
2769 4219 3427 4312 impressionum,
3475 4240 3662 4291 cum
3753 4223 3871 4291 ta-

2323 4359 2502 4409 men
2562 4342 2688 4410 est
2721 4336 3565 4416 sufficienterelevata
3615 4337 3710 4408 ad
3742 4357 3869 4424 ge-

2320 4455 2831 4527 nerationem
2865 4454 3243 4535 aliarum,
3276 4458 3357 4527 ct
3389 4453 3637 4527 etiam
3674 4453 3868 4523 mul-

2322 4575 2425 4644 tae
2468 4570 2649 4642 alim
2708 4591 2975 4643 causae
3041 4574 3382 4663 possunt
3472 4591 3632 4643 non
3684 4589 3866 4643 eon·

2323 4710 2690 4761 currere.

3956 3176 4035 3229 Ad
4059 3172 4106 3224 3.

2412 4806 2525 4877 Ad
2549 4805 2942 4897 quintam,
2991 4808 3343 4895 negatur
3373 4822 3868 4896 consequen-
3969 4819 4053 4871 ,ia
4077 4818 4125 4868 5.

2325 4923 2465 5003 tia,
2513 4922 2701 5013 quia
2745 4923 3116 5013 quamvis
3170 4921 3348 5014 plus
3401 4922 3493 4993 de
3549 4918 3872 4994 exhala-

2327 5040 2546 5114 tione
2623 5037 2991 5110 elevetur
3071 5038 3150 5109 in
3220 5042 3531 5120 aestate,
3596 5043 3869 5113 tamen

2327 5175 2512 5225 cum
2545 5151 2695 5224 hoc
2732 5151 2910 5243 plus
2947 5153 3488 5226 consumitur.

2419 5271 2528 5345 Ad
2562 5276 2904 5351 sextam,
2976 5275 3240 5362 potest
3280 5271 3436 5343 dici
3496 5272 3701 5363 quod
3745 5273 3872 5344 Se·
3967 5277 4119 5332 Aac.

2326 5412 2524 5463 neca
2562 5388 2985 5469 intellexit,
3029 5387 3216 5462 dato
3259 5391 3463 5480 quod
3523 5409 3667 5462 aer
3713 5390 3876 5462 fue·

2333 5507 2443 5580 rit
2506 5511 2979 5584 unctuosus,
3053 5510 3134 5578 et
3195 5505 3667 5598 aliqualiter
3714 5504 3869 5579 ins·

2334 5624 2720 5717 pissatuS.
