4252 6393
1680 399 2039 477 QuAEs'rno
2078 400 2213 463 xiv
3446 398 3568 462 527

380 583 593 636 suam
647 561 1067 656 propriam
1114 561 1700 656 operationem,
1752 582 1911 634 non

377 685 750 774 tanquam
791 681 885 754 ad
935 681 1294 774 aliquam
1340 681 1908 764 mutationem,

379 817 539 889 quae
559 796 660 869 sit
695 800 929 872 actus
955 796 1444 891 imperfecti,
1476 797 1912 870 secundum

377 913 568 1007 quod
610 912 1182 1007 imperfectum
1233 920 1384 990 est.

458 1032 549 1103 Εῖ
581 1030 695 1103 εἰθ
736 1034 985 1124 patet,
1015 1032 1219 1124 quod
1265 1031 1476 1105 sicut
1510 1051 1594 1103 se
1619 1029 1912 1102 habent

377 1147 777 1222 sensibilia
827 1149 922 1222 ad
965 1169 1316 1231 sensum,
1366 1149 1479 1221 sic
1540 1146 1915 1241 phantas-

377 1269 582 1338 mata
624 1266 719 1337 ad
763 1265 1267 1340 intellectum
1309 1291 1323 1334 :
1384 1265 1675 1358 primo,
1725 1262 1913 1356 quia

374 1384 796 1475 utrumque
815 1388 1095 1456 movet
1122 1386 1591 1474 utrumque,
1618 1401 1777 1452 non
1807 1384 1914 1454 ta-

376 1517 545 1569 men
625 1498 954 1572 omnino
1034 1498 1444 1579 similiter,
1530 1496 1913 1592 quoniam

375 1616 744 1691 sensibile
809 1618 1015 1710 quod
1072 1620 1342 1691 movet
1386 1636 1741 1697 sensum,
1788 1617 1912 1688 θεῖ

374 1733 788 1807 materiale
818 1739 899 1809 et
925 1733 1004 1806 in
1028 1734 1377 1806 materia
1404 1759 1418 1803 :
1443 1737 1523 1807 et
1543 1732 1913 1825 quamvis

374 1850 673 1944 species
734 1870 879 1944 per
948 1871 1189 1942 quam
1237 1855 1531 1931 movet,
1582 1849 1687 1923 sit
1743 1849 1913 1920 sine

375 1967 737 2049 materia,
790 1987 949 2040 non
992 1971 1265 2039 tamen
1317 1965 1486 2037 sine
1527 1964 1913 2039 conditio-

373 2082 592 2156 nibus
655 2084 1025 2158 materiae
1072 2109 1088 2166 ;
1143 2082 1717 2176 phantasmata
1780 2102 1913 2153 au-

374 2205 552 2284 tem,
598 2202 771 2273 sive
832 2199 1317 2295 phantasma
1370 2200 1500 2274 hic
1562 2199 1913 2292 appella-

376 2319 540 2390 nius
583 2317 936 2412 speciem
1008 2317 1125 2390 rei
1180 2318 1257 2389 in
1327 2315 1914 2409 imaginatione

373 2455 498 2506 seu
535 2435 800 2529 ipsam
846 2453 1018 2506 rem
1064 2434 1622 2526 imaginatam,
1668 2438 1757 2507 ut
1790 2436 1912 2505 est

374 2550 446 2623 in
488 2551 1073 2645 imaginatione¹
1107 2552 1185 2624 in
1221 2552 1540 2624 ratione
1574 2551 1908 2643 cogniti.

371 2668 585 2742 Talia
606 2690 807 2743 vero
833 2669 1409 2763 phantasmata
1435 2688 1594 2741 non
1619 2667 1912 2739 habent

372 2787 827 2870 materiam,
873 2787 1167 2861 habent
1208 2789 1483 2859 tamen
1525 2784 1911 2858 conditio-

371 2924 504 2978 nes
538 2906 1042 2988 materiales,
1089 2925 1264 2998 quae
1305 2905 1915 2996 consequuntur

373 3041 563 3106 rem,
612 3025 699 3096 ut
743 3026 870 3098 est
912 3022 989 3094 in
1045 3021 1449 3102 materia;
1498 3021 1626 3092 scd
1672 3019 1915 3112 phan-

371 3141 634 3215 tasma
667 3142 1088 3234 acceptum
1126 3159 1273 3234 pro
1308 3137 1573 3232 specie
1610 3137 1688 3209 in
1722 3136 1915 3210 ima-

372 3255 759 3345 ginativa,
825 3275 984 3329 non
1040 3256 1306 3327 movet
1381 3252 1909 3335 intellectum,

371 3391 506 3445 nec
540 3373 643 3445 ab
683 3372 886 3466 ipsa,
926 3374 1012 3445 ut
1056 3370 1354 3445 dictum
1400 3373 1550 3451 est,
1598 3370 1687 3442 fit
1745 3369 1915 3441 abs-

373 3490 672 3564 tractio
717 3515 733 3569 ;
787 3491 921 3562 sed
966 3488 1445 3583 phantasma
1491 3491 1913 3580 acceptum

374 3626 515 3697 pro
558 3628 650 3680 re
712 3606 1183 3699 imaginata,
1234 3606 1313 3676 in
1379 3606 1769 3695 quantum
1836 3604 1914 3676 in

374 3722 687 3798 ratione
711 3721 1020 3812 cogniti
1042 3725 1221 3794 erat
1250 3721 1326 3793 in
1355 3718 1910 3810 imaginativa,

374 3833 440 3906 id
456 3840 727 3909 movet
749 3835 1274 3915 intellectum,
1295 3835 1381 3904 ut
1410 3835 1533 3903 est
1554 3831 1913 3905 abstrac-

370 3951 538 4022 tum
579 3952 857 4022 tamen
899 3970 945 4019 a
1006 3947 1378 4027 materia,
1442 3944 1594 4021 hoc
1653 3952 1803 4028 est,
1869 3968 1915 4018 a

370 4066 961 4143 conditionibus
1051 4064 1640 4147 materialibus,
1743 4066 1914 4137 sinc

371 4184 654 4275 quibus
681 4204 841 4258 non
865 4182 1396 4278 apprehendit
1422 4182 1684 4275 ipsum
1721 4182 1914 4255 ima-

369 4299 753 4390 ginativa.
823 4304 924 4374 Et
984 4299 1170 4393 quia
1214 4299 1675 4374 intellectus
1742 4320 1913 4391 pos-

369 4417 647 4500 sibilis,
699 4422 784 4492 ut
837 4420 959 4491 est
1014 4417 1499 4509 conjunctus
1550 4414 1907 4508 corpori,

367 4552 520 4605 non
591 4535 860 4628 potest
921 4532 1379 4623 intelligere
1433 4531 1602 4602 sine
1668 4531 1913 4623 phan-

369 4651 740 4732 tasmate,
835 4649 1138 4741 indiget
1216 4647 1488 4740 aliqua
1579 4648 1906 4731 virtute,

371 4786 523 4857 qua
584 4767 1163 4861 phantasmata
1240 4787 1377 4838 seu
1432 4765 1906 4855 imaginata,

373 4898 543 4972 quae
588 4888 773 4958 sunt
806 4883 888 4957 in
922 4882 1286 4977 potentia
1331 4881 1905 4973 intelligibilia,

371 4996 615 5075 saciat
686 4998 1189 5073 universalia
1284 5002 1362 5072 et
1469 4997 1906 5071 intellecta.

372 5115 469 5191 nt
510 5117 698 5192 talis
748 5098 1016 5190 virtus
1078 5117 1378 5191 dicitur
1447 5114 1910 5189 intellectus

370 5252 636 5325 agens,
672 5236 758 5306 ut
793 5233 1258 5314 dictumest,
1289 5253 1463 5324 quae
1497 5231 1914 5303 universa-

370 5347 443 5420 le
482 5349 768 5424 habeat
816 5371 1113 5443 ponere
1166 5350 1245 5420 in
1298 5352 1509 5429 actu,
1586 5350 1907 5420 moveat

377 5466 863 5556 possibilem,
910 5471 986 5540 et
1024 5466 1353 5540 inclinet
1389 5466 1481 5537 ad
1526 5488 1610 5538 se
1658 5464 1908 5557 perci-

377 5582 767 5675 piendum.

2112 564 2214 635 Et
2255 560 2442 654 quia
2477 562 2680 634 idem
2713 565 2862 644 θεῖ,
2928 561 3134 654 quod
3177 559 3570 651 imagina-

2026 682 2163 750 tur
2197 677 2340 749 sub
2363 678 2984 760 conditionibus,
3028 678 3342 752 scilicet
3392 698 3573 770 par-

2025 793 2534 879 ticularibus,
2564 799 2644 870 et
2677 796 2880 888 quod
2914 796 3406 887 intelligitur
3430 795 3576 868 sub

2028 910 2350 985 ratione
2381 912 2898 996 universalis,
2937 915 3018 987 et
3060 912 3176 987 ita
3208 913 3415 986 idem
3458 932 3572 993 re,

2030 1029 2349 1102 ratione
2384 1030 2650 1102 solum
2682 1030 3088 1113 differenS,
3126 1034 3205 1104 et
3255 1029 3573 1102 univer-

2027 1146 2194 1220 sale
2241 1149 2581 1223 realiter
2625 1149 2828 1221 idem
2888 1153 3014 1224 est
3067 1148 3271 1240 quod
3327 1147 3575 1242 parti-

2026 1264 2331 1350 culare,
2394 1270 2473 1340 et
2525 1270 2648 1340 est
2720 1266 2800 1338 in
2871 1267 3108 1359 ipso;
3167 1266 3340 1340 ideo
3410 1264 3572 1340 talc

2027 1381 2488 1454 universale
2529 1403 2689 1456 non
2745 1385 2865 1457 θεῖ
2929 1403 3288 1476 praesens
3347 1381 3575 1455 intel-

2029 1495 2271 1571 lectui
2309 1498 2456 1570 sub
2501 1499 2820 1572 ratione
2865 1498 3381 1580 universalis,
3415 1496 3575 1571 nisi

2027 1613 2119 1684 ad
2167 1613 2431 1706 ipsum
2483 1615 2590 1689 sit
2641 1636 2998 1708 praesens
3042 1614 3576 1707 imaginativa

2028 1730 2176 1802 sub
2235 1731 2553 1804 ratione
2596 1733 2902 1824 cogniti
2951 1757 2965 1813 ;
3033 1733 3146 1805 ita
3186 1732 3393 1824 quod
3463 1731 3574 1804 in-

2030 1845 2404 1920 tellectus
2445 1848 2857 1939 possibilis
2907 1847 3108 1921 nihil
3155 1847 3567 1939 intelligit,

2027 1963 2184 2036 nisi
2230 1963 2764 2055 imaginativa
2798 1966 2904 2041 sit
2946 1967 3380 2059 conjuncta
3423 1986 3568 2038 suo

2026 2080 2274 2161 actui,
2337 2081 2766 2172 cogitando
2839 2081 3341 2175 particulare
3428 2081 3573 2156 sub

2026 2198 2626 2272 conditionibus
2724 2200 3385 2292 particularibus.
3467 2202 3574 2274 Ut

2028 2314 2096 2385 si
2185 2315 2648 2390 intellectus
2741 2318 3208 2409 speculetur
3283 2317 3570 2391 albedi-

2026 2450 2211 2502 nem
2255 2432 2399 2503 sub
2433 2433 2752 2506 ratione
2787 2432 3198 2517 albedinis,
3243 2455 3571 2508 necesse

2024 2548 2389 2640 estquod
2440 2548 2974 2641 imaginativa
3024 2550 3573 2645 apprehendat

2026 2661 2231 2737 hanc
2286 2664 2730 2739 albedinem
2801 2667 2945 2741 sub
3005 2669 3326 2742 ratione
3378 2669 3575 2762 figu-

2030 2799 2166 2862 rze,
2250 2780 2448 2863 loci,
2531 2787 2612 2857 et
2693 2785 3118 2878 temporis.
3219 2788 3572 2881 Propter

2029 2898 2234 2988 quod
2266 2897 2462 2971 benc
2495 2899 2695 2972 dixit
2729 2902 3139 2976 Avicenna
3175 2902 3384 2977 libro
3420 2926 3569 2978 suo

2027 3015 2118 3086 dc
2161 3013 2477 3096 Anima,
2550 3019 2782 3105 quinta
2818 3033 3012 3107 parte
3051 3045 3196 3111 cap.
3257 3023 3324 3094 6.
3363 3023 3569 3115 quod

2028 3129 2109 3202 in
2139 3129 2556 3206 intellectu
2589 3133 2956 3226 possibili
2982 3156 3140 3210 non
3162 3143 3432 3214 manet
3459 3139 3569 3214 in-

2029 3246 2478 3338 telligibile,
2517 3250 2673 3322 nisi
2714 3251 2900 3323 dum
2934 3258 3119 3328 actu
3157 3254 3566 3350 intelligit,

2029 3366 2163 3436 sed
2234 3365 2498 3438 solum
2569 3371 2841 3441 manet
2912 3368 2992 3440 in
3063 3372 3429 3463 potentia
3488 3373 3568 3446 in

2030 3480 2738 3574 phantasmatibus
2791 3485 3326 3562 existentibus
3368 3490 3450 3562 in
3489 3491 3569 3563 vi

2027 3598 2587 3691 imaginativa,
2633 3620 2679 3672 a
2713 3602 2996 3694 quibus
3040 3604 3340 3681 iterato
3397 3607 3572 3681 abs-

2016 3704 2429 3791 'trahitur'
2462 3739 2605 3810 per
2645 3724 2917 3794 actum
2970 3722 3290 3813 agentis
3343 3723 3570 3799 intel-

2030 3834 2313 3916 lectuS,
2354 3834 2421 3907 si
2468 3834 2878 3927 possibilis
2939 3837 3215 3913 debeat
3266 3840 3568 3917 iterum

2028 3950 2489 4041 intelligere
2535 3984 2549 4025 :
2623 3953 2755 4045 qui
2800 3953 3258 4031 intellectus
3318 3978 3568 4051 agens

2032 4068 2109 4140 in
2170 4070 2589 4144 abstracto
2636 4071 3001 4148 sehabet
3062 4076 3158 4148 ad
3227 4079 3566 4169 possibi-

2026 4184 2210 4266 lem,
2260 4186 2468 4260 sicut
2505 4187 2640 4259 lux
2675 4188 2768 4259 ad
2821 4188 3311 4283 diaphanum
3351 4198 3431 4268 et
3473 4195 3567 4266 ad

2030 4302 2354 4374 oculum
2390 4325 2405 4368 ε
2443 4303 2536 4374 ad
2567 4304 3140 4396 phantasmata
3175 4315 3445 4385 autem
3483 4333 3568 4384 sc

2027 4415 2268 4492 habet
2313 4419 2521 4491 sicut
2585 4419 2720 4492 lux
2763 4423 2857 4495 ad
2900 4424 3221 4497 colores
3271 4431 3515 4501 extra
3554 4455 3566 4498 :

2026 4535 2117 4606 ad
2213 4540 2486 4609 actum
2571 4536 3069 4632 intelligendi
3163 4565 3246 4615 εθ
3333 4543 3569 4618 habet

2027 4650 2240 4724 sicut
2302 4651 2441 4723 lux
2510 4653 2604 4724 ad
2652 4655 3079 4741 visionem,
3156 4662 3567 4742 Quomodo

2024 4771 2299 4840 autem
2369 4768 2506 4842 lux
2569 4775 2691 4843 cst
2744 4775 3208 4849 necessaria
3277 4778 3568 4851 colori-

2022 4882 2195 4964 bus,
2275 4889 2359 4957 ut
2439 4892 2818 4962 moveant
2888 4892 3212 4964 oculum
3271 4898 3351 4968 et
3414 4915 3568 4968 me-

2022 5000 2265 5084 dium,
2311 5001 2744 5091 (illuminat
2788 5007 3002 5078 enim
3045 5008 3184 5081 lux
3247 5011 3565 5084 colores

2027 5117 2105 5189 in
2141 5118 2478 5211 pariete,
2527 5122 2780 5195 dando
2814 5124 2929 5197 cis
2974 5126 3138 5199 vim
3175 5130 3565 5201 motivam

2023 5234 2115 5305 ad
2179 5239 2652 5310 movendum
2725 5241 3096 5325 medium,
3161 5250 3240 5320 et
3309 5246 3566 5319 medio

2020 5350 2187 5422 vim
2226 5354 2748 5445 receptivam,
2800 5361 2880 5429 et
2923 5358 3214 5450 speciei
3262 5358 3338 5430 in
3384 5382 3566 5434 ocu-

2020 5466 2124 5549 lo,
2190 5471 2274 5540 ut
2345 5470 2724 5562 adjuncta
2784 5472 2942 5546 luci
3009 5475 3407 5570 videatur)
3450 5479 3564 5553 sic

2024 5583 2156 5654 lux
2215 5584 2695 5677 spiritualiS‚
2744 5589 3050 5664 scilicet
3098 5591 3557 5670 intellectus

3719 592 3770 646 8.
