<?xml version="1.0" encoding="UTF-8"?>
<!DOCTYPE html PUBLIC "-//W3C//DTD XHTML 1.0 Transitional//EN"
    "http://www.w3.org/TR/xhtml1/DTD/xhtml1-transitional.dtd">
<html xmlns="http://www.w3.org/1999/xhtml" xml:lang="en" lang="en">
 <head>
  <title>
</title>
<meta http-equiv="Content-Type" content="text/html;charset=utf-8" />
  <meta name='ocr-system' content='tesseract 3.04.00' />
  <meta name='ocr-capabilities' content='ocr_page ocr_carea ocr_par ocr_line ocrx_word'/>
</head>
<body>
  <div class='ocr_page' id='page_1' title='image "./joannisdunsscot03waddgoog_0526.png"; bbox 0 0 4252 6393; ppageno 0'>
   <div class='ocr_carea' id='block_1_1' title="bbox 696 399 857 476">
    <p class='ocr_par' dir='ltr' id='par_1_1' title="bbox 696 399 857 476">
     <span class='ocr_line' id='line_1_1' title="bbox 696 399 857 476; baseline 0 0"><span class='ocrx_word' id='word_1_1' title='bbox 696 399 857 476; x_wconf 38' lang='lat'>&amp;196</span> 
     </span>
    </p>
   </div>
   <div class='ocr_carea' id='block_1_2' title="bbox 376 1604 700 1843">
    <p class='ocr_par' dir='ltr' id='par_1_2' title="bbox 376 1604 700 1781">
     <span class='ocr_line' id='line_1_2' title="bbox 405 1604 672 1656; baseline -0.015 0"><span class='ocrx_word' id='word_1_2' title='bbox 405 1608 500 1656; x_wconf 76' lang='lat' dir='ltr'>Est</span> <span class='ocrx_word' id='word_1_3' title='bbox 536 1604 672 1654; x_wconf 81' lang='lat' dir='ltr'>ordo</span> 
     </span>
     <span class='ocr_line' id='line_1_3' title="bbox 378 1666 700 1733; baseline -0.019 -14"><span class='ocrx_word' id='word_1_4' title='bbox 378 1670 439 1719; x_wconf 77' lang='lat' dir='ltr'>in</span> <span class='ocrx_word' id='word_1_5' title='bbox 449 1666 700 1733; x_wconf 74' lang='lat' dir='ltr'>coynieio-</span> 
     </span>
     <span class='ocr_line' id='line_1_4' title="bbox 376 1729 672 1781; baseline -0.017 0"><span class='ocrx_word' id='word_1_6' title='bbox 376 1732 535 1781; x_wconf 76' lang='lat' dir='ltr'>nibus</span> <span class='ocrx_word' id='word_1_7' title='bbox 567 1729 672 1777; x_wconf 80' lang='lat' dir='ltr'>hu-</span> 
     </span>
    </p>

    <p class='ocr_par' dir='ltr' id='par_1_3' title="bbox 436 1793 631 1843">
     <span class='ocr_line' id='line_1_5' title="bbox 436 1793 631 1843; baseline -0.01 0"><span class='ocrx_word' id='word_1_8' title='bbox 436 1793 631 1843; x_wconf 74' lang='lat' dir='ltr'>manis.</span> 
     </span>
    </p>
   </div>
   <div class='ocr_carea' id='block_1_3' title="bbox 377 2713 691 2785">
    <p class='ocr_par' dir='ltr' id='par_1_4' title="bbox 377 2713 691 2785">
     <span class='ocr_line' id='line_1_6' title="bbox 377 2713 691 2785; baseline 0.006 -17"><span class='ocrx_word' id='word_1_9' title='bbox 377 2721 400 2744; x_wconf 75' lang='lat'><em>⁶</em></span> <span class='ocrx_word' id='word_1_10' title='bbox 428 2720 609 2785; x_wconf 75' lang='lat' dir='ltr'>quoest.</span> <span class='ocrx_word' id='word_1_11' title='bbox 636 2713 691 2770; x_wconf 85' lang='lat'>9.</span> 
     </span>
    </p>
   </div>
   <div class='ocr_carea' id='block_1_4' title="bbox 720 546 2269 900">
    <p class='ocr_par' dir='ltr' id='par_1_5' title="bbox 720 546 2269 900">
     <span class='ocr_line' id='line_1_7' title="bbox 720 546 2268 665; baseline -0.001 -21"><span class='ocrx_word' id='word_1_12' title='bbox 720 599 877 657; x_wconf 84' lang='lat' dir='ltr'>esse,</span> <span class='ocrx_word' id='word_1_13' title='bbox 913 577 992 648; x_wconf 88' lang='lat' dir='ltr'>et</span> <span class='ocrx_word' id='word_1_14' title='bbox 1026 577 1183 643; x_wconf 84' lang='lat' dir='ltr'>bene</span> <span class='ocrx_word' id='word_1_15' title='bbox 1239 546 1394 656; x_wconf 79' lang='lat' dir='ltr'>esse,</span> <span class='ocrx_word' id='word_1_16' title='bbox 1443 557 1532 646; x_wconf 70' lang='grc' dir='ltr'>Πῒ,</span> <span class='ocrx_word' id='word_1_17' title='bbox 1594 574 1817 665; x_wconf 76' lang='lat' dir='ltr'>patet</span> <span class='ocrx_word' id='word_1_18' title='bbox 1850 571 1985 643; x_wconf 90' lang='lat' dir='ltr'>ibi.</span> <span class='ocrx_word' id='word_1_19' title='bbox 2044 571 2268 643; x_wconf 80' lang='lat' dir='ltr'>Vide-</span> 
     </span>
     <span class='ocr_line' id='line_1_8' title="bbox 721 687 2269 783; baseline -0.004 -17"><span class='ocrx_word' id='word_1_20' title='bbox 721 697 863 767; x_wconf 89' lang='lat' dir='ltr'>tur</span> <span class='ocrx_word' id='word_1_21' title='bbox 923 690 1146 773; x_wconf 89' lang='lat' dir='ltr'>mihi,</span> <span class='ocrx_word' id='word_1_22' title='bbox 1195 691 1402 783; x_wconf 90' lang='lat' dir='ltr'>quod</span> <span class='ocrx_word' id='word_1_23' title='bbox 1455 689 1818 763; x_wconf 88' lang='lat' dir='ltr'>rationes</span> <span class='ocrx_word' id='word_1_24' title='bbox 1879 709 2044 761; x_wconf 79' lang='lat' dir='ltr'>suae</span> <span class='ocrx_word' id='word_1_25' title='bbox 2105 687 2269 760; x_wconf 90' lang='lat' dir='ltr'>sint</span> 
     </span>
     <span class='ocr_line' id='line_1_9' title="bbox 722 805 2128 900; baseline -0.006 -20"><span class='ocrx_word' id='word_1_26' title='bbox 722 828 770 880; x_wconf 87' lang='lat' dir='ltr'>a</span> <span class='ocrx_word' id='word_1_27' title='bbox 830 805 1301 900; x_wconf 79' lang='lat' dir='ltr'>posteriori,</span> <span class='ocrx_word' id='word_1_28' title='bbox 1341 825 1594 897; x_wconf 89' lang='lat' dir='ltr'>quare</span> <span class='ocrx_word' id='word_1_29' title='bbox 1630 805 1921 879; x_wconf 87' lang='lat' dir='ltr'>omitto</span> <span class='ocrx_word' id='word_1_30' title='bbox 1964 825 2128 877; x_wconf 89' lang='lat' dir='ltr'>eas.</span> 
     </span>
    </p>
   </div>
   <div class='ocr_carea' id='block_1_5' title="bbox 1082 1130 1902 1189">
    <p class='ocr_par' dir='ltr' id='par_1_6' title="bbox 1082 1130 1902 1189">
     <span class='ocr_line' id='line_1_10' title="bbox 1082 1130 1902 1189; baseline 0.002 -2"><span class='ocrx_word' id='word_1_31' title='bbox 1082 1131 1328 1189; x_wconf 85' lang='lat' dir='ltr'>ARTIC.</span> <span class='ocrx_word' id='word_1_32' title='bbox 1402 1133 1446 1187; x_wconf 90' lang='lat'>1.</span> <span class='ocrx_word' id='word_1_33' title='bbox 1524 1130 1727 1187; x_wconf 83' lang='lat' dir='ltr'>SECT.</span> <span class='ocrx_word' id='word_1_34' title='bbox 1808 1134 1902 1189; x_wconf 88' lang='lat' dir='ltr'>1V.</span> 
     </span>
    </p>
   </div>
   <div class='ocr_carea' id='block_1_6' title="bbox 722 1310 2268 1398">
    <p class='ocr_par' dir='ltr' id='par_1_7' title="bbox 722 1310 2268 1398">
     <span class='ocr_line' id='line_1_11' title="bbox 722 1310 2268 1398; baseline -0.001 -22"><span class='ocrx_word' id='word_1_35' title='bbox 722 1312 896 1378; x_wconf 82' lang='lat' dir='ltr'>Dari</span> <span class='ocrx_word' id='word_1_36' title='bbox 932 1311 1241 1378; x_wconf 75' lang='lat' dir='ltr'>ordinem</span> <span class='ocrx_word' id='word_1_37' title='bbox 1273 1312 1349 1378; x_wconf 79' lang='lat' dir='ltr'>in</span> <span class='ocrx_word' id='word_1_38' title='bbox 1385 1310 1871 1398; x_wconf 74' lang='lat' dir='ltr'>coqnicionibus</span> <span class='ocrx_word' id='word_1_39' title='bbox 1929 1310 2268 1375; x_wconf 76' lang='lat' dir='ltr'>humanis.</span> 
     </span>
    </p>
   </div>
   <div class='ocr_carea' id='block_1_7' title="bbox 718 1504 2275 3232">
    <p class='ocr_par' dir='ltr' id='par_1_8' title="bbox 718 1504 2275 3232">
     <span class='ocr_line' id='line_1_12' title="bbox 785 1504 2271 1599; baseline -0.001 -19"><span class='ocrx_word' id='word_1_40' title='bbox 785 1504 1239 1590; x_wconf 81' lang='lat' dir='ltr'>Quartum,</span> <span class='ocrx_word' id='word_1_41' title='bbox 1278 1507 1593 1581; x_wconf 90' lang='lat' dir='ltr'>scilicet</span> <span class='ocrx_word' id='word_1_42' title='bbox 1650 1508 1854 1599; x_wconf 89' lang='lat' dir='ltr'>quod</span> <span class='ocrx_word' id='word_1_43' title='bbox 1923 1507 2044 1579; x_wconf 84' lang='lat' dir='ltr'>hae</span> <span class='ocrx_word' id='word_1_44' title='bbox 2086 1527 2271 1598; x_wconf 89' lang='lat' dir='ltr'>cog-</span> 
     </span>
     <span class='ocr_line' id='line_1_13' title="bbox 724 1624 2268 1698; baseline 0.002 -4"><span class='ocrx_word' id='word_1_45' title='bbox 724 1624 1076 1698; x_wconf 91' lang='lat' dir='ltr'>nitiones</span> <span class='ocrx_word' id='word_1_46' title='bbox 1109 1625 1456 1698; x_wconf 87' lang='lat' dir='ltr'>habeant</span> <span class='ocrx_word' id='word_1_47' title='bbox 1518 1625 1880 1697; x_wconf 87' lang='lat' dir='ltr'>ordinem</span> <span class='ocrx_word' id='word_1_48' title='bbox 1939 1628 2268 1697; x_wconf 85' lang='lat' dir='ltr'>natura-</span> 
     </span>
     <span class='ocr_line' id='line_1_14' title="bbox 725 1740 2269 1832; baseline 0.001 -19"><span class='ocrx_word' id='word_1_49' title='bbox 725 1742 882 1813; x_wconf 93' lang='lat' dir='ltr'>lem</span> <span class='ocrx_word' id='word_1_50' title='bbox 925 1740 1005 1812; x_wconf 91' lang='lat' dir='ltr'>in</span> <span class='ocrx_word' id='word_1_51' title='bbox 1046 1740 1395 1824; x_wconf 94' lang='lat' dir='ltr'>homine,</span> <span class='ocrx_word' id='word_1_52' title='bbox 1476 1741 1589 1815; x_wconf 89' lang='lat' dir='ltr'>ita</span> <span class='ocrx_word' id='word_1_53' title='bbox 1647 1741 1856 1832; x_wconf 88' lang='lat' dir='ltr'>quod</span> <span class='ocrx_word' id='word_1_54' title='bbox 1913 1740 2269 1814; x_wconf 91' lang='lat' dir='ltr'>intellec-</span> 
     </span>
     <span class='ocr_line' id='line_1_15' title="bbox 722 1849 2268 1950; baseline -0.001 -18"><span class='ocrx_word' id='word_1_55' title='bbox 722 1849 893 1932; x_wconf 89' lang='lat' dir='ltr'>tiva</span> <span class='ocrx_word' id='word_1_56' title='bbox 950 1857 1370 1950; x_wconf 90' lang='lat' dir='ltr'>posterior</span> <span class='ocrx_word' id='word_1_57' title='bbox 1403 1861 1528 1932; x_wconf 89' lang='lat' dir='ltr'>est</span> <span class='ocrx_word' id='word_1_58' title='bbox 1564 1857 1983 1931; x_wconf 75' lang='lat' dir='ltr'>sensitiva.</span> <span class='ocrx_word' id='word_1_59' title='bbox 2031 1860 2268 1931; x_wconf 90' lang='lat' dir='ltr'>Patet</span> 
     </span>
     <span class='ocr_line' id='line_1_16' title="bbox 721 1974 2268 2068; baseline -0.001 -22"><span class='ocrx_word' id='word_1_60' title='bbox 721 1974 990 2068; x_wconf 90' lang='lat' dir='ltr'>primo</span> <span class='ocrx_word' id='word_1_61' title='bbox 1059 1975 1174 2048; x_wconf 89' lang='lat' dir='ltr'>sic</span> <span class='ocrx_word' id='word_1_62' title='bbox 1230 1998 1245 2045; x_wconf 77' lang='grc' dir='ltr'><strong>ε</strong></span> <span class='ocrx_word' id='word_1_63' title='bbox 1349 1977 1536 2049; x_wconf 82' lang='lat' dir='ltr'>Istae</span> <span class='ocrx_word' id='word_1_64' title='bbox 1596 1974 2109 2066; x_wconf 79' lang='lat' dir='ltr'>cognitiones</span> <span class='ocrx_word' id='word_1_65' title='bbox 2175 1974 2268 2045; x_wconf 89' lang='lat' dir='ltr'>de</span> 
     </span>
     <span class='ocr_line' id='line_1_17' title="bbox 719 2091 2271 2183; baseline -0.002 -19"><span class='ocrx_word' id='word_1_66' title='bbox 719 2113 867 2164; x_wconf 88' lang='lat' dir='ltr'>sua</span> <span class='ocrx_word' id='word_1_67' title='bbox 931 2091 1251 2166; x_wconf 89' lang='lat' dir='ltr'>ratione</span> <span class='ocrx_word' id='word_1_68' title='bbox 1337 2097 1525 2166; x_wconf 89' lang='lat' dir='ltr'>sunt</span> <span class='ocrx_word' id='word_1_69' title='bbox 1603 2091 1953 2164; x_wconf 78' lang='lat' dir='ltr'>fundatae</span> <span class='ocrx_word' id='word_1_70' title='bbox 2024 2110 2271 2183; x_wconf 89' lang='lat' dir='ltr'>super</span> 
     </span>
     <span class='ocr_line' id='line_1_18' title="bbox 718 2208 2270 2301; baseline 0.001 -22"><span class='ocrx_word' id='word_1_71' title='bbox 718 2230 994 2291; x_wconf 89' lang='lat' dir='ltr'>unum,</span> <span class='ocrx_word' id='word_1_72' title='bbox 1034 2211 1238 2301; x_wconf 89' lang='lat' dir='ltr'>quod</span> <span class='ocrx_word' id='word_1_73' title='bbox 1307 2209 1836 2301; x_wconf 89' lang='lat' dir='ltr'>consequitur</span> <span class='ocrx_word' id='word_1_74' title='bbox 1860 2208 2270 2280; x_wconf 89' lang='lat' dir='ltr'>hominem</span> 
     </span>
     <span class='ocr_line' id='line_1_19' title="bbox 725 2325 2270 2418; baseline -0.001 -20"><span class='ocrx_word' id='word_1_75' title='bbox 725 2326 1124 2417; x_wconf 89' lang='lat' dir='ltr'>inquantu</span> <span class='ocrx_word' id='word_1_76' title='bbox 1153 2346 1230 2398; x_wconf 91' lang='lat' dir='ltr'>m</span> <span class='ocrx_word' id='word_1_77' title='bbox 1263 2326 1539 2409; x_wconf 90' lang='lat' dir='ltr'>homo,</span> <span class='ocrx_word' id='word_1_78' title='bbox 1578 2326 1784 2418; x_wconf 89' lang='lat' dir='ltr'>quod</span> <span class='ocrx_word' id='word_1_79' title='bbox 1826 2327 1948 2398; x_wconf 90' lang='lat' dir='ltr'>est</span> <span class='ocrx_word' id='word_1_80' title='bbox 1990 2325 2270 2398; x_wconf 89' lang='lat' dir='ltr'>verius</span> 
     </span>
     <span class='ocr_line' id='line_1_20' title="bbox 724 2443 2273 2537; baseline 0.001 -23"><span class='ocrx_word' id='word_1_81' title='bbox 724 2463 867 2515; x_wconf 91' lang='lat' dir='ltr'>ens</span> <span class='ocrx_word' id='word_1_82' title='bbox 916 2465 1190 2527; x_wconf 91' lang='lat' dir='ltr'>unum,</span> <span class='ocrx_word' id='word_1_83' title='bbox 1258 2464 1497 2537; x_wconf 89' lang='lat' dir='ltr'>quam</span> <span class='ocrx_word' id='word_1_84' title='bbox 1559 2443 1881 2535; x_wconf 81' lang='lat' dir='ltr'>aliquod</span> <span class='ocrx_word' id='word_1_85' title='bbox 1942 2463 2273 2536; x_wconf 88' lang='lat' dir='ltr'>compo-</span> 
     </span>
     <span class='ocr_line' id='line_1_21' title="bbox 727 2558 2272 2651; baseline -0.001 -22"><span class='ocrx_word' id='word_1_86' title='bbox 727 2558 978 2632; x_wconf 90' lang='lat' dir='ltr'>situm</span> <span class='ocrx_word' id='word_1_87' title='bbox 1020 2558 1102 2630; x_wconf 91' lang='lat' dir='ltr'>in</span> <span class='ocrx_word' id='word_1_88' title='bbox 1142 2564 1465 2642; x_wconf 88' lang='lat' dir='ltr'>natura,</span> <span class='ocrx_word' id='word_1_89' title='bbox 1518 2563 1605 2633; x_wconf 92' lang='lat' dir='ltr'>ut</span> <span class='ocrx_word' id='word_1_90' title='bbox 1640 2559 1902 2651; x_wconf 88' lang='lat' dir='ltr'>patuit</span> <span class='ocrx_word' id='word_1_91' title='bbox 1963 2558 2044 2630; x_wconf 96' lang='lat' dir='ltr'>in</span> <span class='ocrx_word' id='word_1_92' title='bbox 2087 2579 2272 2650; x_wconf 89' lang='lat' dir='ltr'>qua-</span> 
     </span>
     <span class='ocr_line' id='line_1_22' title="bbox 724 2675 2274 2769; baseline -0.001 -20"><span class='ocrx_word' id='word_1_93' title='bbox 724 2677 908 2749; x_wconf 89' lang='lat' dir='ltr'>dam</span> <span class='ocrx_word' id='word_1_94' title='bbox 977 2675 1424 2769; x_wconf 73' lang='lat' dir='ltr'>quaestione</span> <span class='ocrx_word' id='word_1_95' title='bbox 1510 2696 1760 2768; x_wconf 87' lang='lat' dir='ltr'>supra</span> <span class='ocrx_word' id='word_1_96' title='bbox 1816 2678 1838 2701; x_wconf 79' lang='grc'><em>·</em></span> <span class='ocrx_word' id='word_1_97' title='bbox 1898 2703 1911 2745; x_wconf 88' lang='lat'><strong>:</strong></span> <span class='ocrx_word' id='word_1_98' title='bbox 1990 2695 2274 2747; x_wconf 88' lang='lat' dir='ltr'>conse-</span> 
     </span>
     <span class='ocr_line' id='line_1_23' title="bbox 729 2791 2275 2886; baseline 0.001 -21"><span class='ocrx_word' id='word_1_99' title='bbox 729 2797 1092 2886; x_wconf 87' lang='lat' dir='ltr'>quuntur</span> <span class='ocrx_word' id='word_1_100' title='bbox 1123 2795 1396 2865; x_wconf 92' lang='lat' dir='ltr'>autem</span> <span class='ocrx_word' id='word_1_101' title='bbox 1436 2791 1559 2864; x_wconf 87' lang='lat' dir='ltr'>hae</span> <span class='ocrx_word' id='word_1_102' title='bbox 1600 2791 2137 2884; x_wconf 82' lang='lat' dir='ltr'>cognitiones,</span> <span class='ocrx_word' id='word_1_103' title='bbox 2185 2794 2275 2866; x_wconf 94' lang='lat' dir='ltr'>ut</span> 
     </span>
     <span class='ocr_line' id='line_1_24' title="bbox 726 2909 2270 3002; baseline -0.001 -21"><span class='ocrx_word' id='word_1_104' title='bbox 726 2912 949 3002; x_wconf 88' lang='lat' dir='ltr'>patet</span> <span class='ocrx_word' id='word_1_105' title='bbox 1045 2930 1144 2981; x_wconf 79' lang='lat' dir='ltr'>ex</span> <span class='ocrx_word' id='word_1_106' title='bbox 1211 2909 1475 2990; x_wconf 90' lang='lat' dir='ltr'>dictis,</span> <span class='ocrx_word' id='word_1_107' title='bbox 1549 2910 1985 2982; x_wconf 88' lang='lat' dir='ltr'>secundum</span> <span class='ocrx_word' id='word_1_108' title='bbox 2063 2909 2270 3000; x_wconf 91' lang='lat' dir='ltr'>quod</span> 
     </span>
     <span class='ocr_line' id='line_1_25' title="bbox 723 3020 2270 3114; baseline -0.002 -20"><span class='ocrx_word' id='word_1_109' title='bbox 723 3025 848 3095; x_wconf 91' lang='lat' dir='ltr'>est</span> <span class='ocrx_word' id='word_1_110' title='bbox 894 3022 1241 3094; x_wconf 90' lang='lat' dir='ltr'>medium</span> <span class='ocrx_word' id='word_1_111' title='bbox 1301 3022 1801 3114; x_wconf 88' lang='lat' dir='ltr'>conjungens</span> <span class='ocrx_word' id='word_1_112' title='bbox 1869 3020 2270 3094; x_wconf 89' lang='lat' dir='ltr'>inferiora</span> 
     </span>
     <span class='ocr_line' id='line_1_26' title="bbox 723 3137 2271 3232; baseline -0.003 -21"><span class='ocrx_word' id='word_1_113' title='bbox 723 3158 909 3211; x_wconf 92' lang='lat' dir='ltr'>cum</span> <span class='ocrx_word' id='word_1_114' title='bbox 979 3137 1585 3232; x_wconf 88' lang='lat' dir='ltr'>superioribus;</span> <span class='ocrx_word' id='word_1_115' title='bbox 1676 3138 1972 3213; x_wconf 90' lang='lat' dir='ltr'>habent</span> <span class='ocrx_word' id='word_1_116' title='bbox 2068 3156 2271 3230; x_wconf 89' lang='lat' dir='ltr'>ergo</span> 
     </span>
    </p>
   </div>
   <div class='ocr_carea' id='block_1_8' title="bbox 626 3255 2273 3363">
    <p class='ocr_par' dir='ltr' id='par_1_9' title="bbox 626 3255 2273 3363">
     <span class='ocr_line' id='line_1_27' title="bbox 626 3255 2273 3363; baseline -0.002 -35"><span class='ocrx_word' id='word_1_117' title='bbox 626 3354 637 3363; x_wconf 30' lang='grc' dir='ltr'><strong><em>ο</em></strong></span> <span class='ocrx_word' id='word_1_118' title='bbox 722 3255 1236 3346; x_wconf 80' lang='lat' dir='ltr'>cognitiones</span> <span class='ocrx_word' id='word_1_119' title='bbox 1287 3255 1410 3329; x_wconf 85' lang='lat' dir='ltr'>hae</span> <span class='ocrx_word' id='word_1_120' title='bbox 1471 3261 1745 3331; x_wconf 91' lang='lat' dir='ltr'>ortum</span> <span class='ocrx_word' id='word_1_121' title='bbox 1789 3257 1887 3329; x_wconf 89' lang='lat' dir='ltr'>ab</span> <span class='ocrx_word' id='word_1_122' title='bbox 1929 3278 2114 3337; x_wconf 91' lang='lat' dir='ltr'>uno,</span> <span class='ocrx_word' id='word_1_123' title='bbox 2161 3255 2273 3326; x_wconf 91' lang='lat' dir='ltr'>in-</span> 
     </span>
    </p>
   </div>
   <div class='ocr_carea' id='block_1_9' title="bbox 712 3370 2277 5671">
    <p class='ocr_par' dir='ltr' id='par_1_10' title="bbox 712 3370 2277 5671">
     <span class='ocr_line' id='line_1_28' title="bbox 723 3370 2271 3465; baseline 0 -23"><span class='ocrx_word' id='word_1_124' title='bbox 723 3376 1115 3464; x_wconf 78' lang='lat' dir='ltr'>quantum</span> <span class='ocrx_word' id='word_1_125' title='bbox 1171 3393 1444 3465; x_wconf 85' lang='lat' dir='ltr'>unum.</span> <span class='ocrx_word' id='word_1_126' title='bbox 1494 3375 1638 3447; x_wconf 85' lang='lat' dir='ltr'>Sed</span> <span class='ocrx_word' id='word_1_127' title='bbox 1682 3374 1947 3446; x_wconf 90' lang='lat' dir='ltr'>omnis</span> <span class='ocrx_word' id='word_1_128' title='bbox 2005 3370 2271 3447; x_wconf 90' lang='lat' dir='ltr'>multi—</span> 
     </span>
     <span class='ocr_line' id='line_1_29' title="bbox 721 3488 2272 3583; baseline 0.003 -21"><span class='ocrx_word' id='word_1_129' title='bbox 721 3489 911 3562; x_wconf 89' lang='lat' dir='ltr'>tudo</span> <span class='ocrx_word' id='word_1_130' title='bbox 984 3488 1317 3563; x_wconf 85' lang='lat' dir='ltr'>fundata</span> <span class='ocrx_word' id='word_1_131' title='bbox 1380 3489 1461 3562; x_wconf 90' lang='lat' dir='ltr'>in</span> <span class='ocrx_word' id='word_1_132' title='bbox 1537 3511 1721 3574; x_wconf 91' lang='lat' dir='ltr'>un0,</span> <span class='ocrx_word' id='word_1_133' title='bbox 1790 3491 2272 3583; x_wconf 88' lang='lat' dir='ltr'>inquantum</span> 
     </span>
     <span class='ocr_line' id='line_1_30' title="bbox 720 3606 2270 3690; baseline 0.003 -13"><span class='ocrx_word' id='word_1_134' title='bbox 720 3626 997 3690; x_wconf 90' lang='lat' dir='ltr'>unum,</span> <span class='ocrx_word' id='word_1_135' title='bbox 1070 3606 1309 3680; x_wconf 90' lang='lat' dir='ltr'>habet</span> <span class='ocrx_word' id='word_1_136' title='bbox 1399 3608 1762 3680; x_wconf 88' lang='lat' dir='ltr'>ordinem</span> <span class='ocrx_word' id='word_1_137' title='bbox 1833 3611 2270 3683; x_wconf 88' lang='lat' dir='ltr'>secundum</span> 
     </span>
     <span class='ocr_line' id='line_1_31' title="bbox 725 3722 2273 3817; baseline 0.003 -23"><span class='ocrx_word' id='word_1_138' title='bbox 725 3722 1137 3797; x_wconf 88' lang='lat' dir='ltr'>rationem</span> <span class='ocrx_word' id='word_1_139' title='bbox 1171 3722 1480 3816; x_wconf 89' lang='lat' dir='ltr'>prioris</span> <span class='ocrx_word' id='word_1_140' title='bbox 1512 3726 1590 3797; x_wconf 95' lang='lat' dir='ltr'>et</span> <span class='ocrx_word' id='word_1_141' title='bbox 1628 3726 2128 3817; x_wconf 89' lang='lat' dir='ltr'>posterioris</span> <span class='ocrx_word' id='word_1_142' title='bbox 2160 3727 2273 3798; x_wconf 91' lang='lat' dir='ltr'>in-</span> 
     </span>
     <span class='ocr_line' id='line_1_32' title="bbox 719 3840 2270 3935; baseline 0.001 -20"><span class='ocrx_word' id='word_1_143' title='bbox 719 3843 851 3915; x_wconf 85' lang='lat' dir='ltr'>ter</span> <span class='ocrx_word' id='word_1_144' title='bbox 892 3862 1000 3914; x_wconf 91' lang='lat' dir='ltr'>se.</span> <span class='ocrx_word' id='word_1_145' title='bbox 1062 3840 1284 3913; x_wconf 86' lang='lat' dir='ltr'>Unde</span> <span class='ocrx_word' id='word_1_146' title='bbox 1336 3841 1707 3933; x_wconf 85' lang='lat' dir='ltr'>quamvis</span> <span class='ocrx_word' id='word_1_147' title='bbox 1741 3841 1957 3914; x_wconf 90' lang='lat' dir='ltr'>inter</span> <span class='ocrx_word' id='word_1_148' title='bbox 2000 3864 2270 3935; x_wconf 87' lang='lat' dir='ltr'>perso-</span> 
     </span>
     <span class='ocr_line' id='line_1_33' title="bbox 719 3958 2272 4053; baseline 0.002 -23"><span class='ocrx_word' id='word_1_149' title='bbox 719 3979 867 4031; x_wconf 89' lang='lat' dir='ltr'>nas</span> <span class='ocrx_word' id='word_1_150' title='bbox 907 3958 1219 4031; x_wconf 88' lang='lat' dir='ltr'>divinas</span> <span class='ocrx_word' id='word_1_151' title='bbox 1253 3978 1413 4031; x_wconf 91' lang='lat' dir='ltr'>non</span> <span class='ocrx_word' id='word_1_152' title='bbox 1446 3958 1552 4032; x_wconf 89' lang='lat' dir='ltr'>sit</span> <span class='ocrx_word' id='word_1_153' title='bbox 1604 3959 1832 4052; x_wconf 87' lang='lat' dir='ltr'>prius</span> <span class='ocrx_word' id='word_1_154' title='bbox 1890 3964 1971 4035; x_wconf 88' lang='lat' dir='ltr'>et</span> <span class='ocrx_word' id='word_1_155' title='bbox 2004 3964 2272 4053; x_wconf 88' lang='lat' dir='ltr'>poste-</span> 
     </span>
     <span class='ocr_line' id='line_1_34' title="bbox 722 4074 2272 4167; baseline 0.002 -21"><span class='ocrx_word' id='word_1_156' title='bbox 722 4075 922 4158; x_wconf 89' lang='lat' dir='ltr'>rius,</span> <span class='ocrx_word' id='word_1_157' title='bbox 990 4074 1178 4167; x_wconf 88' lang='lat' dir='ltr'>quia</span> <span class='ocrx_word' id='word_1_158' title='bbox 1244 4076 1523 4148; x_wconf 90' lang='lat' dir='ltr'>tamen</span> <span class='ocrx_word' id='word_1_159' title='bbox 1584 4075 1669 4147; x_wconf 91' lang='lat' dir='ltr'>in</span> <span class='ocrx_word' id='word_1_160' title='bbox 1700 4096 1858 4148; x_wconf 91' lang='lat' dir='ltr'>una</span> <span class='ocrx_word' id='word_1_161' title='bbox 1899 4077 2272 4149; x_wconf 90' lang='lat' dir='ltr'>substan-</span> 
     </span>
     <span class='ocr_line' id='line_1_35' title="bbox 723 4189 2272 4285; baseline 0.003 -22"><span class='ocrx_word' id='word_1_162' title='bbox 723 4189 842 4263; x_wconf 89' lang='lat' dir='ltr'>tia</span> <span class='ocrx_word' id='word_1_163' title='bbox 875 4191 1292 4273; x_wconf 91' lang='lat' dir='ltr'>uniuntur,</span> <span class='ocrx_word' id='word_1_164' title='bbox 1339 4193 1417 4263; x_wconf 93' lang='lat' dir='ltr'>et</span> <span class='ocrx_word' id='word_1_165' title='bbox 1453 4192 1550 4262; x_wconf 88' lang='lat' dir='ltr'>ab</span> <span class='ocrx_word' id='word_1_166' title='bbox 1610 4192 1772 4264; x_wconf 89' lang='lat' dir='ltr'>alio</span> <span class='ocrx_word' id='word_1_167' title='bbox 1828 4193 2272 4285; x_wconf 89' lang='lat' dir='ltr'>procedunt</span> 
     </span>
     <span class='ocr_line' id='line_1_36' title="bbox 724 4293 2272 4400; baseline 0.003 -22"><span class='ocrx_word' id='word_1_168' title='bbox 724 4293 985 4380; x_wconf 86' lang='lat' dir='ltr'>Filius</span> <span class='ocrx_word' id='word_1_169' title='bbox 1025 4311 1103 4380; x_wconf 92' lang='lat' dir='ltr'>et</span> <span class='ocrx_word' id='word_1_170' title='bbox 1176 4307 1534 4400; x_wconf 73' lang='lat' dir='ltr'>Spiritus</span> <span class='ocrx_word' id='word_1_171' title='bbox 1596 4310 1952 4390; x_wconf 77' lang='lat' dir='ltr'>sanctuS,</span> <span class='ocrx_word' id='word_1_172' title='bbox 2005 4330 2272 4382; x_wconf 91' lang='lat' dir='ltr'>neces-</span> 
     </span>
     <span class='ocr_line' id='line_1_37' title="bbox 722 4423 2272 4498; baseline 0.001 -2"><span class='ocrx_word' id='word_1_173' title='bbox 722 4423 947 4497; x_wconf 90' lang='lat' dir='ltr'>sario</span> <span class='ocrx_word' id='word_1_174' title='bbox 1024 4424 1105 4496; x_wconf 91' lang='lat' dir='ltr'>in</span> <span class='ocrx_word' id='word_1_175' title='bbox 1162 4424 1279 4496; x_wconf 90' lang='lat' dir='ltr'>eis</span> <span class='ocrx_word' id='word_1_176' title='bbox 1344 4424 1538 4497; x_wconf 87' lang='lat' dir='ltr'>ordo</span> <span class='ocrx_word' id='word_1_177' title='bbox 1611 4427 2045 4498; x_wconf 87' lang='lat' dir='ltr'>secundum</span> <span class='ocrx_word' id='word_1_178' title='bbox 2133 4426 2272 4497; x_wconf 89' lang='lat' dir='ltr'>ali-</span> 
     </span>
     <span class='ocr_line' id='line_1_38' title="bbox 724 4539 2274 4631; baseline 0.001 -20"><span class='ocrx_word' id='word_1_179' title='bbox 724 4560 962 4631; x_wconf 89' lang='lat' dir='ltr'>quem</span> <span class='ocrx_word' id='word_1_180' title='bbox 997 4540 1319 4612; x_wconf 90' lang='lat' dir='ltr'>modum</span> <span class='ocrx_word' id='word_1_181' title='bbox 1354 4539 1793 4612; x_wconf 88' lang='lat' dir='ltr'>invenitur.</span> <span class='ocrx_word' id='word_1_182' title='bbox 1853 4543 1977 4613; x_wconf 89' lang='lat' dir='ltr'>Ita</span> <span class='ocrx_word' id='word_1_183' title='bbox 2035 4542 2274 4614; x_wconf 88' lang='lat' dir='ltr'>estin</span> 
     </span>
     <span class='ocr_line' id='line_1_39' title="bbox 726 4654 2274 4747; baseline 0.001 -20"><span class='ocrx_word' id='word_1_184' title='bbox 726 4655 1011 4737; x_wconf 88' lang='lat' dir='ltr'>ramis,</span> <span class='ocrx_word' id='word_1_185' title='bbox 1050 4655 1183 4747; x_wconf 91' lang='lat' dir='ltr'>qui</span> <span class='ocrx_word' id='word_1_186' title='bbox 1237 4654 1336 4728; x_wconf 88' lang='lat' dir='ltr'>ab</span> <span class='ocrx_word' id='word_1_187' title='bbox 1400 4676 1558 4727; x_wconf 89' lang='lat' dir='ltr'>una</span> <span class='ocrx_word' id='word_1_188' title='bbox 1632 4656 1939 4730; x_wconf 91' lang='lat' dir='ltr'>virtute</span> <span class='ocrx_word' id='word_1_189' title='bbox 2004 4657 2274 4730; x_wconf 90' lang='lat' dir='ltr'>oriun-</span> 
     </span>
     <span class='ocr_line' id='line_1_40' title="bbox 724 4771 2272 4853; baseline -0.001 -8"><span class='ocrx_word' id='word_1_190' title='bbox 724 4775 907 4853; x_wconf 89' lang='lat' dir='ltr'>tur;</span> <span class='ocrx_word' id='word_1_191' title='bbox 955 4772 1073 4846; x_wconf 89' lang='lat' dir='ltr'>ita</span> <span class='ocrx_word' id='word_1_192' title='bbox 1104 4773 1226 4843; x_wconf 92' lang='lat' dir='ltr'>est</span> <span class='ocrx_word' id='word_1_193' title='bbox 1290 4771 1369 4842; x_wconf 93' lang='lat' dir='ltr'>in</span> <span class='ocrx_word' id='word_1_194' title='bbox 1435 4771 1637 4844; x_wconf 83' lang='lat' dir='ltr'>flore</span> <span class='ocrx_word' id='word_1_195' title='bbox 1687 4776 1769 4846; x_wconf 94' lang='lat' dir='ltr'>et</span> <span class='ocrx_word' id='word_1_196' title='bbox 1832 4772 2105 4845; x_wconf 85' lang='lat' dir='ltr'>fructu</span> <span class='ocrx_word' id='word_1_197' title='bbox 2146 4776 2272 4844; x_wconf 90' lang='lat' dir='ltr'>:et</span> 
     </span>
     <span class='ocr_line' id='line_1_41' title="bbox 720 4887 2276 4981; baseline -0.001 -19"><span class='ocrx_word' id='word_1_198' title='bbox 720 4887 1091 4962; x_wconf 87' lang='lat' dir='ltr'>breviter</span> <span class='ocrx_word' id='word_1_199' title='bbox 1132 4890 1434 4980; x_wconf 90' lang='lat' dir='ltr'>quanto</span> <span class='ocrx_word' id='word_1_200' title='bbox 1469 4888 1686 4971; x_wconf 90' lang='lat' dir='ltr'>illud,</span> <span class='ocrx_word' id='word_1_201' title='bbox 1754 4889 1833 4959; x_wconf 93' lang='lat' dir='ltr'>in</span> <span class='ocrx_word' id='word_1_202' title='bbox 1894 4910 2048 4981; x_wconf 90' lang='lat' dir='ltr'>quo</span> <span class='ocrx_word' id='word_1_203' title='bbox 2108 4888 2276 4961; x_wconf 86' lang='lat' dir='ltr'>fun·</span> 
     </span>
     <span class='ocr_line' id='line_1_42' title="bbox 721 5002 2269 5096; baseline -0.001 -18"><span class='ocrx_word' id='word_1_204' title='bbox 721 5002 965 5078; x_wconf 89' lang='lat' dir='ltr'>datur</span> <span class='ocrx_word' id='word_1_205' title='bbox 1036 5003 1468 5077; x_wconf 91' lang='lat' dir='ltr'>multitudo</span> <span class='ocrx_word' id='word_1_206' title='bbox 1513 5010 1638 5080; x_wconf 91' lang='lat' dir='ltr'>est</span> <span class='ocrx_word' id='word_1_207' title='bbox 1673 5004 1937 5096; x_wconf 89' lang='lat' dir='ltr'>magis</span> <span class='ocrx_word' id='word_1_208' title='bbox 1996 5026 2269 5088; x_wconf 90' lang='lat' dir='ltr'>unum,</span> 
     </span>
     <span class='ocr_line' id='line_1_43' title="bbox 722 5121 2277 5195; baseline 0 0"><span class='ocrx_word' id='word_1_209' title='bbox 722 5124 954 5195; x_wconf 90' lang='lat' dir='ltr'>tanto</span> <span class='ocrx_word' id='word_1_210' title='bbox 998 5121 1215 5195; x_wconf 90' lang='lat' dir='ltr'>inter</span> <span class='ocrx_word' id='word_1_211' title='bbox 1255 5121 1398 5193; x_wconf 87' lang='lat' dir='ltr'>illa</span> <span class='ocrx_word' id='word_1_212' title='bbox 1462 5122 1743 5195; x_wconf 89' lang='lat' dir='ltr'>verior</span> <span class='ocrx_word' id='word_1_213' title='bbox 1805 5124 1883 5194; x_wconf 91' lang='lat' dir='ltr'>et</span> <span class='ocrx_word' id='word_1_214' title='bbox 1952 5122 2277 5195; x_wconf 84' lang='lat' dir='ltr'>firmior</span> 
     </span>
     <span class='ocr_line' id='line_1_44' title="bbox 726 5238 2276 5329; baseline 0.001 -18"><span class='ocrx_word' id='word_1_215' title='bbox 726 5239 921 5311; x_wconf 91' lang='lat' dir='ltr'>ordo</span> <span class='ocrx_word' id='word_1_216' title='bbox 991 5238 1427 5312; x_wconf 89' lang='lat' dir='ltr'>invenitur.</span> <span class='ocrx_word' id='word_1_217' title='bbox 1468 5239 1549 5312; x_wconf 87' lang='lat' dir='ltr'>Si</span> <span class='ocrx_word' id='word_1_218' title='bbox 1593 5239 1851 5329; x_wconf 87' lang='lat' dir='ltr'>igitur</span> <span class='ocrx_word' id='word_1_219' title='bbox 1893 5239 1974 5311; x_wconf 95' lang='lat' dir='ltr'>in</span> <span class='ocrx_word' id='word_1_220' title='bbox 2017 5239 2276 5313; x_wconf 93' lang='lat' dir='ltr'>homi-</span> 
     </span>
     <span class='ocr_line' id='line_1_45' title="bbox 712 5352 2275 5444; baseline -0.002 -16"><span class='ocrx_word' id='word_1_221' title='bbox 712 5375 843 5435; x_wconf 81' lang='lat' dir='ltr'>ne,</span> <span class='ocrx_word' id='word_1_222' title='bbox 874 5352 1359 5444; x_wconf 82' lang='lat' dir='ltr'>inquantum</span> <span class='ocrx_word' id='word_1_223' title='bbox 1399 5352 1666 5434; x_wconf 87' lang='lat' dir='ltr'>homo,</span> <span class='ocrx_word' id='word_1_224' title='bbox 1706 5357 1793 5426; x_wconf 92' lang='lat' dir='ltr'>ut</span> <span class='ocrx_word' id='word_1_225' title='bbox 1856 5357 2275 5427; x_wconf 87' lang='lat' dir='ltr'>ostensum</span> 
     </span>
     <span class='ocr_line' id='line_1_46' title="bbox 721 5469 2272 5563; baseline 0.001 -21"><span class='ocrx_word' id='word_1_226' title='bbox 721 5472 871 5552; x_wconf 93' lang='lat' dir='ltr'>est,</span> <span class='ocrx_word' id='word_1_227' title='bbox 908 5473 1030 5543; x_wconf 88' lang='lat' dir='ltr'>est</span> <span class='ocrx_word' id='word_1_228' title='bbox 1093 5469 1521 5563; x_wconf 85' lang='lat' dir='ltr'>multiplex</span> <span class='ocrx_word' id='word_1_229' title='bbox 1571 5469 1961 5561; x_wconf 82' lang='lat' dir='ltr'>cognitiO,</span> <span class='ocrx_word' id='word_1_230' title='bbox 2029 5471 2272 5543; x_wconf 89' lang='lat' dir='ltr'>sensi·</span> 
     </span>
     <span class='ocr_line' id='line_1_47' title="bbox 721 5584 2276 5671; baseline 0.002 -14"><span class='ocrx_word' id='word_1_231' title='bbox 721 5585 895 5657; x_wconf 87' lang='lat' dir='ltr'>tiva</span> <span class='ocrx_word' id='word_1_232' title='bbox 927 5584 1266 5670; x_wconf 87' lang='lat' dir='ltr'>scilicet,</span> <span class='ocrx_word' id='word_1_233' title='bbox 1312 5589 1393 5660; x_wconf 92' lang='lat' dir='ltr'>et</span> <span class='ocrx_word' id='word_1_234' title='bbox 1444 5584 1969 5671; x_wconf 80' lang='lat' dir='ltr'>intellectiva,</span> <span class='ocrx_word' id='word_1_235' title='bbox 2026 5587 2107 5660; x_wconf 93' lang='lat' dir='ltr'>in</span> <span class='ocrx_word' id='word_1_236' title='bbox 2139 5586 2276 5660; x_wconf 89' lang='lat' dir='ltr'>ho·</span> 
     </span>
    </p>
   </div>
   <div class='ocr_carea' id='block_1_10' title="bbox 1906 406 2753 475">
    <p class='ocr_par' dir='ltr' id='par_1_11' title="bbox 1906 406 2753 475">
     <span class='ocr_line' id='line_1_48' title="bbox 1906 406 2753 475; baseline 0.001 -2"><span class='ocrx_word' id='word_1_237' title='bbox 1906 412 2005 474; x_wconf 83' lang='lat' dir='ltr'>DE</span> <span class='ocrx_word' id='word_1_238' title='bbox 2051 410 2320 475; x_wconf 82' lang='lat' dir='ltr'><strong>RERUM</strong></span> <span class='ocrx_word' id='word_1_239' title='bbox 2360 406 2753 474; x_wconf 74' lang='lat' dir='ltr'>PRINCIPIO</span> 
     </span>
    </p>
   </div>
   <div class='ocr_carea' id='block_1_11' title="bbox 2375 569 3923 1829">
    <p class='ocr_par' dir='ltr' id='par_1_12' title="bbox 2375 569 3923 1829">
     <span class='ocr_line' id='line_1_49' title="bbox 2382 569 3916 650; baseline -0.001 -7"><span class='ocrx_word' id='word_1_240' title='bbox 2382 571 2595 643; x_wconf 89' lang='lat' dir='ltr'>mine</span> <span class='ocrx_word' id='word_1_241' title='bbox 2670 574 2858 643; x_wconf 90' lang='lat' dir='ltr'>sunt</span> <span class='ocrx_word' id='word_1_242' title='bbox 2944 571 3115 642; x_wconf 81' lang='lat' dir='ltr'>duae</span> <span class='ocrx_word' id='word_1_243' title='bbox 3190 571 3543 650; x_wconf 84' lang='lat' dir='ltr'>naturae,</span> <span class='ocrx_word' id='word_1_244' title='bbox 3610 569 3916 642; x_wconf 85' lang='lat' dir='ltr'>scilicet</span> 
     </span>
     <span class='ocr_line' id='line_1_50' title="bbox 2379 687 3916 781; baseline -0.001 -21"><span class='ocrx_word' id='word_1_245' title='bbox 2379 688 2846 781; x_wconf 89' lang='lat' dir='ltr'>corporalis</span> <span class='ocrx_word' id='word_1_246' title='bbox 2889 691 2967 760; x_wconf 88' lang='lat' dir='ltr'>et</span> <span class='ocrx_word' id='word_1_247' title='bbox 3003 687 3491 781; x_wconf 90' lang='lat' dir='ltr'>spiritualis,</span> <span class='ocrx_word' id='word_1_248' title='bbox 3536 688 3631 760; x_wconf 89' lang='lat' dir='ltr'>ad</span> <span class='ocrx_word' id='word_1_249' title='bbox 3681 707 3916 779; x_wconf 89' lang='lat' dir='ltr'>quam</span> 
     </span>
     <span class='ocr_line' id='line_1_51' title="bbox 2380 805 3915 898; baseline -0.002 -21"><span class='ocrx_word' id='word_1_250' title='bbox 2380 805 2868 898; x_wconf 89' lang='lat' dir='ltr'>corporalis,</span> <span class='ocrx_word' id='word_1_251' title='bbox 2907 805 3077 878; x_wconf 89' lang='lat' dir='ltr'>sive</span> <span class='ocrx_word' id='word_1_252' title='bbox 3108 827 3408 898; x_wconf 90' lang='lat' dir='ltr'>corpus</span> <span class='ocrx_word' id='word_1_253' title='bbox 3469 805 3915 884; x_wconf 89' lang='lat' dir='ltr'>ordinatur,</span> 
     </span>
     <span class='ocr_line' id='line_1_52' title="bbox 2381 919 3915 1014; baseline 0.001 -24"><span class='ocrx_word' id='word_1_254' title='bbox 2381 920 2591 993; x_wconf 92' lang='lat' dir='ltr'>sicut</span> <span class='ocrx_word' id='word_1_255' title='bbox 2636 920 3210 1014; x_wconf 89' lang='lat' dir='ltr'>imperfectum</span> <span class='ocrx_word' id='word_1_256' title='bbox 3272 921 3368 992; x_wconf 90' lang='lat' dir='ltr'>ad</span> <span class='ocrx_word' id='word_1_257' title='bbox 3419 919 3915 1013; x_wconf 84' lang='lat' dir='ltr'>perfectum;</span> 
     </span>
     <span class='ocr_line' id='line_1_53' title="bbox 2380 1032 3920 1126; baseline -0.001 -23"><span class='ocrx_word' id='word_1_258' title='bbox 2380 1052 2578 1124; x_wconf 88' lang='lat' dir='ltr'>ergo</span> <span class='ocrx_word' id='word_1_259' title='bbox 2654 1036 2830 1126; x_wconf 91' lang='lat' dir='ltr'>pari</span> <span class='ocrx_word' id='word_1_260' title='bbox 2907 1035 3227 1107; x_wconf 92' lang='lat' dir='ltr'>ratione</span> <span class='ocrx_word' id='word_1_261' title='bbox 3290 1053 3474 1107; x_wconf 92' lang='lat' dir='ltr'>cum</span> <span class='ocrx_word' id='word_1_262' title='bbox 3521 1032 3686 1106; x_wconf 92' lang='lat' dir='ltr'>sint</span> <span class='ocrx_word' id='word_1_263' title='bbox 3757 1033 3920 1104; x_wconf 78' lang='lat' dir='ltr'>duae</span> 
     </span>
     <span class='ocr_line' id='line_1_54' title="bbox 2381 1149 3923 1240; baseline 0 -20"><span class='ocrx_word' id='word_1_264' title='bbox 2381 1150 2893 1240; x_wconf 89' lang='lat' dir='ltr'>cognitiones</span> <span class='ocrx_word' id='word_1_265' title='bbox 2926 1151 3009 1223; x_wconf 92' lang='lat' dir='ltr'>in</span> <span class='ocrx_word' id='word_1_266' title='bbox 3038 1172 3160 1233; x_wconf 91' lang='lat' dir='ltr'>eo,</span> <span class='ocrx_word' id='word_1_267' title='bbox 3200 1170 3357 1223; x_wconf 88' lang='lat' dir='ltr'>una</span> <span class='ocrx_word' id='word_1_268' title='bbox 3396 1149 3710 1223; x_wconf 90' lang='lat' dir='ltr'>scilicet</span> <span class='ocrx_word' id='word_1_269' title='bbox 3755 1170 3923 1221; x_wconf 88' lang='lat' dir='ltr'>sen-</span> 
     </span>
     <span class='ocr_line' id='line_1_55' title="bbox 2383 1265 3921 1360; baseline 0.001 -24"><span class='ocrx_word' id='word_1_270' title='bbox 2383 1265 2629 1340; x_wconf 89' lang='lat' dir='ltr'>sitiva</span> <span class='ocrx_word' id='word_1_271' title='bbox 2698 1288 2872 1359; x_wconf 79' lang='lat' dir='ltr'>quae</span> <span class='ocrx_word' id='word_1_272' title='bbox 2930 1270 3055 1341; x_wconf 91' lang='lat' dir='ltr'>est</span> <span class='ocrx_word' id='word_1_273' title='bbox 3117 1265 3623 1360; x_wconf 87' lang='lat' dir='ltr'>imperfecta,</span> <span class='ocrx_word' id='word_1_274' title='bbox 3676 1270 3757 1338; x_wconf 90' lang='lat' dir='ltr'>et</span> <span class='ocrx_word' id='word_1_275' title='bbox 3817 1270 3921 1339; x_wconf 91' lang='lat' dir='ltr'>te·</span> 
     </span>
     <span class='ocr_line' id='line_1_56' title="bbox 2382 1383 3922 1480; baseline 0 -24"><span class='ocrx_word' id='word_1_276' title='bbox 2382 1406 2576 1458; x_wconf 87' lang='lat' dir='ltr'>nens</span> <span class='ocrx_word' id='word_1_277' title='bbox 2622 1409 2706 1460; x_wconf 92' lang='lat' dir='ltr'>se</span> <span class='ocrx_word' id='word_1_278' title='bbox 2737 1408 2834 1459; x_wconf 85' lang='lat' dir='ltr'>ex</span> <span class='ocrx_word' id='word_1_279' title='bbox 2887 1392 3122 1480; x_wconf 89' lang='lat' dir='ltr'>parte</span> <span class='ocrx_word' id='word_1_280' title='bbox 3163 1385 3568 1479; x_wconf 89' lang='lat' dir='ltr'>corporis,</span> <span class='ocrx_word' id='word_1_281' title='bbox 3610 1383 3922 1457; x_wconf 87' lang='lat' dir='ltr'>ordina-</span> 
     </span>
     <span class='ocr_line' id='line_1_57' title="bbox 2381 1504 3922 1596; baseline -0.001 -21"><span class='ocrx_word' id='word_1_282' title='bbox 2381 1504 2603 1576; x_wconf 88' lang='lat' dir='ltr'>bitur</span> <span class='ocrx_word' id='word_1_283' title='bbox 2634 1505 2728 1577; x_wconf 87' lang='lat' dir='ltr'>ad</span> <span class='ocrx_word' id='word_1_284' title='bbox 2760 1524 2965 1586; x_wconf 90' lang='lat' dir='ltr'>eam,</span> <span class='ocrx_word' id='word_1_285' title='bbox 3005 1526 3180 1596; x_wconf 78' lang='lat' dir='ltr'>quae</span> <span class='ocrx_word' id='word_1_286' title='bbox 3242 1525 3326 1577; x_wconf 89' lang='lat' dir='ltr'>se</span> <span class='ocrx_word' id='word_1_287' title='bbox 3367 1507 3585 1577; x_wconf 94' lang='lat' dir='ltr'>tenet</span> <span class='ocrx_word' id='word_1_288' title='bbox 3618 1525 3719 1574; x_wconf 84' lang='lat' dir='ltr'>ex</span> <span class='ocrx_word' id='word_1_289' title='bbox 3753 1523 3922 1595; x_wconf 86' lang='lat' dir='ltr'>par-</span> 
     </span>
     <span class='ocr_line' id='line_1_58' title="bbox 2382 1620 3919 1714; baseline -0.003 -20"><span class='ocrx_word' id='word_1_290' title='bbox 2382 1623 2461 1694; x_wconf 91' lang='lat' dir='ltr'>te</span> <span class='ocrx_word' id='word_1_291' title='bbox 2504 1622 2797 1694; x_wconf 80' lang='lat' dir='ltr'>animae</span> <span class='ocrx_word' id='word_1_292' title='bbox 2842 1625 3230 1714; x_wconf 84' lang='lat' dir='ltr'>tanquam</span> <span class='ocrx_word' id='word_1_293' title='bbox 3283 1622 3379 1693; x_wconf 90' lang='lat' dir='ltr'>ad</span> <span class='ocrx_word' id='word_1_294' title='bbox 3449 1620 3919 1713; x_wconf 83' lang='lat' dir='ltr'>perfectum.</span> 
     </span>
     <span class='ocr_line' id='line_1_59' title="bbox 2375 1734 3923 1829; baseline -0.002 -20"><span class='ocrx_word' id='word_1_295' title='bbox 2375 1787 2384 1796; x_wconf 85' lang='lat'>-</span> <span class='ocrx_word' id='word_1_296' title='bbox 2474 1739 2702 1815; x_wconf 86' lang='lat' dir='ltr'>Item,</span> <span class='ocrx_word' id='word_1_297' title='bbox 2750 1741 3052 1829; x_wconf 89' lang='lat' dir='ltr'>quanto</span> <span class='ocrx_word' id='word_1_298' title='bbox 3084 1736 3421 1808; x_wconf 86' lang='lat' dir='ltr'>effectus</span> <span class='ocrx_word' id='word_1_299' title='bbox 3454 1739 3576 1808; x_wconf 88' lang='lat' dir='ltr'>est</span> <span class='ocrx_word' id='word_1_300' title='bbox 3632 1734 3923 1829; x_wconf 85' lang='lat' dir='ltr'>perfec-</span> 
     </span>
    </p>
   </div>
   <div class='ocr_carea' id='block_1_12' title="bbox 2377 1860 3926 4638">
    <p class='ocr_par' dir='ltr' id='par_1_13' title="bbox 2377 1860 3924 2772">
     <span class='ocr_line' id='line_1_60' title="bbox 2377 1860 3924 1953; baseline -0.001 -19"><span class='ocrx_word' id='word_1_301' title='bbox 2377 1860 2571 1942; x_wconf 90' lang='lat' dir='ltr'>tior,</span> <span class='ocrx_word' id='word_1_302' title='bbox 2615 1864 2847 1935; x_wconf 88' lang='lat' dir='ltr'>tanto</span> <span class='ocrx_word' id='word_1_303' title='bbox 2882 1866 3179 1936; x_wconf 90' lang='lat' dir='ltr'>natura</span> <span class='ocrx_word' id='word_1_304' title='bbox 3210 1861 3434 1934; x_wconf 88' lang='lat' dir='ltr'>circa</span> <span class='ocrx_word' id='word_1_305' title='bbox 3500 1860 3769 1953; x_wconf 82' lang='lat' dir='ltr'>ipsum</span> <span class='ocrx_word' id='word_1_306' title='bbox 3809 1865 3924 1934; x_wconf 86' lang='lat' dir='ltr'>est</span> 
     </span>
     <span class='ocr_line' id='line_1_61' title="bbox 2379 1977 3923 2068; baseline 0 -21"><span class='ocrx_word' id='word_1_307' title='bbox 2379 1977 2856 2068; x_wconf 74' lang='lat' dir='ltr'>diligentior</span> <span class='ocrx_word' id='word_1_308' title='bbox 2905 2004 2919 2047; x_wconf 94' lang='lat'><strong>:</strong></span> <span class='ocrx_word' id='word_1_309' title='bbox 2984 1980 3116 2051; x_wconf 87' lang='lat' dir='ltr'>sed</span> <span class='ocrx_word' id='word_1_310' title='bbox 3167 1982 3466 2050; x_wconf 89' lang='lat' dir='ltr'>natura</span> <span class='ocrx_word' id='word_1_311' title='bbox 3527 1978 3611 2050; x_wconf 93' lang='lat' dir='ltr'>in</span> <span class='ocrx_word' id='word_1_312' title='bbox 3675 1977 3923 2049; x_wconf 89' lang='lat' dir='ltr'>omni-</span> 
     </span>
     <span class='ocr_line' id='line_1_62' title="bbox 2380 2093 3921 2189; baseline 0 -26"><span class='ocrx_word' id='word_1_313' title='bbox 2380 2093 2528 2165; x_wconf 87' lang='lat' dir='ltr'>bus</span> <span class='ocrx_word' id='word_1_314' title='bbox 2560 2094 2977 2169; x_wconf 84' lang='lat' dir='ltr'>effectibus</span> <span class='ocrx_word' id='word_1_315' title='bbox 3020 2095 3385 2189; x_wconf 76' lang='lat' dir='ltr'>procedit</span> <span class='ocrx_word' id='word_1_316' title='bbox 3421 2095 3819 2175; x_wconf 88' lang='lat' dir='ltr'>ordinate,</span> <span class='ocrx_word' id='word_1_317' title='bbox 3846 2095 3921 2164; x_wconf 89' lang='lat' dir='ltr'>ut</span> 
     </span>
     <span class='ocr_line' id='line_1_63' title="bbox 2386 2208 3921 2308; baseline -0.005 -21"><span class='ocrx_word' id='word_1_318' title='bbox 2386 2216 2607 2308; x_wconf 89' lang='lat' dir='ltr'>patet</span> <span class='ocrx_word' id='word_1_319' title='bbox 2644 2212 2723 2284; x_wconf 91' lang='lat' dir='ltr'>in</span> <span class='ocrx_word' id='word_1_320' title='bbox 2765 2210 3211 2286; x_wconf 88' lang='lat' dir='ltr'>situatione</span> <span class='ocrx_word' id='word_1_321' title='bbox 3254 2210 3818 2284; x_wconf 88' lang='lat' dir='ltr'>membrorum</span> <span class='ocrx_word' id='word_1_322' title='bbox 3852 2208 3921 2279; x_wconf 91' lang='lat' dir='ltr'>in</span> 
     </span>
     <span class='ocr_line' id='line_1_64' title="bbox 2382 2329 3918 2423; baseline -0.005 -19"><span class='ocrx_word' id='word_1_323' title='bbox 2382 2351 2758 2423; x_wconf 87' lang='lat' dir='ltr'>corpore,</span> <span class='ocrx_word' id='word_1_324' title='bbox 2830 2335 2910 2404; x_wconf 95' lang='lat' dir='ltr'>et</span> <span class='ocrx_word' id='word_1_325' title='bbox 2970 2351 3394 2404; x_wconf 88' lang='lat' dir='ltr'>ramorum</span> <span class='ocrx_word' id='word_1_326' title='bbox 3464 2330 3546 2401; x_wconf 91' lang='lat' dir='ltr'>in</span> <span class='ocrx_word' id='word_1_327' title='bbox 3589 2329 3918 2401; x_wconf 87' lang='lat' dir='ltr'>arbore:</span> 
     </span>
     <span class='ocr_line' id='line_1_65' title="bbox 2384 2445 3922 2538; baseline -0.002 -20"><span class='ocrx_word' id='word_1_328' title='bbox 2384 2467 2591 2520; x_wconf 90' lang='lat' dir='ltr'>nuno</span> <span class='ocrx_word' id='word_1_329' title='bbox 2626 2449 2900 2519; x_wconf 84' lang='lat' dir='ltr'>autem</span> <span class='ocrx_word' id='word_1_330' title='bbox 2942 2447 3058 2519; x_wconf 90' lang='lat' dir='ltr'>ita</span> <span class='ocrx_word' id='word_1_331' title='bbox 3091 2448 3240 2529; x_wconf 89' lang='lat' dir='ltr'>est,</span> <span class='ocrx_word' id='word_1_332' title='bbox 3278 2446 3483 2538; x_wconf 90' lang='lat' dir='ltr'>quod</span> <span class='ocrx_word' id='word_1_333' title='bbox 3523 2445 3771 2516; x_wconf 88' lang='lat' dir='ltr'>homo</span> <span class='ocrx_word' id='word_1_334' title='bbox 3811 2448 3922 2515; x_wconf 86' lang='lat' dir='ltr'>est</span> 
     </span>
     <span class='ocr_line' id='line_1_66' title="bbox 2388 2563 3917 2658; baseline -0.003 -21"><span class='ocrx_word' id='word_1_335' title='bbox 2388 2564 3035 2658; x_wconf 88' lang='lat' dir='ltr'>perfectissimus</span> <span class='ocrx_word' id='word_1_336' title='bbox 3137 2563 3472 2638; x_wconf 86' lang='lat' dir='ltr'>effectus</span> <span class='ocrx_word' id='word_1_337' title='bbox 3557 2565 3917 2641; x_wconf 83' lang='lat' dir='ltr'>naturae;</span> 
     </span>
     <span class='ocr_line' id='line_1_67' title="bbox 2382 2685 2799 2772; baseline -0.005 -20"><span class='ocrx_word' id='word_1_338' title='bbox 2382 2699 2610 2772; x_wconf 90' lang='lat' dir='ltr'>ergo,</span> <span class='ocrx_word' id='word_1_339' title='bbox 2645 2685 2799 2755; x_wconf 91' lang='lat' dir='ltr'>etc.</span> 
     </span>
    </p>

    <p class='ocr_par' dir='ltr' id='par_1_14' title="bbox 2382 2795 3926 4638">
     <span class='ocr_line' id='line_1_68' title="bbox 2478 2795 3921 2888; baseline -0.003 -18"><span class='ocrx_word' id='word_1_340' title='bbox 2478 2801 2707 2880; x_wconf 91' lang='lat' dir='ltr'>Item,</span> <span class='ocrx_word' id='word_1_341' title='bbox 2806 2798 3014 2871; x_wconf 91' lang='lat' dir='ltr'>sicut</span> <span class='ocrx_word' id='word_1_342' title='bbox 3098 2819 3182 2870; x_wconf 91' lang='lat' dir='ltr'>se</span> <span class='ocrx_word' id='word_1_343' title='bbox 3252 2796 3489 2869; x_wconf 86' lang='lat' dir='ltr'>habet</span> <span class='ocrx_word' id='word_1_344' title='bbox 3567 2795 3921 2888; x_wconf 90' lang='lat' dir='ltr'>cognitio</span> 
     </span>
     <span class='ocr_line' id='line_1_69' title="bbox 2383 2913 3924 3009; baseline -0.004 -20"><span class='ocrx_word' id='word_1_345' title='bbox 2383 2914 2888 3009; x_wconf 85' lang='lat' dir='ltr'>imperfecta,</span> <span class='ocrx_word' id='word_1_346' title='bbox 2960 2918 3041 2988; x_wconf 91' lang='lat' dir='ltr'>et</span> <span class='ocrx_word' id='word_1_347' title='bbox 3117 2914 3457 2987; x_wconf 86' lang='lat' dir='ltr'>confusa</span> <span class='ocrx_word' id='word_1_348' title='bbox 3542 2913 3924 2986; x_wconf 79' lang='lat' dir='ltr'>sensitiva</span> 
     </span>
     <span class='ocr_line' id='line_1_70' title="bbox 2386 3028 3920 3123; baseline 0.003 -22"><span class='ocrx_word' id='word_1_349' title='bbox 2386 3035 2758 3123; x_wconf 90' lang='lat' dir='ltr'>respectu</span> <span class='ocrx_word' id='word_1_350' title='bbox 2793 3028 3357 3101; x_wconf 72' lang='lat' dir='ltr'>determinatae</span> <span class='ocrx_word' id='word_1_351' title='bbox 3390 3032 3470 3101; x_wconf 95' lang='lat' dir='ltr'>et</span> <span class='ocrx_word' id='word_1_352' title='bbox 3501 3029 3920 3105; x_wconf 68' lang='lat' dir='ltr'>distinctae,</span> 
     </span>
     <span class='ocr_line' id='line_1_71' title="bbox 2384 3146 3920 3242; baseline -0.003 -19"><span class='ocrx_word' id='word_1_353' title='bbox 2384 3149 2499 3223; x_wconf 92' lang='lat' dir='ltr'>sic</span> <span class='ocrx_word' id='word_1_354' title='bbox 2565 3152 2740 3223; x_wconf 89' lang='lat' dir='ltr'>tota</span> <span class='ocrx_word' id='word_1_355' title='bbox 2838 3146 3339 3221; x_wconf 88' lang='lat' dir='ltr'>intellectiva</span> <span class='ocrx_word' id='word_1_356' title='bbox 3405 3152 3786 3242; x_wconf 89' lang='lat' dir='ltr'>respectu</span> <span class='ocrx_word' id='word_1_357' title='bbox 3821 3147 3920 3220; x_wconf 87' lang='lat' dir='ltr'>in·</span> 
     </span>
     <span class='ocr_line' id='line_1_72' title="bbox 2382 3262 3923 3355; baseline -0.001 -20"><span class='ocrx_word' id='word_1_358' title='bbox 2382 3263 2850 3338; x_wconf 67' lang='lat' dir='ltr'>tellectivee:</span> <span class='ocrx_word' id='word_1_359' title='bbox 2925 3262 3135 3337; x_wconf 87' lang='lat' dir='ltr'>siout</span> <span class='ocrx_word' id='word_1_360' title='bbox 3194 3263 3411 3336; x_wconf 91' lang='lat' dir='ltr'>enim</span> <span class='ocrx_word' id='word_1_361' title='bbox 3453 3263 3699 3336; x_wconf 89' lang='lat' dir='ltr'>homo</span> <span class='ocrx_word' id='word_1_362' title='bbox 3761 3282 3923 3355; x_wconf 87' lang='lat' dir='ltr'>pro-</span> 
     </span>
     <span class='ocr_line' id='line_1_73' title="bbox 2383 3380 3922 3473; baseline -0.002 -21"><span class='ocrx_word' id='word_1_363' title='bbox 2383 3381 2554 3455; x_wconf 88' lang='lat' dir='ltr'>ficit</span> <span class='ocrx_word' id='word_1_364' title='bbox 2596 3400 2642 3452; x_wconf 92' lang='lat' dir='ltr'>a</span> <span class='ocrx_word' id='word_1_365' title='bbox 2688 3381 2956 3473; x_wconf 87' lang='lat' dir='ltr'>prima</span> <span class='ocrx_word' id='word_1_366' title='bbox 2992 3381 3087 3452; x_wconf 89' lang='lat' dir='ltr'>ad</span> <span class='ocrx_word' id='word_1_367' title='bbox 3121 3380 3575 3461; x_wconf 90' lang='lat' dir='ltr'>secundam,</span> <span class='ocrx_word' id='word_1_368' title='bbox 3643 3380 3785 3461; x_wconf 86' lang='lat' dir='ltr'>sic,</span> <span class='ocrx_word' id='word_1_369' title='bbox 3845 3381 3922 3449; x_wconf 91' lang='lat' dir='ltr'>ut</span> 
     </span>
     <span class='ocr_line' id='line_1_74' title="bbox 2385 3493 3926 3589; baseline -0.003 -21"><span class='ocrx_word' id='word_1_370' title='bbox 2385 3517 2531 3589; x_wconf 93' lang='lat' dir='ltr'>per</span> <span class='ocrx_word' id='word_1_371' title='bbox 2568 3496 3163 3588; x_wconf 83' lang='lat' dir='ltr'>experientiam</span> <span class='ocrx_word' id='word_1_372' title='bbox 3215 3500 3464 3588; x_wconf 89' lang='lat' dir='ltr'>patet,</span> <span class='ocrx_word' id='word_1_373' title='bbox 3509 3515 3556 3566; x_wconf 89' lang='lat' dir='ltr'>a</span> <span class='ocrx_word' id='word_1_374' title='bbox 3597 3493 3926 3568; x_wconf 88' lang='lat' dir='ltr'>secunda</span> 
     </span>
     <span class='ocr_line' id='line_1_75' title="bbox 2384 3608 3920 3706; baseline -0.004 -21"><span class='ocrx_word' id='word_1_375' title='bbox 2384 3614 2478 3686; x_wconf 88' lang='lat' dir='ltr'>ad</span> <span class='ocrx_word' id='word_1_376' title='bbox 2513 3613 2848 3687; x_wconf 87' lang='lat' dir='ltr'>tertiam</span> <span class='ocrx_word' id='word_1_377' title='bbox 2892 3612 3218 3706; x_wconf 88' lang='lat' dir='ltr'>proficit</span> <span class='ocrx_word' id='word_1_378' title='bbox 3260 3638 3273 3681; x_wconf 80' lang='lat' dir='ltr'><em>z</em></span> <span class='ocrx_word' id='word_1_379' title='bbox 3319 3612 3453 3685; x_wconf 91' lang='lat' dir='ltr'>sed</span> <span class='ocrx_word' id='word_1_380' title='bbox 3518 3613 3738 3686; x_wconf 91' lang='lat' dir='ltr'>inter</span> <span class='ocrx_word' id='word_1_381' title='bbox 3777 3608 3920 3703; x_wconf 89' lang='lat' dir='ltr'>pri·</span> 
     </span>
     <span class='ocr_line' id='line_1_76' title="bbox 2384 3726 3918 3803; baseline -0.005 -1"><span class='ocrx_word' id='word_1_382' title='bbox 2384 3750 2602 3803; x_wconf 89' lang='lat' dir='ltr'>mam</span> <span class='ocrx_word' id='word_1_383' title='bbox 2688 3733 2767 3803; x_wconf 96' lang='lat' dir='ltr'>et</span> <span class='ocrx_word' id='word_1_384' title='bbox 2830 3731 3259 3802; x_wconf 88' lang='lat' dir='ltr'>secundam</span> <span class='ocrx_word' id='word_1_385' title='bbox 3338 3734 3464 3803; x_wconf 88' lang='lat' dir='ltr'>est</span> <span class='ocrx_word' id='word_1_386' title='bbox 3524 3726 3918 3801; x_wconf 86' lang='lat' dir='ltr'>naturalis</span> 
     </span>
     <span class='ocr_line' id='line_1_77' title="bbox 2386 3846 3917 3939; baseline -0.004 -19"><span class='ocrx_word' id='word_1_387' title='bbox 2386 3847 2607 3929; x_wconf 88' lang='lat' dir='ltr'>ordo,</span> <span class='ocrx_word' id='word_1_388' title='bbox 2657 3846 2848 3937; x_wconf 89' lang='lat' dir='ltr'>quia</span> <span class='ocrx_word' id='word_1_389' title='bbox 2879 3847 3112 3938; x_wconf 91' lang='lat' dir='ltr'>pueri</span> <span class='ocrx_word' id='word_1_390' title='bbox 3147 3846 3416 3939; x_wconf 91' lang='lat' dir='ltr'>primo</span> <span class='ocrx_word' id='word_1_391' title='bbox 3438 3850 3735 3919; x_wconf 87' lang='lat' dir='ltr'>vocant</span> <span class='ocrx_word' id='word_1_392' title='bbox 3768 3862 3917 3915; x_wconf 90' lang='lat' dir='ltr'>om-</span> 
     </span>
     <span class='ocr_line' id='line_1_78' title="bbox 2384 3938 3915 4055; baseline -0.005 -18"><span class='ocrx_word' id='word_1_393' title='bbox 2384 3985 2525 4037; x_wconf 90' lang='lat' dir='ltr'>nes</span> <span class='ocrx_word' id='word_1_394' title='bbox 2594 3938 2965 4034; x_wconf 84' lang='lat' dir='ltr'>homines</span> <span class='ocrx_word' id='word_1_395' title='bbox 3027 3965 3330 4055; x_wconf 90' lang='lat' dir='ltr'>patres,</span> <span class='ocrx_word' id='word_1_396' title='bbox 3393 3965 3475 4037; x_wconf 91' lang='lat' dir='ltr'>et</span> <span class='ocrx_word' id='word_1_397' title='bbox 3545 3980 3915 4055; x_wconf 90' lang='lat' dir='ltr'>processu</span> 
     </span>
     <span class='ocr_line' id='line_1_79' title="bbox 2382 4076 3918 4171; baseline -0.001 -21"><span class='ocrx_word' id='word_1_398' title='bbox 2382 4077 2786 4170; x_wconf 88' lang='lat' dir='ltr'>temporis</span> <span class='ocrx_word' id='word_1_399' title='bbox 2836 4076 3346 4168; x_wconf 88' lang='lat' dir='ltr'>distinguunt</span> <span class='ocrx_word' id='word_1_400' title='bbox 3412 4103 3427 4147; x_wconf 74' lang='grc' dir='ltr'><strong>ε</strong></span> <span class='ocrx_word' id='word_1_401' title='bbox 3497 4077 3652 4150; x_wconf 86' lang='lat' dir='ltr'>hoc</span> <span class='ocrx_word' id='word_1_402' title='bbox 3711 4080 3918 4171; x_wconf 85' lang='lat' dir='ltr'>patet</span> 
     </span>
     <span class='ocr_line' id='line_1_80' title="bbox 2383 4193 3913 4287; baseline -0.004 -20"><span class='ocrx_word' id='word_1_403' title='bbox 2383 4195 2634 4267; x_wconf 88' lang='lat' dir='ltr'>etiam</span> <span class='ocrx_word' id='word_1_404' title='bbox 2679 4197 3052 4287; x_wconf 90' lang='lat' dir='ltr'>respectu</span> <span class='ocrx_word' id='word_1_405' title='bbox 3108 4193 3294 4275; x_wconf 92' lang='lat' dir='ltr'>loci,</span> <span class='ocrx_word' id='word_1_406' title='bbox 3340 4193 3528 4266; x_wconf 89' lang='lat' dir='ltr'>dum</span> <span class='ocrx_word' id='word_1_407' title='bbox 3579 4195 3913 4285; x_wconf 89' lang='lat' dir='ltr'>aliquem</span> 
     </span>
     <span class='ocr_line' id='line_1_81' title="bbox 2384 4310 3915 4403; baseline -0.003 -20"><span class='ocrx_word' id='word_1_408' title='bbox 2384 4313 2614 4385; x_wconf 88' lang='lat' dir='ltr'>video</span> <span class='ocrx_word' id='word_1_409' title='bbox 2647 4311 2982 4385; x_wconf 85' lang='lat' dir='ltr'>confuse</span> <span class='ocrx_word' id='word_1_410' title='bbox 3035 4332 3080 4384; x_wconf 90' lang='lat' dir='ltr'>a</span> <span class='ocrx_word' id='word_1_411' title='bbox 3124 4312 3386 4403; x_wconf 86' lang='lat' dir='ltr'>longe,</span> <span class='ocrx_word' id='word_1_412' title='bbox 3434 4315 3510 4385; x_wconf 91' lang='lat' dir='ltr'>et</span> <span class='ocrx_word' id='word_1_413' title='bbox 3554 4310 3915 4385; x_wconf 89' lang='lat' dir='ltr'>distincte</span> 
     </span>
     <span class='ocr_line' id='line_1_82' title="bbox 2383 4422 3913 4521; baseline -0.005 -21"><span class='ocrx_word' id='word_1_414' title='bbox 2383 4428 2474 4500; x_wconf 89' lang='lat' dir='ltr'>de</span> <span class='ocrx_word' id='word_1_415' title='bbox 2522 4450 2773 4521; x_wconf 87' lang='lat' dir='ltr'>prope</span> <span class='ocrx_word' id='word_1_416' title='bbox 2812 4454 2826 4510; x_wconf 92' lang='lat'>;</span> <span class='ocrx_word' id='word_1_417' title='bbox 2867 4448 3067 4519; x_wconf 92' lang='lat' dir='ltr'>ergo</span> <span class='ocrx_word' id='word_1_418' title='bbox 3125 4429 3516 4502; x_wconf 90' lang='lat' dir='ltr'>similiter</span> <span class='ocrx_word' id='word_1_419' title='bbox 3575 4422 3913 4501; x_wconf 86' lang='lat' dir='ltr'>naturali</span> 
     </span>
     <span class='ocr_line' id='line_1_83' title="bbox 2388 4539 3912 4638; baseline -0.005 -21"><span class='ocrx_word' id='word_1_420' title='bbox 2388 4545 2667 4617; x_wconf 88' lang='lat' dir='ltr'>ordine</span> <span class='ocrx_word' id='word_1_421' title='bbox 2715 4546 3228 4638; x_wconf 89' lang='lat' dir='ltr'>procedimus</span> <span class='ocrx_word' id='word_1_422' title='bbox 3281 4566 3328 4617; x_wconf 90' lang='lat' dir='ltr'>a</span> <span class='ocrx_word' id='word_1_423' title='bbox 3379 4546 3768 4620; x_wconf 86' lang='lat' dir='ltr'>sensitiva</span> <span class='ocrx_word' id='word_1_424' title='bbox 3827 4539 3912 4612; x_wconf 86' lang='lat' dir='ltr'>ad</span> 
     </span>
    </p>
   </div>
   <div class='ocr_carea' id='block_1_13' title="bbox 2385 4660 3912 5427">
    <p class='ocr_par' dir='ltr' id='par_1_15' title="bbox 2385 4660 3912 5427">
     <span class='ocr_line' id='line_1_84' title="bbox 2387 4660 3912 4756; baseline -0.004 -23"><span class='ocrx_word' id='word_1_425' title='bbox 2387 4660 2999 4735; x_wconf 70' lang='lat' dir='ltr'>intellectivam.</span> <span class='ocrx_word' id='word_1_426' title='bbox 3040 4661 3214 4735; x_wconf 92' lang='lat' dir='ltr'>Hoc</span> <span class='ocrx_word' id='word_1_427' title='bbox 3246 4662 3497 4735; x_wconf 90' lang='lat' dir='ltr'>ctiam</span> <span class='ocrx_word' id='word_1_428' title='bbox 3532 4665 3751 4756; x_wconf 86' lang='lat' dir='ltr'>patet</span> <span class='ocrx_word' id='word_1_429' title='bbox 3782 4677 3912 4753; x_wconf 83' lang='lat' dir='ltr'>per</span> 
     </span>
     <span class='ocr_line' id='line_1_85' title="bbox 2388 4775 3905 4860; baseline -0.005 -12"><span class='ocrx_word' id='word_1_430' title='bbox 2388 4775 2919 4849; x_wconf 72' lang='lat' dir='ltr'>Aristotelem</span> <span class='ocrx_word' id='word_1_431' title='bbox 2995 4779 3061 4849; x_wconf 72' lang='grc'>2.</span> <span class='ocrx_word' id='word_1_432' title='bbox 3166 4782 3643 4860; x_wconf 77' lang='lat' dir='ltr'>Posteriorum,</span> <span class='ocrx_word' id='word_1_433' title='bbox 3763 4787 3905 4845; x_wconf 73' lang='lat' dir='ltr'>text.</span> 
     </span>
     <span class='ocr_line' id='line_1_86' title="bbox 2386 4896 3908 4983; baseline -0.001 -23"><span class='ocrx_word' id='word_1_434' title='bbox 2386 4917 2618 4962; x_wconf 83' lang='lat' dir='ltr'>comm.</span> <span class='ocrx_word' id='word_1_435' title='bbox 2687 4896 2840 4968; x_wconf 72' lang='lat'><strong>104.</strong></span> <span class='ocrx_word' id='word_1_436' title='bbox 2877 4898 2987 4962; x_wconf 74' lang='lat' dir='ltr'>Ex</span> <span class='ocrx_word' id='word_1_437' title='bbox 3009 4898 3321 4983; x_wconf 81' lang='lat' dir='ltr'>pluribus</span> <span class='ocrx_word' id='word_1_438' title='bbox 3358 4897 3654 4964; x_wconf 76' lang='lat' dir='ltr'>sensibus</span> <span class='ocrx_word' id='word_1_439' title='bbox 3689 4897 3764 4981; x_wconf 74' lang='lat' dir='ltr'>fit</span> <span class='ocrx_word' id='word_1_440' title='bbox 3792 4914 3908 4960; x_wconf 78' lang='lat' dir='ltr'>una</span> 
     </span>
     <span class='ocr_line' id='line_1_87' title="bbox 2385 5012 3910 5099; baseline -0.002 -24"><span class='ocrx_word' id='word_1_441' title='bbox 2385 5012 2749 5093; x_wconf 80' lang='lat' dir='ltr'>memoria,·</span> <span class='ocrx_word' id='word_1_442' title='bbox 2819 5034 2903 5077; x_wconf 75' lang='lat' dir='ltr'>ecc</span> <span class='ocrx_word' id='word_1_443' title='bbox 2992 5013 3302 5099; x_wconf 80' lang='lat' dir='ltr'>pluribus</span> <span class='ocrx_word' id='word_1_444' title='bbox 3355 5013 3693 5080; x_wconf 79' lang='lat' dir='ltr'>memoriis</span> <span class='ocrx_word' id='word_1_445' title='bbox 3727 5029 3910 5078; x_wconf 77' lang='lat' dir='ltr'>unum</span> 
     </span>
     <span class='ocr_line' id='line_1_88' title="bbox 2387 5127 3911 5218; baseline -0.002 -26"><span class='ocrx_word' id='word_1_446' title='bbox 2387 5129 2964 5214; x_wconf 69' lang='lat' dir='ltr'>emperimenlum;</span> <span class='ocrx_word' id='word_1_447' title='bbox 3005 5150 3090 5194; x_wconf 62' lang='grc' dir='ltr'>θα)</span> <span class='ocrx_word' id='word_1_448' title='bbox 3115 5130 3424 5216; x_wconf 79' lang='lat' dir='ltr'>pluribus</span> <span class='ocrx_word' id='word_1_449' title='bbox 3463 5127 3911 5218; x_wconf 68' lang='lat' dir='ltr'>experimentis</span> 
     </span>
     <span class='ocr_line' id='line_1_89' title="bbox 2386 5245 3911 5335; baseline -0.001 -26"><span class='ocrx_word' id='word_1_450' title='bbox 2386 5266 2590 5311; x_wconf 79' lang='lat' dir='ltr'>unum</span> <span class='ocrx_word' id='word_1_451' title='bbox 2635 5247 3034 5325; x_wconf 78' lang='lat' dir='ltr'>mziversale‚</span> <span class='ocrx_word' id='word_1_452' title='bbox 3115 5248 3291 5333; x_wconf 78' lang='lat' dir='ltr'>qnod</span> <span class='ocrx_word' id='word_1_453' title='bbox 3358 5260 3452 5314; x_wconf 78' lang='lat' dir='ltr'>est</span> <span class='ocrx_word' id='word_1_454' title='bbox 3527 5245 3911 5335; x_wconf 79' lang='lat' dir='ltr'>principium</span> 
     </span>
     <span class='ocr_line' id='line_1_90' title="bbox 2386 5362 3001 5427; baseline 0.003 -3"><span class='ocrx_word' id='word_1_455' title='bbox 2386 5362 2556 5425; x_wconf 73' lang='lat' dir='ltr'>areis</span> <span class='ocrx_word' id='word_1_456' title='bbox 2596 5370 2656 5426; x_wconf 80' lang='lat' dir='ltr'>ec</span> <span class='ocrx_word' id='word_1_457' title='bbox 2684 5362 3001 5427; x_wconf 73' lang='lat' dir='ltr'>scientim.</span> 
     </span>
    </p>
   </div>
  </div>
 </body>
</html>
