4252 6393
200 3907 227 3956 5

115 4031 123 4040 .
145 3944 273 4022 Quam

108 4044 150 4077 m
203 4049 273 4081 me

110 4094 269 4154 πρίαιτο
289 4110 367 4158 ρε-
389 4115 408 4186 i

109 4166 334 4208 feremur.

274 3969 627 4081 fflmodo
690 3997 1249 4089 generationis
1310 3998 1948 4090 impressionum

1618 372 1623 375 ·
1701 348 2069 423 QUAES‘rlo
2119 346 2223 407 XV
2283 366 2288 373 ¹
2377 364 2383 377 ·
3473 338 3549 401 77

265 569 307 595 ,,
355 513 483 606 qui
514 534 698 586 eum
747 511 1003 584 fuerit
1036 508 1613 582 inflammatus
1667 526 1904 598 appa·

248 674 251 677 -
321 633 473 702 ‘ret
505 628 671 700 alia
703 628 971 710 stella,
1008 632 1090 700 et
1122 625 1237 698 sic
1282 625 1901 714 consequenter,

352 753 649 821 ettune
694 750 1099 840 apparent
1152 745 1427 817 multae
1486 741 1743 814 stellae
1798 741 1908 812 lu·

352 869 617 939 centes
682 865 779 935 ad
835 864 1207 936 invicem.
1270 862 1416 935 Sed
1477 857 1907 951 aliquando

360 981 490 1052 illa
553 980 911 1052 materia
975 982 1100 1051 est
1156 978 1526 1070 dispersa
1580 976 1659 1047 in
1724 973 1910 1045 duo-

356 1098 492 1167 bus
545 1096 816 1186 globis
883 1117 1025 1188 per
1067 1118 1174 1175 se,
1211 1093 1691 1166 continuata
1770 1110 1914 1182 per

358 1199 701 1283 'mediam
744 1210 974 1282 valde
1008 1208 1414 1288 subtilem,
1452 1213 1532 1281 et
1575 1211 1768 1280 tunc
1805 1204 1913 1275 in-

358 1327 776 1399 flammato
842 1346 1001 1396 uno
1072 1324 1405 1395 illorum
1482 1324 1914 1414 globorum

356 1443 917 1515 inflammatur
961 1441 1215 1513 media
1269 1438 1750 1514 intermedia
1794 1458 1915 1507 us·

361 1583 503 1653 que
546 1562 649 1632 ad
712 1560 1141 1651 reliquum,
1193 1564 1273 1633 et
1319 1562 1509 1630 tunc
1573 1557 1918 1648 apparet

360 1675 590 1748 stella
633 1674 948 1746 moveri
978 1672 1275 1746 deloco
1310 1673 1722 1753 adlocum,
1761 1691 1919 1741 non

363 1791 856 1881 transeundo
895 1812 1038 1883 per
1074 1790 1463 1861 medium:
1503 1789 1637 1860 sed
1678 1806 1919 1879 quan·

357 1892 608 2000 doque
658 1906 1008 1979 materia
1030 1911 1155 1979 est
1190 1907 1303 1979 ita
1328 1905 1676 1985 subtili&
1715 1902 1921 1996 quod

355 2026 524 2117 ejus
554 2023 1101 2098 inflammatio
1127 2043 1287 2093 non
1322 2022 1624 2094 sufficit
1659 2041 1922 2092 move-

362 2162 440 2212 re
471 2141 775 2220 visum,
813 2143 893 2212 et
928 2144 1117 2212 tunc
1146 2142 1490 2232 apparet
1528 2126 1923 2211 stellailla

364 2259 795 2330 moveride
831 2257 1010 2328 loco
1037 2257 1427 2329 adlocum
1491 2276 1651 2327 non
1708 2260 1926 2327 tran-

364 2374 667 2446 seundo
714 2394 861 2465 per
887 2372 1258 2444 medium.
1308 2371 1759 2463 Aliquando
1796 2389 1928 2441 au-

364 2495 523 2563 tem
574 2489 932 2562 materia
998 2493 1122 2562 est
1192 2487 1719 2560 uniformiter
1779 2486 1931 2559 dis—

368 2627 608 2698 persa
633 2627 764 2693 sec
779 2606 1069 2676 undum
1094 2604 1337 2694 longu
1353 2625 1452 2684 m,
1481 2607 1561 2676 et
1587 2602 1929 2693 quando-

367 2744 513 2814 que
573 2722 1020 2794 secundum
1075 2741 1431 2801 sursum,
1479 2719 1930 2810 etquando-

364 2861 510 2930 que
555 2839 659 2909 ad
690 2838 934 2918 latus,
972 2840 1052 2908 et
1087 2841 1278 2909 tunc
1324 2839 1669 2927 apparet
1700 2833 1933 2928 quasi

366 2954 655 3027 lancea
691 2953 1044 3024 incensa.

454 3073 576 3142 Ex
628 3070 789 3142 ista
823 3071 1171 3160 apparet
1212 3088 1465 3139 causa
1511 3088 1765 3158 quare
1822 3071 1933 3140 ta-

370 3188 483 3260 les
526 3185 1123 3280 impressiones
1164 3191 1570 3279 apparent
1596 3184 1932 3266 moveri,

368 3303 562 3375 etin
610 3301 968 3374 veritate
994 3321 1152 3372 non
1183 3305 1645 3381 moventur,
1687 3321 1940 3392 quare

372 3420 673 3511 aliquae
711 3418 973 3509 magis
1014 3420 1333 3498 durent,
1364 3423 1443 3491 et
1505 3438 1758 3508 quare
1801 3417 1940 3488 ali-

376 3556 552 3627 quae
601 3533 897 3614 minus,
945 3538 1025 3606 et
1076 3554 1330 3625 quare
1391 3533 1683 3625 aliquae
1755 3538 1943 3606 sunt

379 3651 773 3744 majores,
829 3654 909 3722 et
943 3650 1236 3741 aliquae
1281 3649 1668 3732 minoreS,
1705 3654 1787 3723 et
1828 3649 1945 3722 ita

380 3767 470 3839 de
502 3766 698 3839 aliis
732 3765 1239 3839 differentiis.
1900 3817 1903 3820 -

474 3883 959 3963 Secundum,
1060 3882 1506 3954 notandum
1636 3885 1762 3955 est
1855 3880 1946 3953 de

419 4115 847 4206 gnitarum
909 4136 1084 4207 quae
1130 4115 1334 4186 fiunt
1385 4113 1465 4186 in
1519 4114 1776 4185 media
1831 4135 1947 4185 re-

388 4232 657 4322 gione,
689 4252 865 4322 quae
893 4235 1082 4304 sunt
1103 4230 1432 4313 fulmen,
1459 4231 1943 4311 tonitruum,

385 4351 466 4421 et
515 4347 1169 4429 coruscationes,
1227 4369 1404 4441 quae
1447 4353 1952 4438 generantur

388 4484 536 4555 per
603 4463 813 4535 hunc
876 4464 1222 4546 modum,
1289 4485 1476 4536 nam
1534 4463 1950 4538 exhalatio

388 4580 653 4651 calida
734 4585 814 4652 et
866 4579 1085 4652 sicca
1154 4581 1474 4653 elevata
1545 4602 1796 4673 usque
1858 4582 1952 4652 ad

396 4691 745 4768 mediam
789 4695 1207 4786 regionem
1242 4697 1485 4779 aeris,
1543 4698 1779 4791 eujus
1814 4697 1953 4769 ali-

396 4833 551 4902 qua
596 4831 793 4904 pars
834 4816 1410 4895 estunctuosa,
1459 4814 1773 4888 seilicet
1816 4814 1955 4886 illa

397 4949 570 5018 quae
639 4932 765 5000 est
858 4929 1205 5001 materia
1319 4929 1955 5022 impressionum

400 5044 877 5136 ignitarum,
907 5044 1349 5119 includitur
1383 5045 1462 5116 in
1489 5048 1692 5119 nube
1716 5069 1957 5140 aquo-

404 5182 514 5244 sa,
597 5167 681 5235 et
730 5166 1070 5254 propter
1110 5162 1647 5253 frigiditatem
1725 5165 1958 5236 nubis

404 5277 906 5351 fortificatur
971 5277 1111 5349 illa
1179 5278 1623 5362 exhalatio,
1699 5286 1778 5353 et
1850 5281 1957 5352 in-

407 5395 926 5496 tenditurin
996 5395 1163 5467 suis
1260 5396 1789 5486 qualitatibus
1881 5398 1959 5469 in

414 5512 728 5594 tantum
802 5510 1009 5602 quod
1076 5516 1418 5607 propter
1488 5513 1612 5584 sui
1686 5514 1959 5587 levita·

430 5631 582 5701 tem
647 5631 1024 5701 movetur
1098 5628 1281 5702 hinc
1362 5628 1537 5702 inde
1626 5633 1959 5724 petendo

2017 504 2356 584 exitum,
2411 508 2492 575 et
2551 524 2651 576 ex
2711 502 2850 574 illo
2898 505 3120 574 motu
3173 503 3568 572 causatur

2020 643 2293 701 sonus,
2335 620 2470 713 qui
2503 622 2803 694 dicitur
2850 619 3236 697 tonitrus,
3275 622 3354 690 et
3397 620 3566 688 tan-

2018 737 2195 808 dem
2228 736 2368 808 illa
2410 735 2821 809 exhalatio
2857 734 2971 806 sic
2998 733 3314 823 agitata
3356 731 3572 803 insra

2021 854 2310 924 nubem
2340 857 2678 947 propter
2703 851 3368 925 fortificationem
3396 868 3572 919 sua·

2026 991 2205 1042 rum
2252 970 2740 1061 qualitatum
2775 969 3087 1057 frangit
3135 968 3424 1039 nubem
3496 965 3575 1036 in

2033 1093 2262 1181 parte
2305 1087 2704 1169 inferiori,
2773 1087 2902 1158 ubi
2945 1092 3069 1159 est
3140 1085 3448 1163 debilis,
3495 1088 3575 1155 et

2026 1227 2125 1278 ex
2168 1204 2314 1278 tali
2355 1203 2715 1277 violenta
2754 1203 3156 1277 fractione
3192 1223 3383 1295 pars
3435 1200 3577 1271 illa

2032 1327 2431 1394 unctuosa
2485 1320 3067 1400 inflammatur,
3132 1320 3365 1411 cujus
3420 1318 3576 1391 cla-

2031 1439 2238 1511 ritas
2261 1444 2385 1511 est
2410 1437 2902 1517 coruscatio,
2930 1441 3008 1510 et
3036 1437 3352 1508 residua
3388 1455 3578 1529 pars

2034 1561 2374 1648 propter
2425 1555 2548 1627 sui
2612 1555 3148 1629 subtilitatem
3206 1550 3580 1645 propelli-

2033 1676 2174 1745 tur
2238 1673 2644 1752 deorsum,
2717 1675 2797 1743 et
2865 1670 3336 1761 quandoque
3418 1688 3583 1759 prae

2033 1788 2288 1861 nimia
2364 1786 2781 1860 caliditate
2816 1787 2894 1858 in
2956 1789 3324 1858 rematur
3394 1783 3584 1855 illud

2037 1924 2283 1995 super
2352 1903 2557 1994 quod
2599 1901 2837 1984 cadit,
2885 1905 2972 1974 ut
3010 1905 3289 1993 postea
3348 1920 3586 1990 appa·

2041 2019 2271 2091 rebit.

2124 2135 2422 2208 Deinde
2480 2136 2889 2209 sciendum
2948 2136 3039 2207 de
3086 2133 3315 2206 modo
3357 2152 3584 2223 gene-

2043 2252 2456 2326 rationum
2563 2253 3195 2345 impressionum
3300 2253 3587 2344 ignita-

2042 2391 2251 2450 rum,
2298 2390 2471 2464 quae
2548 2371 2751 2443 fiunt
2793 2370 2875 2442 in
2918 2370 3291 2442 inferiori
3333 2369 3596 2460 regio-

2044 2511 2141 2561 ne
2210 2488 2452 2568 aeris,
2528 2492 2607 2561 et
2691 2487 2896 2561 tales
2959 2491 3147 2559 sunt
3195 2487 3589 2579 duplices;

2046 2627 2233 2678 nam
2295 2606 2659 2698 quaedam
2743 2608 3246 2694 generantur
3325 2604 3594 2676 imme·

2044 2723 2257 2794 diate
2320 2720 2766 2793 submedia
2837 2717 3208 2811 regione,
3244 2724 3330 2793 ut
3392 2720 3596 2793 satis

2051 2858 2302 2930 prope
2350 2862 2363 2918 ;
2410 2841 2491 2910 et
2531 2836 2711 2907 aliae
2780 2836 2910 2910 hic
2972 2835 3319 2908 inferius
3374 2837 3598 2909 eirea

2049 2975 2222 3026 nos.
2291 2954 2571 3026 Modus
2668 2954 3228 3043 generationis
3309 2953 3598 3026 talium

2050 3075 2174 3143 est
2229 3071 2406 3150 iste,
2473 3070 2662 3160 quia
2719 3069 3133 3142 exhalatio
3204 3070 3462 3151 calida
3519 3075 3600 3143 et

2052 3187 2295 3269 sicca,
2333 3186 2811 3278 aliqualiter
2841 3191 3241 3260 unctuosa
3281 3186 3601 3260 elevata

2054 3305 2431 3397 superius
2503 3303 2775 3376 obviat
2844 3303 3280 3394 frigiditati
3328 3303 3602 3375 mediae

2060 3422 2415 3512 regionis
2451 3420 2602 3492 sibi
2644 3420 3114 3501 contrariae,
3163 3441 3208 3490 a
3252 3440 3407 3511 qua
3439 3419 3603 3492 vio-

2056 3538 2320 3611 lenter
2366 3538 2860 3631 propellitur
2919 3537 3328 3617 deorsum,
3385 3540 3603 3609 etex

2057 3655 2203 3729 tali
2276 3654 2802 3747 propulsione
2861 3653 3223 3728 violenta
3264 3653 3604 3724 inferius

2057 3770 2471 3845 exhalatio
2571 3770 2714 3843 illa
2817 3769 3401 3850 inflammatur,
3525 3774 3606 3844 et

2062 3887 2534 3979 quandoque
2585 3891 2989 3979 apparent
3022 3885 3606 3978 impressiones

2063 4002 2366 4092 ignitae,
2451 4003 2927 4094 quandoque
3008 4001 3264 4075 stellae
3332 4003 3608 4075 eaden-

2062 4124 2209 4200 teS‚
2267 4119 2699 4210 aliquando
2761 4120 2941 4198 aliae
2996 4121 3606 4213 impressiones.

2064 4239 2166 4308 Et
2197 4256 2296 4307 ex
2322 4235 2477 4309 isto
2514 4237 2769 4312 reddit
2801 4238 3289 4312 Aristoteles
3325 4239 3403 4309 in
3429 4260 3613 4329 qua-

2062 4352 2243 4436 dam
2297 4352 2665 4445 Epistola
2708 4354 2803 4426 ad
2835 4355 3383 4427 Alexandrum
3433 4376 3614 4427 cau-

2066 4489 2241 4540 sam
2326 4469 2745 4559 cujusdam
2832 4471 3361 4563 apparentiae,
3442 4491 3616 4563 quae

2066 4585 2217 4657 sibi
2294 4586 2817 4677 contingebat
2890 4588 2970 4659 in
3043 4588 3331 4660 India:
3417 4590 3620 4661 unde

2067 4703 2526 4775 Alexandro
2562 4705 2643 4775 et
2666 4702 3065 4776 exercitui
3107 4726 3250 4776 suo
3285 4726 3619 4798 appare-

2066 4820 2229 4901 bat,
2268 4819 2473 4910 quod
2535 4817 2747 4908 ignis
2807 4819 3099 4893 flueret
3146 4841 3390 4912 super
3451 4842 3615 4901 eos,

2070 4939 2345 5008 tamen
2387 4933 2764 5007 scintillae
2826 4934 3036 5024 ignis
3091 4955 3252 5005 non
3304 4935 3621 5007 deseen-

2069 5050 2358 5123 debant
2401 5049 2517 5123 ita
2551 5050 2914 5130 inferius,
2963 5051 3167 5142 quod
3201 5073 3339 5123 eos
3383 5054 3621 5127 attin·

2074 5166 2420 5270 gehant3
2465 5170 2727 5240 Causa
2792 5171 2998 5248 erat,
3066 5168 3252 5259 quia
3287 5175 3627 5263 propter

2076 5282 2672 5355 multitudinem
2743 5281 3188 5367 hominum,
3254 5291 3332 5359 et
3398 5288 3623 5360 eada-

2075 5420 2385 5480 verum,
2488 5400 2622 5490 qui
2713 5405 2949 5472 erant
3048 5400 3126 5471 in
3225 5404 3619 5488 exercitu,

3615 2242 3624 2252 ι

3741 2259 3788 2306 6.

3668 2318 3936 2373 Quomodo

3620 2384 3678 2432 in
3707 2384 3912 2447 inferio
3923 2413 3938 2425 ·

3619 2450 3674 2498 ri
3704 2450 3936 2513 reqione.

2078 5515 2353 5587 multae
2380 5514 2944 5589 exhalationes
2986 5515 3326 5608 pingues
3369 5520 3622 5594 eleva·
3683 5590 3690 5594 .

2074 5632 2372 5706 bantur
2406 5653 2757 5716 sursum,
2796 5654 2970 5725 quae
3032 5633 3448 5707 obviantes
3483 5637 3618 5711 fri-
