4252 6393
147 3162 202 3215 16.

55 4438 62 4447 -
51 4382 58 4415 -·
51 4130 64 4369 *u—-·--
53 4090 68 4107 d·

87 5280 143 5326 Aa
169 5298 314 5338 nume·

93 5354 148 5389 ms
167 5351 302 5399 addae

122 5407 174 5453 ali
201 5414 278 5460 m'd

111 5480 168 5514 rm
186 5488 208 5517 e
229 5477 301 5523 rei

107 5540 287 5583 ”usnem-

165 5603 230 5644 Μ’.

1652 397 2018 476 QUAESTIO
2065 399 2202 462 xv!

325 562 516 646 Quia
587 583 821 637 omne
889 561 1387 642 continuum,
1473 562 1862 652 quantum

322 687 438 755 est
475 704 574 756 ex
638 687 872 776 parte
929 702 1099 763 sua,
1162 686 1444 755 natum
1504 683 1629 753 est
1687 698 1865 750 esse

327 819 591 881 unum,
653 803 733 872 et
797 798 1503 890 una'magnitudo‚
1567 799 1648 868 et
1709 813 1867 866 una

323 916 842 998 continuitas,
917 915 1075 987 nisi
1141 920 1358 989 esset
1429 912 1864 986 diversitas

322 1033 774 1104 formarum
815 1030 1491 1122 distinguentium
1529 1053 1542 1096 ε
1580 1031 1661 1101 ct
1694 1027 1866 1099 idco

323 1170 706 1221 numerus
769 1147 1131 1221 omnium
1192 1143 1662 1239 corporum,
1729 1165 1866 1216 scu

323 1264 982 1358 corruptibilium
1052 1286 1186 1337 seu
1292 1260 1868 1354 incorruptibi-

326 1382 543 1460 lium,
619 1379 982 1472 procedit
1017 1399 1114 1449 cx
1173 1377 1571 1451 divisione
1630 1376 1868 1449 unius

325 1496 888 1591 potentialiter
928 1496 1253 1588 sumpti.
1312 1498 1486 1567 Imo
1529 1515 1689 1568 non
1730 1494 1869 1568 dif-

323 1613 479 1689 l'ert
523 1614 793 1687 unitas
826 1613 1018 1686 talis
1063 1631 1110 1683 a
1151 1632 1520 1693 numero,
1571 1616 1651 1686 ct
1692 1612 1871 1704 ejus

323 1731 804 1813 unitatibus,
886 1730 1044 1803 nisi
1116 1729 1326 1802 sicut
1407 1729 1724 1802 unitum
1792 1730 1871 1800 et

323 1852 921 1940 congregatum
957 1866 1002 1916 a
1044 1847 1301 1919 diviso
1343 1850 1423 1919 et
1463 1845 1872 1936 disgrega-

325 1968 429 2044 to,
479 1964 916 2036 secundum
951 1962 1157 2054 quod
1195 1961 1393 2035 dicit
1427 1960 1759 2032 Boetius
1794 1961 1875 2026 de

328 2083 593 2148 Unitale
652 2093 712 2148 et
784 2082 950 2160 Une,
1024 2103 1171 2168 cap.
1242 2080 1308 2149 2.
1381 2078 1726 2165 Quidquid
1783 2089 1875 2144 cst

324 2195 672 2287 (inquit,)
713 2200 818 2265 vel
855 2218 1089 2277 unum,
1135 2197 1240 2263 vel
1265 2197 1634 2283 pluralitas
1666 2221 1686 2259 .·
1717 2195 1874 2281 plu-

325 2317 563 2382 ralitas
592 2326 813 2381 autem
853 2337 986 2381 non
1036 2326 1153 2394 esc,
1199 2314 1338 2380 nisi
1384 2335 1469 2379 ex
1516 2334 1876 2399 conqreqa-

327 2434 502 2499 tione
559 2435 938 2511 unitatum,
1012 2452 1156 2517 quoe
1224 2432 1537 2505 ιιηίιαιεε,
1601 2439 1671 2493 ue
1726 2437 1879 2494 sunt

323 2549 722 2636 disqreqatae
748 2603 762 2628 ‚
842 2549 1105 2633 faciunt
1171 2545 1669 2613 multitudinem
1743 2566 1757 2609 ε
1817 2545 1881 2610 si

325 2688 475 2733 vero
505 2669 644 2732 sint
684 2676 1098 2752 conqreqatoe
1138 2666 1209 2730 in
1249 2665 1535 2730 materia
1566 2673 1626 2728 ec
1666 2661 1879 2727 conli-

324 2804 480 2863 nu0‚
547 2785 814 2867 faciunt
860 2780 1394 2869 maqniludinem
1444 2806 1465 2845 .·
1518 2775 1879 2867 nihilque

328 2898 699 2978 interest,
771 2895 926 2967 nisi
999 2895 1204 2987 quod
1260 2894 1417 2966 illae
1468 2893 1879 2984 disgrega-

329 3017 425 3086 tae
469 3015 660 3085 sunt
737 3010 900 3084 isto
946 3010 1181 3082 modo
1222 3008 1656 3082 continuae.

369 3131 498 3205 Sic
528 3147 727 3221 ergo
753 3147 1170 3208 numerus,
1211 3125 1343 3218 qui
1369 3128 1493 3199 est
1527 3145 1622 3196 ex
1647 3143 1882 3216 gene-

331 3268 412 3320 re
432 3243 1345 3340 qua.ntitatis,oriturex
1372 3243 1686 3315 unitate
1702 3259 1882 3312 con-

327 3363 736 3437 tinuitatis
761 3363 1114 3454 acceptoe
1149 3360 1228 3431 in
1261 3358 1652 3452 potentia,
1722 3376 1884 3429 non

330 3480 442 3553 sic
487 3477 1017 3569 intelligendo
1060 3496 1490 3547 numerum
1537 3473 1742 3546 oriri
1785 3493 1884 3544 ex

331 3596 489 3667 ista
523 3594 864 3673 unitate,
904 3591 1136 3684 quasi
1181 3591 1258 3663 in
1292 3589 1884 3664 constitutione

328 3709 673 3790 numeri,
715 3709 854 3780 illa
887 3708 1187 3788 unitas,
1228 3727 1274 3777 a
1307 3726 1464 3798 qua
1497 3726 1883 3777 numerus

332 3826 572 3899 habet
608 3829 911 3925 ortum,
960 3823 1228 3915 primo
1264 3822 1766 3914 accipiatur;
1806 3822 1885 3892 et

329 3942 605 4014 deinde
648 3940 769 4012 illi
821 3940 978 4013 toti
1022 3938 1316 4012 unitati
1360 3938 1524 4010 alia
1563 3938 1888 4009 diversa

332 4059 605 4131 unitas
647 4056 1011 4135 addatur,
1052 4057 1138 4127 ut
1181 4054 1322 4126 {iat
1363 4053 1756 4132 binarius,
1807 4055 1886 4124 et

334 4176 444 4248 sic
510 4173 890 4264 deinceps
953 4191 1098 4264 per
1158 4190 1557 4241 novarum
1628 4169 1885 4242 unita-

335 4295 532 4371 tum,
610 4308 784 4379 quae
844 4307 1004 4357 non
1076 4285 1404 4358 fuerunt
1477 4285 1551 4356 in
1622 4284 1889 4377 prima

340 4408 678 4485 unitate,
726 4396 1247 4483 add'itionelm
1296 4401 1427 4472 sed
1482 4400 1668 4491 quia
1729 4399 1889 4493 pri-

343 4543 469 4595 ma
503 4522 782 4595 unitas
834 4518 1429 4600 continuitatis,
1489 4538 1662 4609 quae
1705 4522 1887 4591 crat

341 4657 498 4710 una
543 4639 622 4709 in
665 4658 750 4708 se
785 4639 996 4717 actu,
1031 4635 1159 4706 vel
1206 4634 1580 4714 materia,
1624 4633 1888 4725 prima

339 4755 760 4834 divisione,
808 4752 897 4825 fit
954 4752 1132 4833 due,
1181 4750 1526 4823 secunda
1566 4749 1887 4821 divisio-

342 4894 437 4946 ne
469 4875 560 4949 fit
613 4873 853 4966 plura
898 4895 913 4938 :
958 4874 1038 4943 et
1091 4869 1205 4941 sic
1247 4867 1654 4960 accipitur
1702 4867 1889 4940 talis

345 5009 730 5062 numerus
775 4986 853 5057 in
905 4984 1335 5065 infinitum,
1397 5004 1538 5076 per
1570 4983 1890 5056 divisio-

345 5129 524 5183 nem
565 5107 854 5202 primae
899 5102 1264 5182 unitatis,
1312 5123 1446 5173 seu
1495 5101 1890 5174 continui-

349 5225 568 5300 tatis,
1555 5222 1560 5225 ’

434 5343 700 5435 Igitur
748 5360 845 5413 ex
890 5336 1300 5431 praedictis
1372 5338 1619 5428 patet,
1688 5335 1893 5427 quod

351 5460 537 5534 talis
568 5476 958 5531 numerus
992 5474 1088 5524 ex
1122 5452 1516 5524 divisione
1554 5451 1892 5525 unitatis

347 5574 702 5648 continui
739 5590 1109 5661 surgens,
1145 5567 1449 5639 nullam
1490 5589 1658 5639 reni
1689 5568 1893 5660 posi·

3467 401 3585 466 575

1978 560 2233 634 tivam
2268 562 2480 637 addit
2523 583 2769 655 super
2825 561 3083 655 ipsam
3125 563 3521 636 unitatem

1978 679 2576 761 continuitatis,
2622 698 2669 750 a
2720 700 2876 772 qua
2934 680 3093 752 illae
3164 678 3522 753 unitates

1979 801 2408 867 num‘erum
2442 796 3060 877 constituentes,
3111 797 3520 871 oriuntur.

1980 911 2145 982 Nec
2204 910 2560 985 discreta
2620 912 3061 1005 quantitas,
3129 913 3340 987 sicut
3391 933 3527 985 nu-

1982 1045 2258 1098 merus
2301 1026 2380 1098 in
2427 1049 2723 1121 genere
2767 1029 3281 1120 quantitatiS,
3334 1030 3530 1103 dicit

1983 1142 2341 1235 aliquam
2378 1143 2733 1217 formam
2772 1145 3237 1238 positivam,
3284 1146 3529 1217 aliam

1983 1278 2029 1329 a
2079 1258 2347 1332 forma
2399 1262 2992 1337 continuitatis.
3048 1265 3152 1336 Ut
3207 1262 3273 1335 si
3324 1264 3531 1336 dica-

1985 1396 2198 1458 mus,
2274 1379 2478 1469 quod
2545 1379 3022 1453 continuum
3092 1385 3173 1453 et
3239 1379 3531 1453 discre-

1983 1496 2155 1566 tum
2192 1495 2453 1566 solum
2486 1495 2867 1571 differunt
2902 1498 3334 1570 secundum
3371 1519 3534 1568 res-

1986 1615 2332 1703 pectum,
2400 1613 2568 1685 sive
2624 1615 3058 1687 secundum
3120 1615 3371 1687 alium
3453 1619 3532 1688 et

1986 1727 2236 1800 alium
2316 1729 2677 1801 ordinem
2740 1730 3100 1822 partium
3152 1731 3366 1805 inter
3417 1752 3527 1812 se,

1986 1849 2072 1919 ut
2136 1850 2359 1938 patet
2411 1846 2488 1917 in
2543 1848 2969 1940 praemissa
3029 1847 3531 1922 auctoritate

1986 1962 2295 2043 Boetii;
2389 1963 2577 2055 quia
2659 1969 2935 2057 partes
3035 1966 3356 2038 numeri
3446 1968 3531 2038 ut

1987 2079 2495 2155 constituant
2614 2081 3015 2156 unitatem
3138 2081 3529 2162 continui,

1990 2198 2384 2270 uniuntur
2440 2203 2521 2272 et
2579 2199 3073 2291 copulantur
3134 2200 3228 2272 ad
3289 2218 3533 2270 unum

1988 2331 2502 2384 communem
2565 2314 3006 2386 terminum
3051 2341 3065 2384 :
3115 2313 3195 2384 in
3244 2313 3538 2386 discre-

1989 2429 2074 2500 to
2134 2448 2332 2500 vero
2390 2449 2550 2500 non
2615 2429 3028 2512 uniuntur,
3091 2450 3234 2503 nec
3303 2451 3538 2523 copu-

1990 2546 2271 2618 lantur
2338 2546 2431 2617 ad
2484 2566 2728 2619 unum
2800 2567 3311 2619 communem
3380 2551 3538 2621 ter·

1993 2662 2328 2735 minum.
2382 2664 2482 2735 Et
2523 2662 2675 2737 hoc
2720 2665 2952 2756 quod,
3031 2665 3348 2738 scilicet
3380 2683 3541 2736 non

1992 2780 2408 2862 uniantur,
2462 2780 2591 2852 vel
2630 2780 3118 2873 copulentur
3159 2782 3252 2852 ad
3294 2802 3539 2853 unum

1993 2916 2508 2969 communem
2554 2897 3021 2979 terminum,
3057 2917 3218 2969 non
3258 2917 3541 2971 conve-

1995 3013 2113 3085 nit
2189 3013 2548 3086 discreto
2623 3035 2725 3085 ex
2809 3019 3109 3088 natura
3196 3015 3542 3107 alicujus

1997 3129 2354 3221 positivi,
2429 3128 2633 3221 quod
2703 3130 2915 3204 addit
2984 3149 3235 3223 supra
3293 3131 3543 3206 conti·

1995 3266 2271 3328 nuum,
2361 3246 2492 3319 sed
2557 3244 2825 3338 potius
2885 3267 2984 3319 ex
3042 3254 3343 3321 natura
3385 3248 3542 3341 pri-

1996 3362 2278 3435 vativi.

2086 3482 2207 3550 Ex
2277 3500 2432 3571 quo
2517 3481 2763 3571 patet,
2848 3480 3055 3569 quod
3132 3479 3546 3570 quantitas

1999 3594 2363 3668 continui
2406 3595 2484 3666 in
2522 3595 2640 3668 rei
2689 3595 3041 3669 veritate
3088 3596 3265 3689 plus
3310 3596 3546 3668 habet

1997 3712 2088 3783 (le
2150 3712 2517 3793 entitate,
2594 3732 2835 3803 quam
2892 3712 3306 3786 discreta:
3364 3713 3552 3805 quia

1998 3848 2412 3909 numerus,
2453 3831 2537 3900 ut
2566 3832 2688 3900 est
2716 3829 3130 3919 quantitas
3163 3828 3281 3901 dis
3341 3833 3546 3910 reta,

2000 3962 2157 4014 non
2217 3949 2367 4026 est,
2441 3965 2585 4017 nec
2648 3943 2994 4036 intelligi
3049 3948 3317 4038 potest
3379 3943 3549 4017 sine

2002 4059 2463 4152 privatione
2504 4061 2891 4143 continui,
2941 4062 3129 4154 quia
3160 4082 3547 4133 numerus

1999 4176 2205 4250 nihil
2274 4178 2487 4250 addit
2543 4199 2795 4272 supra
2835 4178 3333 4261 continuum,
3391 4178 3551 4251 nisi

1999 4294 2515 4385 negationem
2595 4295 2996 4379 continui,
3082 4318 3218 4370 seu
3301 4297 3552 4369 alium

2005 4415 2492 4504 respectum,
2552 4414 2686 4505 qui
2737 4419 2861 4489 est
2904 4416 3176 4508 potius
3224 4414 3554 4509 privati-

2000 4550 2177 4612 vus,
2216 4548 2454 4620 quam
2496 4530 2924 4622 positivus.

2570 4728 2978 4786 SCHOLIUM.

2076 4906 2379 4960 Numeros
2402 4905 2674 4962 invicem
2707 4905 2967 4964 differre
2997 4912 3226 4982 specie,
3250 4911 3423 4970 docet
3459 4914 3561 4970 hic

2003 5003 2217 5058 Scotus
2250 5016 2363 5072 per
2398 5004 2692 5073 maJorem
2727 5005 2827 5060 vel
2884 5007 3187 5063 minorem
3239 5024 3557 5067 aceessum

2003 5100 2080 5156 ad
2134 5101 2457 5167 unitatem,
2517 5116 2551 5156 a
2608 5118 2729 5174 qua
2795 5102 3227 5177 originantur3
3296 5114 3357 5165 et
3413 5111 3562 5179 quia

1995 5199 2175 5268 Juxta
2226 5198 2666 5269 Philosophum
2690 5202 2746 5256 8.
2809 5202 3077 5273 Metapb.
3112 5207 3259 5261 text.
3297 5207 3381 5261 10.
3435 5208 3562 5264 sor-

2004 5309 2120 5353 mae
2145 5302 2290 5353 sunt
2331 5298 2494 5355 sicut
2523 5300 2795 5366 numeri,
2829 5300 2930 5356 vel
2965 5304 3212 5359 numeri
3245 5305 3408 5362 sicut
3434 5305 3564 5363 sor-

2006 5409 2143 5461 mae‚
2178 5393 2485 5466 quidquid
2516 5394 2769 5453 additur
2820 5413 3080 5455 numero
3109 5402 3557 5472 praeexistenli,

2004 5490 2168 5561 quod
2200 5496 2413 5548 natum
2446 5497 2537 5549 est
2567 5508 2701 5550 csse
2732 5509 2877 5565 pars
2910 5499 3182 5565 numeri,
3216 5500 3317 5555 vel
3350 5499 3560 5557 detra-

2007 5590 2181 5646 hitur
2238 5606 2269 5646 a
2322 5607 2602 5659 numero,
2635 5592 2798 5665 quod
2847 5595 2911 5650 in
2971 5610 3042 5652 oo
3098 5598 3556 5669 praeexistebat,
