4252 6393
32 2438 43 2575 ὲ

1674 413 2031 493 QUAESTIO
2077 414 2239 478 xxll
3459 412 3578 477 697

377 608 534 663 non
581 586 855 660 differt
926 584 1004 658 in
1043 603 1138 654 eo
1207 606 1340 651 esse
1393 583 1474 652 et
1541 576 1920 660 essentia,

380 707 586 780 sicut
621 725 766 777 nee
812 704 889 776 in
947 704 1161 782 Deo;
1227 702 1305 772 et
1373 698 1485 772 ita
1537 696 1605 770 si
1654 694 1925 769 differt

378 822 812 897 seeundum
878 844 1033 903 esse,
1121 816 1391 890 differt
1491 812 1925 886 secundum

377 940 842 1015 essentiam.

468 1059 696 1137 Item,
763 1054 974 1128 sicut
1035 1073 1119 1124 se
1177 1050 1472 1123 habent
1528 1066 1927 1119 mensurae

378 1175 474 1247 ad
516 1173 887 1253 invicem,
937 1170 1053 1243 sic
1104 1190 1187 1241 se
1233 1167 1525 1238 habent
1598 1162 1927 1239 termini

381 1308 981 1370 mensurarum,
1029 1290 1117 1359 ut
1192 1284 1401 1357 sieut
1466 1285 1783 1373 tempus
1834 1279 1929 1352 ad

380 1407 702 1490 lineam,
778 1406 891 1479 ita
953 1407 1266 1477 instans
1322 1401 1417 1472 ad
1468 1404 1854 1493 punctum
1908 1426 1922 1470 :

377 1545 574 1617 ergo
609 1524 819 1598 sicut
865 1542 1266 1596 mensurae
1303 1520 1480 1593 istae
1513 1521 1684 1591 tres
1716 1516 1928 1590 diffe-

382 1648 571 1717 runt
642 1642 1075 1717 secundum
1138 1637 1603 1719 essentiam,
1677 1636 1792 1708 ita
1850 1637 1928 1707 et

377 1760 738 1834 termini.

473 1880 712 1961 Item,
791 1900 971 1946 mmo
1045 1873 1539 1949 aeternitatis
1619 1893 1930 1945 corres-

383 1995 672 2086 pondet
717 2014 863 2086 pro
926 2011 1308 2064 mensura
1361 1990 1513 2083 ipsi
1553 1988 1929 2061 essentiae

379 2129 525 2201 per
584 2108 940 2201 aliquem
988 2108 1311 2180 modurn
1359 2128 1522 2179 suae
1584 2105 1928 2178 existen-

378 2226 514 2300 tiae
558 2254 573 2297 :
625 2227 758 2300 sed
790 2248 934 2299 nee
984 2247 1139 2307 res,
1179 2246 1324 2297 nec
1360 2224 1640 2296 modus
1683 2227 1807 2297 est
1852 2222 1930 2294 in

378 2346 573 2425 Deo,
642 2343 830 2434 quin
888 2342 1211 2415 differat
1280 2339 1835 2413 essentialiter
1884 2358 1930 2411 a

386 2482 495 2541 re,
542 2465 622 2534 et
687 2461 917 2533 mo'o
968 2459 1403 2552 cujuslibet
1462 2462 1867 2532 creaturae
1911 2485 1924 2527 ε

383 2599 583 2671 ergo
622 2577 1013 2652 instantia
1052 2577 1429 2650 differunt
1464 2577 1930 2650 necessario

387 2696 821 2769 secundum
864 2694 1329 2768 essentiam.

480 2816 713 2894 Item,
759 2813 826 2885 si
864 2813 1066 2885 idem
1099 2836 1275 2880 necne
1318 2812 1753 2883 secundum
1817 2833 1932 2882 es-

387 2932 733 3006 sentiam
808 2930 1186 3004 differens
1265 2931 1699 3001 secundum
1774 2955 1929 3015 esse,

384 3055 525 3124 aut
565 3049 832 3123 differt
894 3050 1327 3121 secundum
1370 3071 1503 3116 esse
1571 3046 1936 3121 substan·

380 3167 603 3251 tiale‚
643 3171 784 3242 aut
817 3165 1343 3241 accidentale:
1370 3169 1696 3240 constat
1731 3167 1935 3258 quod

384 3309 544 3360 non
580 3288 1014 3361 secundum
1039 3311 1170 3356 esse
1193 3286 1710 3368 accidentale,
1746 3286 1935 3377 quia

385 3404 591 3496 quod
623 3407 749 3477 est
791 3402 1522 3495 simplicissimum,
1575 3405 1660 3476 ut
1690 3405 1931 3484 Deus,

384 3543 544 3595 non
576 3526 702 3596 est
734 3521 1083 3615 alicujus
1138 3519 1573 3593 accidentis
1625 3541 1938 3613 suscep-

383 3638 684 3719 tivum;
757 3657 956 3730 ergo
998 3662 1173 3707 mmo
1224 3636 1718 3710 aeternitatis
1778 3658 1939 3710 non

385 3756 653 3830 differt
717 3756 814 3827 ab
864 3755 1051 3827 aliis
1096 3779 1272 3824 mmo
1334 3754 1767 3827 Secundum
1808 3780 1940 3825 csse

388 3873 908 3955 accidentale,
967 3873 1156 3964 quia
1218 3876 1408 3945 tunc
1470 3878 1684 3945 esset
1739 3873 1940 3945 aeci-

386 3991 577 4063 dens
624 4018 635 4061 :
675 4009 874 4081 ergo
912 3990 977 4062 si
1011 3989 1281 4062 differt
1316 3991 1747 4062 seeundum
1780 4015 1933 4074 esse,

386 4107 654 4181 differt
697 4107 1128 4180 secundum
1171 4130 1302 4174 esse
1361 4105 1935 4188 substantiale;

391 4225 824 4298 seeundum
874 4247 1007 4291 esse
1076 4222 1610 4295 substantiale
1679 4224 1941 4295 varia-

391 4348 528 4417 tur
561 4340 1051 4423 substantia,
1089 4360 1288 4430 ergo
1324 4364 1498 4409 neme
1527 4342 1943 4413 {eternita-

393 4461 498 4535 tis
559 4481 717 4533 non
780 4461 1052 4551 potest
1103 4458 1430 4530 differre
1473 4478 1518 4528 a
1578 4481 1753 4527 nunc
1792 4458 1942 4529 aevi

390 4581 468 4650 et
539 4575 932 4670 temporis
1007 4576 1442 4648 secundum
1504 4595 1679 4646 esse
1768 4576 1942 4646 sub-

394 4691 802 4774 stantiale,
850 4692 1042 4784 quin
1085 4691 1181 4763 ab
1224 4689 1423 4783 ipsis
1466 4690 1788 4763 differat
1824 4712 1943 4763 se-

300 4801 305 4805 ’
394 4808 735 4880 cundum
771 4807 1342 4882 substantiam.

488 4927 714 5005 Item,
749 4924 901 4996 duo
939 4922 1341 4995 individua
1374 4923 1729 5014 ejusdem
1768 4943 1943 5015 spe-

395 5038 569 5121 ciei,
645 5042 730 5111 ut
813 5041 1197 5112 Socrates
1259 5039 1336 5109 et
1424 5037 1680 5117 Plato,
1758 5041 1944 5110 sunt

398 5152 600 5227 idem
664 5156 742 5227 in
813 5154 1195 5238 essentia,
1250 5158 1330 5227 et
1384 5153 1767 5228 differunt
1831 5176 1943 5226 se-

396 5271 738 5344 cundum
777 5295 912 5341 esse
952 5270 1446 5344 accidentale
1502 5299 1513 5340 :
1583 5293 1676 5363 qu
1696 5271 1767 5343 ia
1811 5291 1946 5342 au-

397 5394 558 5463 tem
599 5388 800 5461 talia
844 5393 1032 5462 sunt
1075 5389 1280 5460 idem
1337 5389 1415 5460 in
1468 5389 1759 5481 specie,
1822 5409 1945 5459 ea-

395 5503 567 5575 dem
603 5523 985 5577 mensura
1046 5509 1650 5585 mensurantur,
1698 5506 1777 5577 et
1809 5525 1946 5575 nu-

400 5638 620 5691 mero
664 5619 746 5692 in
785 5620 1061 5693 eodem
1124 5639 1417 5711 genere
1463 5648 1475 5689 :
1545 5641 1718 5712 quae
1789 5642 1947 5692 non

2041 579 2380 670 possunt
2413 573 2849 648 convenire
2871 596 3046 643 nunc
3069 570 3585 655 aeternitatis,

2039 700 2117 769 et
2181 693 2355 774 aevi,
2402 696 2478 766 et
2525 691 2948 785 temporis,
2997 690 3186 783 quia
3227 690 3420 765 illud
3466 694 3588 765 est

2041 810 2664 904 incorruptibile
2733 812 2946 891 actu,
3019 811 3097 881 et
3177 808 3584 902 potentia;

2042 932 2203 1004 ista
2246 933 2520 1002 autem
2582 930 2770 1001 sunt
2810 924 3408 1018 corruptibilia,
3461 926 3588 999 vel

2041 1053 2254 1130 actu,
2305 1050 2392 1121 ut
2448 1068 2623 1116 nunc
2660 1042 3103 1137 temporis;
3145 1043 3273 1116 vel
3316 1046 3588 1137 poten-

2042 1168 2184 1248 tia,
2224 1168 2309 1238 ut
2374 1188 2550 1235 nunc
2589 1163 2740 1236 aevi
2802 1189 2815 1232 :
2865 1160 3403 1254 corruptibile
3457 1181 3590 1233 au·

2040 1289 2208 1361 tem
2241 1287 2317 1357 et
2366 1280 2988 1374 incorruptibile
3037 1280 3419 1353 differunt
3471 1300 3590 1352 se-

2042 1402 2385 1476 cundum
2446 1420 2723 1491 genus,
2772 1402 2859 1472 ut
2909 1398 2985 1470 in
3044 1396 3198 1470 fine
3241 1400 3349 1473 10.
3395 1400 3593 1466 Meca-

2035 1525 2232 1610 phy3.
2279 1533 2437 1589 tem.
2484 1542 2647 1587 com.
2688 1518 2800 1589 26.
2836 1516 3161 1591 dicitur.

2137 1641 2364 1720 Item,
2439 1635 2807 1729 quamvis
2871 1635 3077 1708 idem
3125 1655 3426 1727 corpus
3478 1654 3593 1706 se-

2041 1757 2386 1829 cundum
2418 1754 2859 1828 essentiam
2892 1752 3152 1847 possit
3182 1774 3358 1825 esse
3389 1753 3592 1826 dela-

2044 1877 2244 1956 tum,
2317 1879 2397 1947 et
2465 1893 2627 1945 non
2693 1872 3074 1955 delatum,
3141 1875 3455 1946 motum
3512 1876 3593 1945 et

2043 2012 2206 2064 non
2296 1992 2633 2073 motum,
2745 1993 3019 2064 tamen
3088 1985 3593 2082 impossibile

2042 2111 2192 2189 est,
2241 2109 2325 2178 ut
2389 2106 2590 2179 idem
2652 2124 2951 2197 corpus
2995 2103 3429 2177 secundum
3478 2125 3594 2175 es-

2045 2223 2393 2297 sentiam
2427 2222 2508 2295 in
2552 2242 2698 2296 suo
2750 2246 2883 2291 esse
2915 2221 3022 2295 sit
3057 2219 3467 2302 mutabile,
3513 2224 3592 2293 et

2043 2360 2205 2411 non
2240 2338 2651 2421 mutabile,
2688 2338 2941 2411 fluens
2974 2341 3053 2410 et
3096 2340 3348 2410 stans.
3395 2340 3593 2411 Cum

2042 2476 2242 2547 ergo
2304 2456 2759 2549 temporale
2807 2459 2886 2529 et
2954 2455 3436 2529 aeviternum
3495 2453 3595 2526 si-

2048 2579 2212 2650 mul
2257 2577 2442 2659 sint,
2491 2575 2828 2660 seilicet,
2876 2576 3079 2649 idem
3113 2580 3238 2650 est
3279 2574 3593 2650 instans

2045 2714 2331 2766 eorum
2437 2693 2870 2765 secundum
2954 2690 3432 2773 essentiam;
3515 2694 3595 2763 et

2047 2810 2255 2882 idem
2299 2809 2538 2882 simul
2574 2810 2651 2880 et
2687 2807 3122 2881 secundum
3155 2806 3596 2881 essentiam

2046 2930 2171 3001 est
2217 2924 2604 3000 mutabile
2674 2929 2753 2998 et
2817 2923 3348 3006 immutabile,
3422 2944 3596 2997 cor-

2050 3042 2433 3136 ruptibile
2459 3046 2537 3115 et
2566 3040 3209 3133 incorruptibile,
3240 3041 3491 3114 fluens
3517 3046 3595 3114 et

2053 3159 2840 3254 per1nanenS,·quod
2889 3162 3011 3231 est
3063 3157 3591 3251 impossibile.

2144 3282 2575 3359 Praeterea,
2624 3298 2784 3349 non
2850 3277 3069 3351 valet
3139 3276 3404 3348 simile
3470 3276 3595 3348 ad-

2047 3397 2376 3468 ductum
2425 3394 2516 3466 de
2584 3414 2933 3486 corpore
2996 3396 3243 3476 mot0,
3298 3397 3377 3466 et
3434 3413 3595 3465 non

2054 3516 2312 3596 moto;
2355 3511 2541 3604 quia
2577 3511 2914 3594 moveri,
2952 3516 3031 3585 et
3081 3531 3242 3583 non
3286 3511 3597 3584 moveri

2049 3651 2210 3704 non
2272 3630 2545 3702 insunt
2590 3629 2925 3721 corpori
2984 3627 3102 3701 illi
3165 3628 3597 3701 secundum

2051 3749 2521 3831 essentiam,
2569 3748 2701 3820 sed
2745 3747 3178 3819 secundum
3238 3745 3599 3822 acciden-

2054 3867 2170 3942 tia
2237 3864 2760 3938 extrinseea:
2826 3861 3395 3937 immutatione
3466 3882 3601 3933 au-

2055 3990 2216 4059 tem
2262 3984 2469 4055 inest
2514 4005 2689 4050 mmo
2727 3979 3219 4053 aeternitatis
3272 4000 3417 4071 per
3482 4001 3597 4051 es·

2055 4101 2428 4182 sentiam,
2475 4102 2554 4171 et
2625 4095 3076 4169 mutatione
3158 4097 3363 4169 inest
3425 4118 3599 4163 nunc

2052 4219 2450 4310 temporis
2486 4237 2629 4310 per
2667 4214 3133 4288 essentiam.

2149 4339 2377 4418 Item,
2415 4359 2591 4403 nunc
2622 4331 3138 4414 aeternitatiS,
3190 4333 3276 4402 ut
3329 4327 3597 4403 visum

2055 4457 2220 4535 est,
2304 4472 2462 4524 non
2554 4449 2821 4523 differt
2917 4448 3013 4520 ab
3107 4446 3594 4530 aeternitate,

2058 4569 2427 4662 quamvis
2455 4567 2745 4641 habeat
2770 4567 3124 4659 aliquam
3157 4564 3593 4638 rationem:

2055 4707 2255 4779 ergo
2292 4687 2722 4760 secundum
2758 4705 2929 4757 rem
2976 4684 3349 4776 quidquid
3392 4705 3604 4757 men·

2058 4809 2292 4878 surat
2379 4801 2826 4886 aeternitaS,
2902 4802 3105 4874 idem
3186 4806 3605 4875 mensurat

2054 4946 2231 4992 nnnc
2296 4918 2817 5002 aeternitatiS,
2892 4919 2970 4991 et
3012 4942 3053 4989 e
3115 4919 3596 4992 contrario:

2060 5037 2192 5108 sed
2234 5039 2550 5128 tempus
2607 5036 3025 5105 mensurat
3098 5033 3364 5125 ipsum
3436 5051 3605 5104 mo-

2057 5157 2255 5235 tum,
2303 5177 2478 5221 neme
2528 5151 2928 5243 temporis
2992 5152 3413 5223 mensurat
3463 5173 3603 5216 mu-

2058 5285 2264 5340 tatum
2304 5295 2436 5338 esse
2474 5273 2862 5360 tanquam
2916 5266 3253 5360 propria
3296 5286 3604 5338 monsu-

2060 5409 2210 5459 ra:
2285 5406 2483 5477 ergo
2554 5386 2619 5457 si
2691 5385 2894 5457 idem
2968 5389 3090 5458 est
3170 5381 3601 5455 secundum

2060 5506 2628 5586 substantiam,
2665 5503 3035 5576 videlicet
3068 5525 3246 5571 ηιιηο
3288 5501 3601 5577 instans

2058 5622 2574 5704 aeternitatis,
2639 5625 2717 5696 et
2769 5624 3114 5714 tempus,
3160 5643 3337 5690 nunc
3373 5624 3602 5694 aeter·

3745 3278 3824 3328 18.
