4252 6393
1776 404 2136 483 QUAES'HO
2187 406 2259 469 Vl
3527 410 3603 473 27

426 573 782 662 apparet,
830 568 1020 662 quia
1070 567 1379 649 statim,
1435 587 1620 640 cum
1680 566 1955 658 aliqua

430 707 607 780 pars
663 689 916 759 terrae
976 684 1311 778 liquefit,
1378 686 1869 776 segregatur
1908 701 1954 752 a

426 807 619 881 toto,
649 823 740 874 cu
747 803 883 895 jus
916 805 1040 875 est
1065 821 1283 894 pars,
1309 805 1391 875 et
1423 799 1784 874 ascendit
1812 819 1955 891 per

426 918 734 991 modum
777 917 1356 991 exhalationis.

503 1036 888 1129 Septimo,
921 1035 1338 1110 exhalatio
1373 1035 1639 1107 solum
1680 1033 1951 1106 differt

419 1175 459 1225 a
491 1158 715 1227 terra
750 1154 1185 1226 secundum
1233 1152 1495 1244 magis
1529 1155 1609 1225 et
1644 1152 1943 1231 minus;

414 1290 630 1362 ergo,
676 1276 835 1344 etc.
871 1272 1067 1344 Tam
1126 1269 1630 1350 antecedens,
1707 1287 1946 1360 quam

414 1408 908 1481 consequens
978 1387 1404 1480 proba-tur,
1497 1387 1710 1460 sicut
1766 1406 1946 1479 pro-

411 1505 703 1576 bantur
732 1504 824 1576 de
863 1522 1195 1597 vapore.

498 1618 982 1713 Oppositum
1014 1618 1401 1710 arguitur
1445 1637 1589 1710 per
1632 1616 1946 1690 Aristo-

406 1737 642 1809 telem
710 1735 794 1809 in
862 1736 1022 1810 isto
1088 1736 1630 1830 primo,‚cap.
1702 1736 1766 1806 4.
1813 1732 1946 1805 ubi

396 1845 594 1927 ‘dicit
674 1852 755 1925 in
812 1853 1026 1927 fine:
1078 1856 1363 1943 Vapores
1445 1857 1623 1923 enim
1697 1866 1947 1921 aalma

405 1986 552 2040 sunt
582 1973 820 2054 calidi,
854 1984 916 2039 et
946 1973 1233 2051 humidi,
1278 1972 1742 2040 exhalationes
1782 1973 1941 2040 cali-

410 2093 528 2168 «lae,
576 2101 639 2156 et
677 2092 893 2157 siccoe.

232 2225 269 2273 ε.
492 2208 603 2278 De
648 2204 808 2279 ista
841 2204 1289 2296 quaestione
1308 2208 1433 2278 est
1458 2224 1615 2277 una
1635 2206 1936 2298 opinio,

138 2339 280 2400 afflato
308 2338 344 2387 ι.
407 2320 607 2413 quod
636 2338 1083 2413 vapornon
1114 2321 1240 2391 est
1260 2317 1354 2390 de
1371 2321 1671 2391 natura
1689 2318 1934 2399 aeris,

405 2437 563 2509 imo
602 2436 696 2508 de
752 2439 1055 2508 natura
1111 2453 1341 2527 aquae
1377 2458 1392 2515 ;
1429 2438 1511 2509 et
1555 2435 1941 2509 similiter

398 2552 810 2626 exhalatio
846 2572 1008 2624 non
1038 2556 1163 2626 est
1202 2552 1296 2625 de
1363 2556 1662 2627 natura
1698 2552 1933 2645 ignis,

401 2668 531 2741 sed
568 2669 662 2741 de
693 2673 997 2743 natura
1056 2672 1331 2742 terrae.
1380 2670 1481 2742 Et
1533 2668 1684 2741 hoo
1757 2690 1936 2763 pro·

397 2786 639 2859 batur
671 2804 822 2878 per
853 2783 1220 2858 rationes
1254 2783 1485 2878 prius
1528 2784 1816 2858 factas,

486 2902 667 2975 Alia
712 2901 986 2995 opinio
1034 2904 1184 2982 est,
1239 2903 1446 2993 quod
1485 2920 1748 2995 vapor
1778 2923 1939 2975 non

397 3023 522 3093 est
594 3019 687 3091 de
764 3021 1065 3091 natura
1142 3018 1490 3112 alicujus
1557 3018 1937 3091 elementi

394 3135 818 3230 simplicis,
885 3135 1045 3209 imo
1104 3140 1228 3211 est
1287 3136 1493 3230 quod
1522 3136 1678 3208 'am
1735 3134 1936 3209 mix-

391 3261 586 3335 tum,
635 3254 1232 3347 imperfectum,
1280 3275 1378 3326 ex
1419 3254 1727 3326 duobus
1779 3253 1934 3326 ele-

394 3372 717 3453 mentis,
789 3375 1006 3464 puta,
1078 3391 1343 3464 vapor
1408 3372 1500 3443 de
1567 3392 1758 3443 acre
1855 3376 1936 3445 et

387 3509 618 3579 aqua,
682 3487 1097 3562 exhalatio
1144 3489 1235 3560 de
1288 3488 1471 3579 igne
1520 3492 1599 3560 et
1679 3492 1931 3562 terra.

393 3606 828 3687 Probatur,
893 3605 1080 3697 quia
1135 3626 1295 3678 non
1348 3604 1615 3678 solum
1677 3626 1936 3699 vapor

388 3722 907 3797 convertitur
965 3723 1046 3794 in
1099 3741 1418 3814 aquam,
1478 3722 1641 3795 imo
1685 3722 1931 3795 etiam

390 3837 465 3908 in
499 3857 802 3919 aerem,
838 3858 1026 3911 nam
1062 3857 1220 3911 non
1253 3840 1423 3912 tota
1471 3839 1720 3910 nubes
1753 3859 1934 3911 con·

384 3955 747 4028 vertitur
790 3957 870 4027 in
911 3974 1232 4047 aquam,
1310 3955 1471 4028 imo
1523 3955 1686 4027 alia
1744 3975 1935 4048 pars

385 4073 561 4165 ejus
606 4073 686 4144 in
719 4092 1019 4144 aerem.

200 4203 247 4253 3.
497 4189 687 4262 Istis
779 4188 1133 4269 omissis,
1217 4188 1755 4281 respondetur
1842 4190 1934 4260 ad

115 4304 365 4433 afgaf:
393 4305 951 4397 quaestionem,
1001 4305 1237 4377 modo
1288 4304 1582 4398 primo,
1631 4310 1761 4373 Aer
1803 4325 1936 4398 po-

114 4429 221 4481 mer·
392 4427 553 4497 test
612 4422 878 4516 accipi
936 4421 1371 4517 dupliciter
1411 4423 1736 4495 :Primo
1784 4444 1932 4516 pro

389 4560 741 4633 corpore
787 4539 1141 4633 simplici
1192 4538 1534 4613 habente
1578 4539 1930 4611 sormam

389 4655 1041 4737 substantialem,
1079 4656 1313 4748 cujus
1353 4654 1930 4747 dispositiones

386 4773 837 4853 naturales,
874 4772 1192 4846 scilicet
1221 4771 1621 4854 caliditas,
1667 4776 1746 4846 et
1793 4770 1930 4843 hu—

388 4890 738 4971 miditas,
784 4909 945 4962 non
988 4892 1178 4963 sunt
1234 4888 1613 4964 admixtae
1662 4888 1926 4981 dispo·

387 5007 825 5083 sitionibus
875 5007 1352 5080 contrariis.
1419 5009 1520 5081 Et
1576 5010 1929 5080 vocatur

389 5125 464 5197 in
530 5123 968 5218 proposito
1028 5124 1296 5196 forma
1357 5123 1924 5198 substantia-lis

383 5241 756 5333 simplex,
828 5261 987 5314 non
1058 5244 1403 5335 propter
1470 5239 1645 5321 hoc,
1717 5240 1922 5332 quod

146 1059 392 1121 Squimum.

169 1636 356 1699 Ιῃψωὶτ.

131 2904 266 2961 opimo
328 2905 373 2954 2,

2072 564 2245 637 ideo
2331 566 2632 639 dicitur
2708 589 2884 639 esse
2965 568 3338 660 simplex,
3424 569 3609 662 quia-

2067 685 2262 755 nata
2320 687 2445 757 est
2507 685 2939 777 provenire
2998 707 3095 757 ex
3156 686 3613 760 actionibus

2065 797 2408 871 duarum
2525 801 3018 893 qualitatum
3119 802 3606 895 primarum,

2066 918 2147 987 et
2206 934 2367 987 non
2424 936 2520 987 cx
2587 917 3198 1000 commixtione,
3252 919 3376 990 vel
3433 940 3614 1012 pro-

2069 1031 2445 1123 portione
2489 1033 2850 1107 omnium
2912 1034 3400 1127 qualitatum
3456 1036 3613 1128 pri-

2065 1167 2412 1221 marum.
2485 1150 2668 1223 Alio
2738 1152 2971 1223 modo
3042 1153 3447 1246 accipitur
3499 1177 3616 1223 aer

2068 1285 2216 1357 pro
2268 1265 2414 1339 tali
2465 1287 2817 1361 corpore
2867 1269 3218 1362 simplici
3273 1268 3614 1342 habente

2063 1379 2418 1453 sormam
2489 1382 2970 1477 simplicem,
3034 1383 3269 1477 cujus
3340 1387 3612 1457 tamen

2063 1498 2485 1571 naturales
2506 1498 3110 1592 dispositiones,
3144 1501 3458 1574 scilicet
3489 1520 3611 1574 ca-

2063 1614 2361 1696 liditas,
2397 1620 2477 1690 et
2507 1615 2971 1699 humiditas,
3011 1621 3198 1691 sunt
3231 1617 3609 1691 admixtae

2061 1753 2247 1804 cum
2301 1732 2472 1805 suis
2525 1734 2999 1807 contrariis.

2152 1850 2511 1922 Secundo
2557 1850 2967 1923 sciendum
3008 1855 3157 1932 est,
3213 1851 3419 1943 quod
3462 1853 3603 1925 illa
3700 1860 3830 1916 02³oe
3877 1861 3958 1910 ᾱῐ-

3631 1932 3830 1971 consur·
3897 1939 3959 1971 e·

2058 1966 2445 2039 dicuntur
2475 1966 2829 2059 ejusdem
2871 1971 3214 2047 naturae,
3257 1989 3432 2059 quae
3467 1969 3947 2045 ha-ju-›dmnna-

2055 2083 2244 2157 bent
2276 2082 2629 2156 formam
2662 2084 3198 2167 consimilem,
3248 2086 3360 2159 ita
3393 2088 3600 2178 quod
3630 2053 3787 2095 'ww'

2060 2199 2408 2273 materia
2455 2199 2570 2271 nil
2629 2200 2826 2273 facit
2884 2200 2980 2273 ad
3036 2200 3595 2276 diversitatem

2058 2318 2495 2389 secundum
2529 2321 2937 2389 naturam.

2145 2434 2420 2508 Tertio
2440 2438 2565 2508 est
2590 2435 3602 2511 sciendumdedefinitioni-
3707 2444 3897 2554 ‘'5¹13’ss

2054 2550 2200 2622 bus
2232 2569 2657 2644 vaporum,
2704 2557 2784 2626 et
2825 2551 3396 2627 exhalationis.
3443 2557 3595 2629 Un-
3715 2522 3805 2568 q„

2052 2667 2144 2738 de
2189 2690 2398 2755 vapor
2436 2671 2560 2741 est
2602 2668 2922 2760 quida-m
2965 2668 3235 2742 fumus
3293 2691 3438 2763 per
3478 2692 3598 2744 as·

2055 2788 2383 2858 trorum
2414 2787 2494 2857 et
2528 2785 2739 2858 Solis
2783 2786 3190 2860 actionem
3234 2787 3599 2862 elevatus

2054 2901 2154 2974 ab
2194 2922 2429 2994 aqua,
2464 2907 2544 2975 et
2587 2903 3073 2995 corporibus
3117 2905 3424 2998 aqueis,
3471 2929 3598 2980 cu-

2046 3018 2183 3111 jus
2224 3018 2630 3092 naturalis
2673 3019 3132 3113 complexio
3174 3025 3300 3096 est
3340 3023 3599 3096 calida

2052 3141 2133 3211 et
2174 3135 2527 3220 humida,
2573 3157 2670 3209 ex
2715 3158 2873 3230 quo
2916 3141 3128 3212 natae
3179 3143 3371 3215 sunt
3416 3140 3594 3215 fieri

2053 3253 2327 3334 nubes,
2403 3255 2724 3347 pluviae,
2792 3256 3252 3352 grandineS,
3331 3279 3589 3342 rores,
3643 3262 3939 3374 &³53⁰st

2050 3376 2131 3444 et
2175 3371 2509 3464 pruinae.
2560 3371 2707 3444 Sed
2744 3375 3087 3442 exhalatio
3139 3377 3267 3447 est
3325 3372 3594 3447 fumus
3690 3340 3781 3387 qm

2053 3507 2199 3582 per
2231 3490 2640 3563 actionem
2674 3488 2914 3570 Solis,
2958 3493 3040 3562 et
3080 3491 3438 3563 aliorum
3476 3514 3596 3565 as-

2051 3614 2377 3682 trorum
2418 3608 3098 3691 calefacientium,
3145 3631 3192 3683 a
3233 3616 3462 3686 terra
3520 3617 3601 3684 et

2051 3724 2544 3818 corporibus
2604 3726 2958 3800 terrenis
3008 3727 3398 3809 elevatus,
3465 3729 3598 3820 qui

2052 3843 2552 3917 naturaliter
2583 3848 2708 3918 est
2740 3843 3048 3917 calidus
3078 3849 3158 3919 et
3192 3844 3483 3928 siccus,
3520 3851 3599 3920 et

2051 3982 2149 4032 ex
2199 3980 2357 4053 quo
2407 3966 2620 4036 natae
2664 3965 2855 4035 sunt
2894 3961 3073 4035 fieri
3129 3962 3595 4056 impressio·

2050 4098 2192 4149 nes
2256 4077 2560 4168 ignitae,
2610 4078 2868 4153 stellae
2908 4084 3279 4163 comatae,
3343 4081 3591 4165 venti,

2049 4200 2129 4268 et
2164 4199 2714 4272 terraemotus.

2141 4315 2591 4387 Secundum
2624 4314 2775 4387 hoc
2812 4319 3231 4408 ponuntur
3271 4318 3590 4392 conclu·
3747 4292 3795 4342 ⁴·

2049 4430 2344 4503 siones.
2385 4433 2661 4505 Prima
2692 4438 2817 4508 est
2849 4433 3044 4516 haec,
3073 4435 3280 4526 quod
3307 4456 3589 4529 vapor,
3628 4398 3872 4509 fffan‘fff'
3898 4398 3945 4509 ἑὲ

2046 4549 2176 4622 vel
2244 4547 2663 4624 exhalatio
2724 4571 2884 4623 non
2942 4554 3067 4624 est
3133 4552 3224 4624 de
3292 4556 3591 4626 natura
3624 4523 3946 4636 ,ἷῖηαιῖἷῖἔι

2046 4670 2320 4750 terrae,
2355 4668 2483 4741 vel
2514 4687 2766 4760 aquae.
2815 4671 2917 4742 Et
2947 4667 3098 4741 hoc
3140 4673 3267 4743 est
3304 4691 3589 4742 verum
3621 4648 3948 4760 ffirssss‘ssfss'z’ffi

2042 4785 2134 4855 de
2188 4783 2734 4867 exhalatione,
2793 4788 3188 4876 quantum
3247 4786 3343 4859 ad
3399 4806 3587 4859 suas
3621 4788 3761 4835 qm·

2042 4899 2623 4992 dispositiones
2684 4901 3240 4993 qualitativaS,
3316 4923 3587 4994 quam·

2039 5015 2166 5088 vis
2215 5035 2375 5088 non
2419 5021 2808 5109 quantum
2842 5019 2937 5091 ad
2971 5039 3200 5091 suam
3235 5017 3590 5093 formam

2042 5133 2693 5209 substantialem.
2768 5136 3179 5211 Probatur
3262 5138 3588 5210 conclu-

2041 5250 2190 5333 si0,
2264 5249 2452 5343 quia
2523 5250 2683 5324 ista
2752 5271 2916 5322 non
2986 5258 3175 5327 sunt
3233 5253 3590 5346 ejusdem

381 5377 535 5429 non
570 5358 679 5430 sit
712 5357 1174 5450 composita
1218 5380 1316 5432 ex
1365 5359 1707 5432 diversis
1760 5357 1924 5429 for·
2036 5371 2379 5447 naturae,
2491 5387 2666 5458 quae
2781 5366 3078 5443 habent
3163 5368 3589 5443 naturales

382 5475 530 5547 mis
564 5474 1272 5558 substantialibus,
1313 5478 1499 5568 quia
1531 5477 1753 5548 nulla
1795 5481 1919 5549 est

2040 5484 2610 5557 inclinationes
2658 5485 3118 5578 oppositas;
3178 5487 3410 5557 modo
3465 5486 3580 5560 sic

381 5592 662 5677 taliter
730 5593 1220 5692 composita,
1300 5593 1430 5666 sed
1508 5592 1916 5688 praecipue
2033 5607 2158 5677 est
2203 5604 2409 5698 quod
2448 5623 2710 5700 vapor
2740 5609 2819 5678 et
2843 5603 3260 5676 exhalatio
3295 5602 3590 5682 habent
