4252 6393
759 403 878 470 262

742 588 790 640 a
848 565 1210 640 naturali
1268 569 1392 640 est
1448 564 1820 657 digestio.
1894 564 1993 636 Et
2033 562 2286 636 etiam

740 683 1284 777 exemplificat
1368 683 1460 756 de
1552 680 2021 762 nascentiis,
2103 700 2286 753 cum

741 801 1208 877 constantia
1247 800 1502 873 fuerit
1561 798 1805 881 facta,
1880 796 2146 890 qualis
2204 799 2283 870 et

737 917 1107 1010 lacryma
1147 936 1329 990 cum
1361 915 1580 990 facta
1610 912 1863 987 fuerit
1895 913 2169 996 limuS,
2205 916 2286 987 et

744 1037 1012 1112 omnis
1072 1036 1266 1110 talis
1323 1032 1921 1107 transmutatio
1980 1033 2103 1104 est
2166 1054 2288 1121 pe-

733 1159 997 1247 pansis,
1048 1157 1137 1228 ut
1183 1153 1403 1226 dicit.
1450 1154 1568 1224 Ex
1614 1172 1770 1243 quo
1815 1152 2034 1242 patet
2074 1149 2288 1223 veri-

743 1274 871 1346 tas
906 1268 1413 1362 quaestionis,
1457 1266 1647 1359 quia
1693 1266 1773 1338 in
1815 1264 2288 1358 quaestioni-

743 1388 890 1459 bus
952 1385 1592 1480 praecedentibus
1650 1383 1955 1457 dictum
2015 1385 2138 1456 est
2197 1383 2289 1455 de

740 1502 1332 1594 digestionibus
1375 1502 1454 1574 in
1496 1499 1886 1593 generali,
1945 1520 2157 1572 nunc
2208 1498 2288 1571 in

745 1617 1078 1711 speciali
1150 1617 1567 1689 dicendum
1635 1619 1760 1689 est
1820 1615 1912 1688 de
1971 1614 2291 1706 quibus-

741 1734 925 1805 dam
967 1732 1477 1827 specialibus,
1513 1732 1605 1805 de
1648 1732 1935 1825 quibus
1968 1731 2290 1805 Aristo-

743 1849 945 1923 teles
976 1849 1547 1942 exemplificat,
1583 1853 1660 1922 et
1697 1849 1965 1942 primo
1997 1849 2090 1922 de
2122 1847 2289 1923 illis

745 1965 852 2039 ibi
888 1965 1208 2057 quaerit,
1245 1968 1323 2039 et
1357 1965 1937 2039 convenienter
1965 1966 2057 2038 de
2100 1965 2289 2038 aliis

741 2081 980 2154 dictis
1032 2081 1233 2174 ejus,
1289 2082 1507 2153 Unde
1555 2086 1948 2173 quantum
1993 2082 2089 2153 ad
2122 2082 2290 2175 pri-

746 2218 966 2271 mum
1007 2199 1423 2272 dicendum
1458 2203 1584 2272 est
1618 2198 1827 2272 sicut
1862 2200 2091 2291 prius
2133 2198 2290 2272 dic·

741 2316 918 2386 tum
950 2318 1074 2388 est
1115 2316 1208 2387 de
1241 2316 1771 2406 generatione
1805 2314 2288 2388 animalium

746 2429 827 2502 in
871 2431 1379 2522 putrefactis,
1436 2432 1625 2524 quia
1683 2433 1913 2506 calor
1974 2431 2054 2505 in
2114 2430 2289 2505 ani-

748 2546 1092 2619 malibus
1128 2548 1397 2640 potest
1438 2546 1593 2620 dici
1643 2548 2052 2622 naturalis
2101 2548 2290 2621 duo-

743 2662 888 2736 bus
925 2664 1207 2738 modis.
1252 2664 1429 2736 Uno
1465 2664 1696 2738 modo
1734 2668 2102 2757 respectu
2140 2663 2289 2737 ali-

743 2779 973 2870 cujus
1043 2780 1480 2871 generandi
1542 2802 1640 2853 ex
1708 2776 2283 2866 illo'humore,

742 2897 974 2990 quus
1008 2899 1157 2970 est.
1212 2896 1395 2970 Alio
1445 2898 1706 2978 modo,
1757 2896 1946 2989 quia
1990 2900 2111 2971 est
2155 2919 2290 2971 na-

743 3013 1042 3087 turalis
1097 3013 1253 3106 ipsi
1306 3012 1535 3106 cujus
1587 3016 1709 3086 est
1764 3014 1898 3087 ille
1960 3012 2284 3101 humor,

738 3132 865 3205 vel
897 3130 1198 3205 dicitur
1239 3130 1374 3204 ille
1433 3130 1753 3204 humor.
1801 3133 2078 3206 Primo
2123 3153 2290 3206 mo-

740 3243 838 3316 do
896 3244 1314 3317 dicendum
1373 3249 1496 3318 est
1560 3248 1769 3339 quod
1818 3252 2139 3338 pepamis
2207 3249 2289 3321 in

748 3361 1281 3451 sanguinibus
1332 3366 1412 3436 et
1446 3364 1888 3437 nascentiis
1932 3365 2013 3437 in
2056 3384 2288 3456 genc-

743 3479 991 3551 rando
1027 3478 1360 3563 saniem,
1400 3481 1570 3554 sive
1603 3481 2287 3575 putrefactionem

743 3596 1113 3688 ipsorum
1167 3596 1607 3671 humorum
1648 3619 1694 3670 a
1727 3599 2003 3672 calore
2052 3600 2291 3671 natu-

742 3713 932 3795 rali;
971 3715 1203 3788 calor
1232 3716 1447 3789 enim
1485 3718 1564 3790 in
1598 3717 1935 3790 animali
1978 3717 2074 3789 ad
2105 3738 2290 3790 con-

741 3830 1310 3920 gregationem
1351 3834 1916 3924 apostematis,
1953 3837 2077 3907 est
2113 3854 2288 3906 mu-

741 3955 1045 4038 tabilis,
1102 3960 1180 4029 et
1226 3957 1996 4050 improportionalis
2044 3980 2288 4032 mem·

745 4083 902 4154 bro
949 4080 1076 4154 vel
1112 4083 1529 4166 membris,
1567 4104 1613 4156 a
1655 4105 1839 4176 quo,
1876 4085 2002 4158 vel
2036 4107 2084 4159 a
2117 4088 2289 4179 qui-

741 4205 889 4277 bus
951 4206 1111 4280 illae
1163 4206 1719 4300 impelluntur.
1768 4208 1988 4282 Unde
2030 4211 2287 4283 ratio·

741 4353 863 4414 ne,
904 4353 1058 4425 qua
1099 4333 1328 4408 calor
1361 4335 1443 4407 in
1482 4335 1808 4408 humido
1854 4309 2102 4410 talem
2143 4337 2289 4411 hu-

745 4479 1060 4531 morem
1112 4459 1211 4531 ab
1270 4461 1444 4553 ipso
1506 4460 1873 4545 humore,
1940 4485 2086 4557 per
2136 4464 2287 4541 hoc

745 4586 949 4677 quod
982 4586 1153 4676 agit
1190 4586 1270 4659 in
1302 4586 1686 4660 elevando
1731 4589 1810 4660 in
1842 4593 2282 4675 communi,

746 4711 935 4803 quia
980 4732 1213 4785 omne
1257 4715 1702 4805 apostema,
1742 4715 2034 4788 saltem
2076 4721 2290 4791 exte-

746 4833 920 4905 rius
971 4854 1401 4929 apparens,
1462 4834 1543 4907 in
1591 4836 2003 4909 communi
2038 4837 2288 4929 crigi-

743 4959 882 5030 tur
925 4977 1070 5050 per
1108 4960 1516 5039 naturam,
1554 4962 1633 5032 et
1669 4962 2122 5034 attestatur
2164 4983 2290 5033 su-

745 5104 891 5177 per
930 5084 1104 5166 hoc,
1144 5085 1352 5177 quod
1384 5085 1576 5158 talis
1622 5087 1850 5159 calor
1889 5087 2154 5160 utitur
2194 5091 2288 5163 ad

738 5212 1179 5285 ducendum
1266 5212 1683 5286 humidum
1770 5235 1817 5286 a
1894 5216 2283 5298 membro,

739 5337 866 5408 vel
942 5338 1037 5409 ad
1124 5336 1608 5411 evolandum
1669 5359 1850 5410 cum
1920 5338 2122 5432 ipso,
2182 5340 2290 5413 si-

744 5465 879 5536 cut
910 5461 1081 5558 agit
1124 5462 1354 5537 calor
1401 5461 1480 5534 in
1524 5462 2032 5559 putrefactis,
2086 5466 2290 5561 quod

1856 399 1998 466 ΜΒ.
2049 402 2148 464 lv.
2196 393 2738 463 METEORORUM

2396 579 2559 633 non
2625 559 2866 642 esset,
2935 554 3097 631 nisi
3145 558 3360 630 esset
3416 554 3913 630 innaturalis.

2491 674 2890 750 Sumendo
2925 672 3187 767 igitur
3214 677 3574 764 sanquines
3613 693 3759 766 pro
3789 673 3918 747 hu·

2401 793 2767 866 moribus
2837 790 3312 884 sanguineis
3372 790 3735 883 expulsis
3788 812 3921 886 per

2399 914 2810 992 naturam,
2854 911 2933 982 et
2973 906 3445 991 nascentiis,
3498 909 3577 981 et
3628 911 3924 1000 aposte-

2401 1026 2781 1110 matibus,
2844 1028 2923 1100 et
2990 1024 3475 1098 humoribus
3543 1023 3733 1108 illis,
3802 1027 3924 1119 qui

2397 1145 2764 1219 existunt
2845 1166 2992 1239 per
3067 1149 3479 1227 naturam,
3563 1147 3925 1218 sumatur

2399 1261 2748 1353 digestio
2792 1261 3127 1336 illorum
3176 1282 3328 1355 pro
3387 1259 3923 1353 generatione,

2398 1379 2526 1451 vel
2575 1378 3114 1473 dispositione
3173 1379 3270 1452 ad
3328 1377 3928 1472 generationem

2403 1496 2706 1579 saniei;
2767 1499 2846 1570 et
2920 1495 3312 1569 similiter
3378 1516 3526 1589 per
3582 1495 3928 1569 calorem

2399 1615 3000 1706 decoquentem,
3099 1613 3261 1687 ista
3323 1612 3752 1707 dispositio
3815 1616 3929 1688 est

2400 1732 2774 1825 digestio,
2839 1753 3014 1824 quae
3066 1733 3190 1804 est
3246 1734 3612 1821 pepamis;
3652 1734 3732 1803 et
3772 1728 3932 1804 haec

2403 1849 2510 1924 sit
2597 1850 2868 1943 prima
2950 1847 3394 1923 conclusio.
3505 1847 3927 1930 Probatur,

2403 1967 2592 2060 quia
2644 1964 2907 2040 omnis
2951 1965 3300 2058 digestio
3343 1964 3440 2038 ad
3482 1965 3934 2057 generatio-

2401 2102 2586 2155 nem
2619 2081 2970 2175 alicujus
3011 2101 3056 2152 a
3090 2080 3368 2156 calore
3399 2081 3764 2156 naturali
3795 2081 3936 2155 fac·

2400 2203 2510 2282 ta,
2557 2199 2859 2273 dicitur
2896 2202 3213 2289 pepansis
3266 2201 3646 2292 respectu
3705 2198 3936 2273 istius

2401 2316 2736 2390 humidi.
2799 2316 3425 2409 Consequentia,
3489 2318 3568 2390 et
3629 2318 3940 2391 antece-¹

2399 2434 2590 2507 dens
2633 2435 2911 2526 patent
2951 2453 3050 2504 ex
3099 2431 3510 2526 praedictis
3561 2433 3937 2526 quaestio-

2400 2551 2668 2633 nibus;
2736 2550 2869 2623 sed
2927 2549 2996 2623 si
3058 2553 3492 2623 sumantur
3538 2550 3744 2625 talia
3792 2571 3935 2644 pro

2401 2666 3106 2760 superfluitatibus
3155 2666 3465 2740 eductis
3525 2688 3674 2761 per
3730 2667 3937 2742 calo-

2402 2804 2573 2857 rem
2606 2784 3070 2856 naturalem
3101 2786 3770 2877 corrumpentem
3798 2784 3938 2857 dis·

2401 2901 2920 2995 positionem,
2994 2920 3152 2992 qua
3212 2900 3350 2975 ille
3408 2899 3708 2974 humor
3764 2902 3939 2976 erat

2399 3017 2809 3092 naturalis
2850 3017 3179 3091 humori
3214 3018 3717 3101 continuum,
3755 3022 3939 3092 tunc

2401 3134 2790 3210 similiter
2818 3134 3013 3209 talis
3047 3135 3462 3223 actim-vel
3513 3135 3939 3230 dispositio

2400 3274 2559 3325 non
2591 3255 2716 3325 est
2745 3255 3084 3343 pepansis,
3119 3252 3247 3324 vel
3281 3251 3398 3326 sic
3429 3254 3944 3328 considerata

2400 3389 2562 3441 non
2601 3367 2901 3442 dicitur
2936 3371 3279 3459 ρεραηείε,
3332 3369 3466 3442 sed
3517 3368 3794 3462 potius
3841 3369 3946 3443 di-

2400 3486 2619 3560 citur
2707 3507 2887 3560 esse
2973 3487 3335 3579 quaedam
3422 3487 3940 3580 putrefactio,

2401 3604 2575 3676 Hoc
2654 3607 2911 3696 patet,
2995 3602 3188 3695 quia
3264 3603 3680 3676 naturalis
3769 3623 3943 3676 cor-

2403 3720 2677 3814 ruptio
2710 3722 2833 3793 est
2882 3716 3403 3812 putrefactio,
3448 3717 3603 3794 hoc
3653 3722 3779 3794 est
3818 3738 3943 3791 na-

2400 3838 2698 3914 turalis
2732 3836 3204 3931 corrupti03
3243 3836 3524 3928 igitur,
3560 3840 3719 3911 etc.
3757 3840 3945 3911 Con·

2402 3963 2850 4057 sequentia,
2894 3966 2974 4036 et
3024 3962 3503 4037 antecedens
3533 3964 3818 4038 tenent
3846 3981 3941 4036 ex

2399 4089 2840 4184 praedictis,

2489 4215 2603 4288 Ad
2659 4214 3024 4288 rationes
3061 4216 3585 4309 principales
3631 4217 3750 4291 Ad
3777 4214 3939 4310 pri-

2401 4361 2643 4423 mam,
2684 4345 2960 4432 sanquis
2986 4365 3124 4410 non
3151 4344 3486 4431 diqeritur
3524 4346 3601 4411 in
3641 4346 3938 4433 pericar—

2397 4471 2557 4558 piis,
2594 4469 2965 4557 negatur.
3005 4467 3120 4540 Ad
3178 4467 3778 4559 probationem,
3813 4489 3944 4534 non

2397 4595 2628 4661 omnia
2677 4594 2819 4661 loca
2886 4596 3261 4681 sanquiniS,
3315 4595 3468 4666 eto.
3513 4592 3694 4666 dico
3744 4589 3942 4684 quod

2403 4715 2567 4789 imo
2629 4719 2817 4791 sunt
2883 4737 3084 4790 vasa
3152 4718 3580 4800 seminum,
3656 4718 3943 4790 saltem

2403 4843 3055 4933 generandorum
3093 4844 3175 4917 in
3219 4843 3383 4917 illis
3415 4843 3652 4926 locis,
3708 4847 3787 4918 et
3835 4844 3945 4934 ip-

2404 4968 2543 5050 sis,
2608 4971 2694 5042 ut
2757 4969 3091 5062 sanguis
3154 4968 3237 5042 in
3296 4969 3691 5051 mamilla,
3752 4969 3820 5042 si
3869 4967 3945 5042 in

2401 5093 2674 5168 calore
2711 5095 3124 5188 superfluo
3166 5096 3674 5187 congeritur,
3711 5098 3789 5167 et
3830 5095 3941 5167 de·

2400 5220 2811 5312 coquitur,
2875 5224 2953 5293 et
3024 5223 3471 5314 putrescat,
3535 5223 3612 5294 et
3678 5219 3940 5292 sanies

2401 5350 2865 5438 generetur,
2896 5347 3258 5420 mamilla
3286 5348 3366 5421 in
3393 5345 3940 5440 pericarpium

2405 5472 2965 5569 generationis
3001 5472 3285 5559 saniei,
3322 5475 3400 5548 et
3445 5473 3673 5551 locus
3715 5468 3943 5548 semi·

4040 683 4182 737 3.,

4069 4217 4091 4266 ⁴

3963 4252 4183 4403 {aaa

3960 4405 4082 4472 pate.
