4252 6393
104 957 280 1031 Soeuada

126 1029 242 1071 mtto.

159 5286 222 5339 30.

119 5351 216 5398 mia
238 5371 327 5405 ra-

167 5416 241 5467 tio.

1623 426 1986 504 QUAEs'rlo
2035 429 2169 491 XVI

339 590 449 664 cst
510 588 589 659 in
658 586 1248 661 tribushostiis
1291 585 1795 661 consecratis
1850 616 1863 658 ε

339 706 733 781 concludit
799 710 1068 780 tamen
1101 705 1567 778 necessario
1624 706 1700 778 in
1735 726 1870 777 nu-

340 846 552 896 mero
590 823 1031 903 essentiali,
1078 829 1165 896 ut
1202 827 1448 915 patet.

413 934 799 1017 Secundo,
859 933 1044 1026 quia
1091 933 1159 1006 si
1208 954 1599 1006 numerus
1661 931 1871 1004 addit

340 1071 502 1124 rem
566 1050 1023 1124 absolutam
1094 1072 1342 1144 super
1407 1054 1864 1131 numerata,

343 1170 440 1244 ita
479 1170 686 1262 quod
749 1169 888 1240 illa
940 1167 1235 1250 unitas,
1285 1188 1440 1261 qua
1479 1189 1869 1240 numerus

334 1285 623 1359 dicitur
693 1306 896 1358 unus
972 1285 1224 1358 trium
1307 1285 1688 1378 lapidum,
1763 1283 1868 1357 sit

336 1402 600 1496 aliqua
672 1423 803 1475 res
867 1401 1112 1474 realis
1163 1421 1323 1472 non
1384 1399 1864 1484 consistens,

333 1526 511 1594 tune
581 1518 714 1590 ille
782 1540 1170 1591 numerus
1229 1517 1695 1593 necessario
1737 1517 1871 1588 ha-

332 1638 544 1708 beret
586 1636 887 1708 realem
943 1635 1364 1718 unitatem,
1414 1655 1653 1727 quam
1708 1655 1868 1706 non

334 1753 1868 1845 haberentnumerata,inquantumsunt

334 1876 758 1945 numerata
809 1898 823 1940 z
893 1870 1082 1962 quia
1130 1872 1441 1943 nullum
1503 1871 1867 1944 accidens

336 1987 1057 2063 absolutumhabet
1115 1988 1417 2060 realem
1473 1987 1867 2060 unitatem

338 2101 794 2175 formaliter
828 2121 873 2171 a
925 2100 1319 2193 subject0‚
1354 2099 1514 2171 nisi
1559 2121 1704 2193 per
1749 2119 1869 2172 ac-

338 2218 620 2300 cidens,
650 2218 783 2291 sed
806 2217 902 2288 ab
925 2221 1108 2291 actu
1142 2215 1625 2294 existentiae,
1678 2216 1870 2289 alio-

337 2341 515 2433 quin
549 2339 992 2413 accidentia
1039 2347 1447 2433 separata,
1487 2342 1571 2411 ut
1618 2338 1695 2409 in
1740 2343 1870 2410 Sa-

335 2462 746 2532 cramento
818 2457 1135 2538 altaris,
1201 2479 1357 2530 non
1418 2462 1685 2530 essent
1748 2477 1872 2529 ea-

330 2578 494 2650 dem
518 2595 886 2656 numero,
916 2597 1088 2668 quae
1122 2575 1449 2648 fuerunt
1472 2575 1547 2645 in
1574 2575 1874 2667 subjec-

347 2694 592 2767 tozsed
614 2714 1006 2765 numerus
1031 2692 1272 2764 istam
1295 2692 1598 2763 realem
1616 2691 1872 2765 unita-

332 2811 802 2882 temhabere
822 2829 980 2880 non
1011 2813 1301 2902 potest,
1351 2809 1873 2901 quianullum

333 2928 585 3001 totum
654 2927 923 3021 potest
966 2947 1062 2998 ex
1092 2924 1258 2997 suis
1296 2924 1664 3018 partibus
1699 2923 1873 2995 fieri

337 3064 598 3128 unum,
638 3044 762 3116 vel
801 3063 1043 3116 unum
1078 3063 1242 3122 ens,
1280 3040 1437 3112 nisi
1474 3047 1748 3133 partes
1783 3042 1874 3111 ad

336 3185 414 3235 se
476 3162 820 3235 invicem
870 3159 1462 3242 uniantur;nec
1499 3178 1875 3252 quacum-

337 3302 481 3372 que
523 3280 860 3359 unitate,
931 3282 1016 3350 ut
1077 3297 1419 3349 acervus
1490 3276 1868 3369 lapidum,

337 3397 464 3469 sed
490 3395 853 3470 naturali
890 3394 1227 3476 unitate,
1284 3394 1643 3486 alioquin
1683 3392 1874 3465 illud

337 3519 591 3589 totum
636 3535 794 3587 non
827 3514 1163 3586 liaberet
1199 3512 1628 3585 forma-lem
1659 3511 1873 3582 unio-

336 3652 552 3713 nem;
643 3632 778 3703 sed
858 3629 1213 3704 unitates
1285 3628 1874 3702 constituentes

337 3770 764 3823 numerum
797 3768 956 3820 non
983 3750 1167 3821 sunt
1205 3748 1298 3819 ad
1336 3746 1673 3819 invicem
1711 3745 1875 3819 uni-

341 3869 439 3938 tae
496 3865 858 3940 naturali
934 3862 1228 3935 unione
1316 3863 1392 3935 in
1449 3882 1631 3946 uno,
1715 3860 1875 3933 imo

339 3982 603 4076 potius
680 3982 1054 4054 discretae
1126 3979 1340 4051 inter
1393 4000 1476 4050 se
1537 3978 1880 4051 invicem

341 4101 414 4169 et
447 4097 848 4172 distinctae
884 4124 896 4167 :
931 4115 1127 4184 ergo
1161 4115 1318 4167 non
1350 4099 1623 4185 posset
1655 4115 1880 4168 cons-

338 4215 632 4289 tituere
724 4215 1080 4307 aliquam
1172 4234 1412 4286 unam
1501 4212 1876 4284 sormam.

340 4334 515 4405 Non
563 4355 760 4426 ergo
831 4353 1220 4405 numerus
1279 4331 1517 4404 habet
1579 4330 1882 4401 realem

343 4449 690 4541 aliquam
770 4449 1166 4521 unitatem
1242 4448 1484 4519 aliam
1542 4464 1587 4515 a
1648 4444 1884 4516 rebus

343 4566 818 4641 numeratis.
859 4566 1050 4640 Haec
1099 4564 1316 4643 ratio
1362 4563 1517 4638 etsi
1569 4563 1884 4635 conclu-

344 4681 481 4764 dit,
543 4686 750 4777 quod
798 4704 1188 4755 numerus
1247 4701 1408 4752 non
1456 4679 1666 4752 dicat
1712 4698 1885 4750 rem

349 4797 827 4881 absolutam,
869 4799 1217 4872 multum
1260 4800 1532 4870 tamen
1575 4794 1880 4874 deficit3

350 4914 534 5005 quia
589 4937 981 4989 numerus
1032 4915 1272 4987 habet
1335 4913 1576 4985 aliam
1633 4910 1888 4983 unita-

349 5033 512 5101 tem
567 5052 611 5103 a
649 5033 1131 5112 numeratis,
1198 5035 1285 5104 ut
1346 5028 1747 5103 videbitur
1811 5029 1886 5099 in

354 5148 746 5223 solutione
781 5150 906 5242 cuj
923 5149 1197 5221 usdam
1233 5146 1470 5220 dubii.

427 5267 721 5349 TertiO,
771 5265 962 5357 quia
1023 5284 1544 5359 quaecumque
1617 5264 1889 5354 partes

358 5380 735 5456 uniantur
769 5384 862 5454 ad
923 5381 1574 5455 constituendum
1649 5397 1891 5448 unum

359 5518 527 5579 ens,
567 5501 690 5572 vel
734 5520 977 5572 unam
1022 5500 1401 5578 formam,
1467 5500 1658 5568 tune
1694 5515 1891 5567 sem-

357 5631 504 5704 per
555 5616 1058 5689 constituunt
1129 5615 1549 5694 unitatem,
1607 5615 1692 5683 ut
1766 5629 1892 5702 pa-

3417 431 3534 498 583

1982 591 2124 670 tet,
2189 589 2373 661 dum
2445 611 2745 682 corpus
2798 595 2892 665 et‘
2920 592 3192 664 anima
3230 592 3524 665 consti·

1985 710 2223 779 tuunt
2294 706 2766 778 hominem:
2841 728 3037 799 ergo
3111 709 3180 781 si
3250 712 3527 803 partes

1983 823 2305 895 numeri
2378 824 2809 898 unirentur
2879 828 2972 898 ad
3042 827 3529 901 constituen-

1981 941 2163 1012 dam
2210 959 2451 1011 unam
2519 940 2896 1025 formam,
2942 944 3534 1018 constituerent

1986 1058 2411 1150 quamdam
2475 1058 2896 1140 unitatem,
2938 1061 3183 1133 aliam
3239 1082 3286 1133 a
3333 1062 3535 1155 seip-

1985 1172 2122 1255 εἰς,
2162 1179 2241 1247 et
2276 1174 2390 1246 sic
2427 1195 2813 1248 numerus
2847 1198 2944 1248 ex
2983 1177 3242 1251 tribus
3279 1178 3534 1251 unita-

1984 1291 2200 1364 tibus
2272 1294 2768 1366 constitutus
2836 1296 3262 1369 excederet
3347 1296 3533 1370 illas

1983 1409 2341 1482 unitates
2387 1409 2464 1481 in
2508 1411 2881 1484 veritate.
2930 1414 3029 1485 Et
3098 1411 3266 1485 haec
3317 1415 3531 1488 ratio

1982 1525 2236 1597 tertia
2312 1526 2618 1608 deficit;
2705 1528 2895 1619 quia
2968 1530 3286 1602 eertum
3376 1536 3526 1615 est,

1984 1644 2192 1735 quod
2223 1663 2613 1715 numerus
2637 1643 2878 1718 habet
2905 1646 3328 1738 propriam
3364 1648 3530 1720 uni-

1983 1763 2264 1840 tatem,
2316 1759 2561 1832 aliam
2606 1761 2703 1833 ab
2763 1761 3073 1836 unitate
3136 1763 3522 1855 partium,

1981 1882 2069 1951 ut
2110 1878 2533 1953 videbitur.

2073 2000 2409 2077 Quarto,
2448 1995 2637 2087 quia
2689 2016 2965 2068 omnes
3020 2000 3296 2089 partes
3346 2019 3527 2072 con-

1982 2115 2408 2186 currentes
2444 2111 2539 2183 ad
2584 2112 2817 2184 unius
2861 2112 3526 2185 constitutionem

1984 2228 2292 2302 faciunt
2328 2250 2575 2301 unum
2610 2229 2874 2300 solum
2914 2249 3256 2301 numero
3302 2258 3315 2300 :
3367 2250 3526 2302 om-

1984 2366 2124 2418 nes
2213 2345 2462 2419 etiam
2553 2345 2667 2417 sic
2755 2347 3339 2418 concurrentes
3436 2347 3533 2419 ad

1987 2462 2224 2536 unius
2258 2461 2952 2545 constitutionem,
2991 2463 3376 2535 amittunt
3410 2484 3533 2536 ac-

1986 2581 2295 2654 tualem
2372 2579 2894 2663 divisionem,
2993 2599 3234 2671 quam
3306 2580 3534 2672 prius

1988 2697 2384 2768 habebant
2424 2723 2437 2765 ε
2489 2695 2676 2788 quia
2709 2699 2987 2789 partes
3025 2696 3102 2767 in
3138 2700 3313 2770 toto
3350 2698 3535 2768 sunt

1992 2812 2378 2905 potentia,
2425 2830 2583 2883 non
2625 2816 2811 2884 actu
2858 2838 2871 2881 ε
2914 2810 3102 2904 quia
3151 2832 3249 2883 ex
3293 2811 3538 2904 pluri-

1986 2929 2133 3000 bus
2171 2929 2542 3022 partibus
2606 2931 2818 3011 actu,
2883 2948 3043 3000 non
3084 2929 3175 3002 fit
3235 2948 3533 3010 unum;

1987 3066 2148 3117 non
2189 3065 2385 3137 ergo
2457 3064 2846 3116 numerus
2889 3044 3126 3117 habet
3182 3044 3538 3137 aliquam

1989 3161 2417 3244 unitatem,
2465 3180 2706 3253 quam
2772 3164 3041 3233 tamen
3094 3161 3428 3235 haberet
3471 3159 3540 3231 si

1990 3297 2242 3371 supra
2284 3278 2717 3349 numerata
2770 3296 2938 3347 rem
3003 3276 3359 3369 aliquam
3412 3276 3536 3347 ad-

1987 3398 2239 3469 deret.

3611 2005 3823 2080 Qua-ria

3614 2074 3779 2117 rano·

2077 3511 2400 3595 Quinto,
2440 3511 2626 3602 quia
2655 3530 2838 3584 cum
2885 3513 3161 3603 partes
3196 3529 3532 3583 concur·
3562 3515 3761 3571 Quinta
3787 3532 3877 3566 ra-

1991 3634 2181 3705 runt
2218 3631 2310 3702 ad
2363 3630 2813 3703 faciendum
2858 3649 3105 3701 unum
3160 3628 3527 3712 tertium,

1993 3755 2182 3823 tunc
2207 3768 2365 3821 non
2401 3747 2709 3821 faciunt
2733 3746 2973 3839 plura
3002 3765 3369 3827 numero,
3400 3746 3534 3818 sed

1992 3866 2298 3941 faciunt
2343 3884 2589 3936 unum
2622 3884 2992 3944 numero,
3038 3867 3128 3936 ut
3171 3865 3395 3955 patet
3458 3863 3539 3934 in

1994 3981 2350 4076 quolibet
2384 3983 2557 4055 toto
2603 3978 2983 4071 integrali
3019 4006 3034 4048 ι
3075 3997 3272 4069 ergo
3300 3997 3540 4071 quan-

1994 4103 2089 4175 do
2133 4104 2304 4173 tres
2348 4099 2703 4173 unitates
2747 4100 3250 4171 concurrunt
3294 4098 3388 4170 ad
3428 4095 3540 4169 fa-

1997 4218 2366 4291 ciendum
2415 4236 2662 4287 unum
2710 4214 3076 4297 tertium,
3127 4218 3320 4288 tunc
3380 4233 3541 4285 non

1998 4335 2363 4407 facerent
2428 4333 2665 4426 plura
2719 4352 3088 4414 numero,
3162 4332 3296 4403 sed
3338 4331 3540 4403 face-

2001 4456 2179 4525 rent
2242 4470 2917 4533 unum-numero,
2966 4456 3047 4524 et
3109 4450 3223 4523 sic
3269 4449 3348 4521 in
3404 4470 3541 4520 nu-

2001 4589 2228 4640 mero
2261 4566 2512 4641 tertio
2545 4586 2705 4637 non
2748 4570 3017 4639 essent
3064 4571 3235 4641 tres
3288 4565 3542 4637 unita-

1998 4688 2148 4767 teS‚
2199 4683 2328 4754 sed
2367 4682 2628 4753 solum
2683 4702 2890 4753 una:
2950 4679 3219 4754 unitas
3271 4683 3545 4751 autem

1999 4796 2448 4869 numeralis
2509 4816 2669 4869 non
2712 4796 2908 4869 facit
2956 4816 3413 4878 numerum,
3470 4801 3549 4870 et

2003 4914 2117 4988 sic
2143 4916 2312 4985 tres
2333 4913 2685 4986 unitates
2712 4933 2872 4985 non
2898 4913 3260 4987 facerent
3280 4932 3549 4986 nume·

2006 5053 2213 5104 rum.
2281 5031 2609 5103 Nullam
2652 5051 2848 5122 ergo
2887 5030 3285 5104 unitatem
3320 5032 3550 5105 habe-

2007 5151 2193 5219 rent
2226 5145 2582 5218 unitates
2618 5144 2697 5215 in
2730 5165 3099 5228 numero,
3150 5166 3393 5237 quam
3435 5149 3550 5218 ta·

2008 5285 2189 5336 men
2223 5263 2635 5343 haberent,
2684 5262 2751 5335 si
2803 5282 3190 5334 numerus
3225 5282 3271 5332 a
3315 5263 3552 5335 rebus

2005 5381 2462 5454 numeratis
2496 5379 2908 5460 differ1·et;
2976 5384 3056 5453 et
3115 5378 3230 5452 sic
3281 5378 3359 5451 in
3420 5399 3554 5450 nu-

2005 5517 2233 5568 mero
2280 5496 2530 5568 tertio
2565 5516 2726 5568 non
2759 5498 3034 5569 essent
3087 5499 3256 5568 tres
3294 5493 3552 5567 unita-

2005 5622 2156 5698 tos,
2197 5614 2327 5685 sed
2362 5614 2623 5685 solum
2651 5631 2830 5685 una.

3670 3581 3762 3630 cio,
