4252 6393
1833 399 2087 463 CAPUT
2130 399 2229 462 IV.

432 559 1120 633 contradictione:
1159 578 1348 630 nam
1384 559 1463 631 in
1496 560 1728 649 cujus
1762 559 1976 649 cogi·

437 677 746 749 tatione
781 676 1225 748 includitur
1264 676 1831 755 contradictio,
1891 677 1978 748 il-

433 795 565 866 lud
594 794 822 868 debet
862 794 1016 866 dici
1051 813 1210 865 non
1243 793 1703 882 cogitabile,
1748 798 1826 867 et
1864 794 1979 867 ita

437 914 586 983 est.
626 915 799 984 Duo
832 911 1048 983 enim
1085 914 1268 983 sunt
1341 916 1530 985 tunc
1594 913 1982 1002 cogitabi-

440 1029 548 1100 lia
584 1028 984 1121 opposita,
1044 1050 1219 1120 quae
1290 1028 1513 1101 nullo
1578 1030 1810 1101 modo
1875 1029 1982 1101 sa-

441 1145 665 1218 ciunt
710 1164 953 1215 unum
1015 1145 1474 1235 cogitabile,
1550 1147 1739 1237 quia
1800 1167 1983 1217 neu-

439 1267 664 1335 trum
723 1262 1211 1336 determinat
1272 1263 1650 1335 alterum.
1715 1263 1983 1356 Sequi-

444 1382 888 1452 turautem
951 1378 1112 1452 tale
1183 1399 1495 1449 summe
1546 1379 1985 1468 cogitabile

441 1518 619 1567 esse
682 1495 762 1567 in
825 1516 938 1576 re,
1008 1516 1149 1587 per
1218 1496 1421 1587 quod
1496 1495 1988 1569 describitur

445 1616 684 1687 Deus.

535 1732 753 1812 Quod
816 1729 1295 1810 ostenditur,
1375 1730 1640 1822 primo
1699 1732 1790 1802 de
1856 1756 1991 1798 esse

445 1847 974 1940 quidditativo
1009 1873 1023 1916 :
1090 1847 1278 1939 quia
1315 1848 1393 1919 in
1425 1847 1572 1919 tali
1602 1847 1988 1937 cogitabi-

451 1967 501 2038 li
539 1983 858 2036 summo
902 1985 1214 2037 summe
1249 1965 1594 2058 quiescit
1636 1964 1990 2038 intellec-

447 2087 581 2156 tus
618 2106 632 2161 ;
669 2100 870 2169 ergo
903 2084 1029 2154 est
1083 2081 1161 2153 in
1226 2082 1402 2175 ipso
1469 2082 1683 2155 ratio
1745 2082 1989 2175 primi

456 2197 750 2290 objecti
787 2196 1273 2278 intellectus,
1315 2195 1628 2269 scilicet
1661 2196 1872 2269 entis
1913 2200 1993 2269 et

120 2326 391 2402 Summum
452 2315 529 2386 in
566 2335 910 2387 summo.
939 2315 1203 2393 Ultra,
1231 2313 1321 2384 de
1353 2338 1486 2383 esse
1506 2314 1989 2390 existentiae,

119 2390 409 2514 εἷῗῧῖξῖῑιῗιὲἶε
453 2452 858 2503 summum
920 2433 1355 2523 cogitabile
1417 2452 1573 2502 non
1637 2433 1758 2502 est
1820 2434 1995 2503 tan-

200 2522 332 2564 ‘²‘''¹'
453 2553 624 2619 tum
663 2547 1073 2622 intellectu
1113 2549 1556 2638 cogitante,
1596 2547 1780 2639 quia
1806 2549 1994 2618 tunc

457 2669 731 2756 posset
762 2687 966 2748 esse,
997 2666 1183 2757 quia
1216 2664 1695 2756 cogitabile:
1733 2668 1814 2737 et
1839 2684 1996 2735 non

456 2785 732 2873 posset
766 2804 971 2862 esse,
1011 2782 1201 2873 quia
1233 2782 1536 2855 rationi
1564 2782 1740 2872 ejus
1772 2803 1996 2873 repu-

454 2902 652 2988 gnat
684 2919 862 2969 esse
926 2900 1024 2970 ab
1084 2899 1272 2980 alie,
1341 2899 1772 2969 secundum
1834 2901 1996 2969 ter-

453 3017 656 3086 tiam
690 3019 771 3089 et
806 3019 1188 3107 quartani
1241 3014 1494 3087 tertii.
1545 3015 1811 3104 Majus
1858 3013 1996 3102 igi-

453 3138 589 3206 tur
623 3132 1058 3223 cogitabile
1090 3136 1215 3206 est
1251 3132 1442 3204 illud
1478 3132 1683 3224 quod
1725 3135 1847 3204 est
1918 3131 1996 3203 in

456 3272 565 3331 re,
605 3269 844 3341 quam
907 3252 1114 3341 quod
1178 3250 1256 3320 in
1336 3250 1752 3323 intellectu
1826 3253 1997 3321 tan-

449 3372 683 3445 tum;
758 3386 917 3437 non
992 3366 1106 3437 sic
1187 3366 1706 3456 intelligendo
1790 3366 1997 3455 quod

457 3481 662 3552 idem
700 3479 767 3551 si
816 3480 1255 3569 cogitetur,
1303 3501 1447 3572 per
1500 3480 1648 3552 hoc
1697 3481 1803 3554 sit
1839 3500 1997 3551 ma-

440 3599 574 3687 jus
617 3596 1084 3687 cogitabile,
1126 3597 1192 3668 si
1226 3597 1556 3679 existat,
1601 3600 1732 3668 sed
1780 3598 1997 3670 omni

444 3716 647 3806 quod
683 3720 809 3788 est
843 3715 923 3787 in
977 3715 1397 3789 intellectu
1467 3719 1810 3796 tantum,
1873 3720 1996 3788 est

447 3833 708 3923 majus
820 3832 1138 3925 aliquod
1241 3833 1705 3922 cogitabile,
1796 3834 1998 3923 quod

449 3950 758 4023 existit.

234 4095 311 4147 εὖ,
535 4066 679 4137 Vel
740 4066 987 4138 aliter
1045 4066 1472 4140 coloratur
1522 4066 1680 4138 sic:
1733 4066 1998 4156 Majus

447 4181 880 4272 cogitabile
918 4187 1068 4263 est,
1132 4183 1338 4274 quod
1378 4182 1688 4262 existit,
1739 4182 1813 4253 id
1845 4185 1993 4263 est,

451 4300 887 4392 perfectius
928 4301 1499 4393 cognoscibile,
1562 4302 1754 4393 quia
1811 4301 1997 4373 visi-

446 4417 900 4509 bilez'quod
943 4424 1219 4491 autem
1290 4439 1448 4490 non
1499 4419 1807 4499 exis-tit,
1855 4440 1998 4491 nec

447 4534 523 4605 in
579 4556 687 4616 se,
754 4556 897 4606 nee
966 4532 1046 4607 in
1123 4535 1534 4614 nobiliori,
1604 4536 1737 4607 cui
1799 4535 1998 4608 nihil

445 4651 682 4731 addit,
720 4671 876 4722 non
921 4656 1046 4726 est
1077 4651 1447 4731 visibile;
1500 4651 1817 4723 visibile
1868 4672 1999 4723 au-

447 4772 607 4839 tem
675 4771 798 4839 est
894 4767 1335 4859 perfectius
1421 4769 1994 4859 cognoscibile,

446 4903 602 4954 non
639 4883 965 4964 visibili,
1003 4884 1136 4955 sed
1168 4884 1728 4957 tantummodo
1775 4885 2001 4958 intel-

445 5000 738 5090 ligibili
824 5000 1354 5081 abstractive;
1418 5020 1615 5090 ergo
1702 5000 2001 5093 perfee-

449 5117 767 5189 tissime
806 5116 1355 5206 cognoscibile
1376 5116 1685 5190 existit.

149 5242 413 5360 ’,ζέιίιὲἶὶἰὶ
540 5236 786 5306 Sexta
868 5234 1000 5306 via
1089 5235 1185 5305 ad
1290 5233 1799 5324 propositum
1903 5254 1999 5304 ex

150 5368 205 5436 5³11
230 5370 404 5444 bqnum
458 5356 688 5443 parte
723 5352 928 5431 finis,
964 5358 1089 5425 est
1121 5351 1347 5423 talis:
1387 5351 1782 5422 Voluntas
1826 5371 2002 5421 nos-

150 5434 426 5565 ᾎῗῗῗῖἷῖῗῑᾈ
457 5473 586 5540 tra
641 5474 907 5560 potest
943 5469 1161 5541 omni
1206 5470 1360 5540 fine
1409 5468 1639 5541 finito
1701 5467 2001 5557 aliquid

167 5564 423 5613 ““'⁶“⁸²“''·
455 5586 718 5679 majus
777 5590 1187 5680 appetere,
1240 5586 1368 5660 vel
1420 5605 1724 5668 amare,
1792 5585 2002 5660 sieut

3514 397 3635 462 779

2088 558 2552 632 intellectus
2623 559 3125 649 intelligere:
3180 564 3260 632 et
3330 560 3651 632 videtur

2089 669 2520 748 inclinatio
2579 676 2985 749 naturalis
3052 676 3147 747 ad
3217 678 3648 748 amandum

2093 813 2406 864 summe
2432 793 2729 865 bonum
2766 793 3197 875 infinitum,
3237 813 3421 865 nam
3473 794 3650 866 inde

2092 911 2480 997 arguitur
2557 910 2975 984 inclinatio
3074 911 3484 983 naturalis
3570 912 3650 984 in

2091 1026 2518 1100 voluntate
2551 1029 2642 1098 ad
2677 1027 3004 1118 aliquid,
3044 1029 3232 1119 quia
3262 1050 3360 1099 ex
3408 1051 3517 1110 se,
3570 1033 3649 1102 et

2095 1139 2268 1211 sine
2312 1139 2585 1212 habitu
2627 1143 3002 1231 prompte
3034 1145 3114 1213 et
3164 1140 3653 1215 delectabili-

2098 1261 2226 1330 ter
2260 1256 2433 1330 vult
2469 1256 2699 1327 illud:
2738 1257 3118 1330 voluntas
3158 1258 3413 1329 libera
3443 1258 3653 1331 sieut

2096 1371 2596 1464 experimur,
2632 1393 2792 1444 non
2821 1371 3145 1445 videtur
3179 1373 3259 1445 in
3291 1374 3453 1446 alio
3481 1394 3654 1466 per·

2100 1488 2307 1562 fecte
2350 1489 2729 1581 quietari,
2755 1511 2995 1580 quam
3043 1490 3119 1562 in
3140 1491 3483 1563 amando
3524 1492 3654 1563 bo-

2100 1628 2294 1679 num
2331 1608 2762 1682 infinitum.
2814 1610 3226 1691 Quomodo
3261 1608 3455 1680 illud
3497 1629 3654 1680 non

2100 1726 2602 1800 naturaliter
2638 1727 2922 1806 odiret,
2979 1725 3045 1796 si
3078 1729 3296 1797 esset
3340 1723 3656 1816 opposi-

2103 1847 2276 1916 tum
2329 1842 2453 1913 sui
2508 1842 2830 1932 objecti,
2888 1842 3098 1914 sicut
3156 1840 3657 1913 naturaliter

2105 1959 2270 2033 odit
2319 1979 2478 2029 non
2517 1962 2754 2030 esse?

2525 2158 2616 2214 SC
2640 2158 2970 2216 HOLIUM
3054 2157 3234 2213 v111.

2179 2338 2445 2409 Septimo
2476 2337 2694 2408 probat
2735 2336 3111 2393 infinitatem
3152 2339 3337 2409 primi
3378 2341 3539 2396 entis
3579 2357 3655 2398 ex

2103 2438 2241 2507 ejus
2271 2437 2631 2502 efficientia,
2683 2438 2831 2506 quia
2881 2435 3223 2493 secundum
3258 2438 3655 2496 Aristotelem

2108 2538 2314 2592 movet
2370 2540 2534 2591 motu
2580 2534 2842 2591 infinito.
2894 2535 3072 2590 Circa
3122 2534 3284 2605 quod
3332 2538 3552 2594 recitat
3597 2541 3658 2594 et

2108 2635 2344 2689 refutat
2373 2633 2640 2688 alioruin
2673 2633 3109 2703 expositiones,
3150 2631 3226 2688 de
3265 2648 3387 2704 quo
3422 2635 3469 2689 I.
3503 2633 3563 2690 d.
3597 2637 3651 2691 2.
3751 2622 3756 2628 ’

2109 2736 2325 2805 quaest.
2359 2733 2413 2788 2.
2445 2733 2808 2797 §.Primam
2837 2733 3029 2797 viam,
3054 2746 3114 2786 n.
3149 2731 3238 2786 25.
3271 2737 3330 2787 et
3357 2732 3571 2798 Quodl.
3601 2734 3657 2790 9.

2109 2828 2289 2883 Ponit
2319 2825 2471 2882 duas
2504 2828 2834 2884 instantias
2882 2830 3097 2883 contra
3156 2841 3299 2884 suas
3349 2829 3659 2899 improba-

2106 2927 2326 2982 tiones.
2363 2924 2454 2981 Ad
2488 2927 2777 2995 primam,
2812 2926 3084 2996 explieat
3122 2926 3425 2997 quomodo
3475 2928 3658 2983 simul

2108 3037 2286 3093 posse
2327 3022 2671 3093 producere
2700 3024 2884 3093 plura
2916 3026 3128 3093 arguit
3158 3026 3455 3095 majorem
3505 3040 3659 3097 per-

2107 3122 2462 3187 fectionem,
2512 3126 2571 3176 et
2602 3123 2803 3189 tangit
2833 3135 2912 3176 an
2952 3121 3417 3179 demonstretur
3467 3125 3654 3178 Deum

2108 3213 2469 3270 immediate
2526 3230 2701 3286 posse
2756 3229 3014 3271 causare
3062 3230 3244 3271 omne
3312 3216 3654 3282 causabile,

2109 3313 2244 3367 sine
2274 3327 2581 3367 concursu
2614 3312 2876 3368 alterius
2907 3327 3129 3379 causac,
3154 3313 3230 3370 de
3260 3330 3382 3386 quo
3414 3313 3539 3370 1.d.
3565 3316 3654 3372 42.

2081 3414 2170 3465 et
2201 3409 2410 3481 quedl.
2441 3412 2497 3465 7.
2531 3409 2607 3465 de
2644 3425 2767 3481 quo
2805 3410 3113 3481 quidquid
3146 3413 3244 3477 sit,
3288 3413 3480 3469 infert
3519 3414 3658 3469 infi-

2110 3512 2369 3565 nitatem
2402 3524 2476 3564 ex
2526 3509 2895 3566 causalitate
2937 3512 3121 3582 primi
3155 3513 3337 3579 entis,
3387 3515 3535 3583 quia
3567 3516 3659 3568 est

2111 3609 2410 3680 perfectio
2438 3610 2801 3666 causalitate
2831 3612 3108 3666 omnium
3146 3625 3477 3667 causarum
3526 3612 3656 3667 sor-

2113 3707 2383 3763 maliter.
2422 3706 2513 3763 Ad
2549 3707 2915 3774 secundum,
2948 3709 3220 3780 explieat
3248 3709 3552 3781 quomodo
3580 3727 3658 3768 ex

2112 3807 2466 3875 cognitione
2505 3808 2776 3863 aliorum
2811 3810 2874 3863 in
2905 3810 3104 3878 primo
3134 3813 3297 3876 ente,
3330 3810 3662 3880 colligitur

2113 3904 2421 3972 infinitaS,
2454 3910 2515 3962 et
2546 3922 2664 3962 non
2698 3922 2771 3961 ex
2805 3907 3139 3965 efficientia
3170 3909 3441 3967 aliorum
3472 3926 3507 3967 a
3536 3926 3622 3968 se.

2203 4058 2565 4150 Septima
2622 4059 2754 4131 via
2792 4066 2917 4134 est
2964 4082 3061 4133 ex
3114 4067 3345 4153 parte
3396 4086 3662 4139 causae
3800 4096 3887 4149 25,

2111 4174 2563 4258 efficientis,
2608 4198 2846 4269 quam
2889 4180 3663 4271 tangitAristoteles

2116 4296 2195 4368 in
2243 4300 2311 4366 8.
2363 4300 2713 4383 Physicor.
2790 4312 2949 4367 text.
3022 4324 3184 4369 com.
3254 4306 3365 4375 78.
3422 4316 3484 4371 ec
3550 4307 3657 4376 12.

2111 4419 2546 4502 Melaphysic.
2584 4431 2743 4484 eeoee.
2780 4441 2941 4485 com.
2979 4420 3083 4490 41.
3136 4421 3324 4510 quia
3394 4428 3664 4496 movet
3730 4486 3739 4493 .

2117 4535 2341 4603 motu
2416 4533 2771 4611 intinito;
2840 4554 3039 4626 ergo
3109 4536 3347 4611 habet
3390 4544 3665 4631 poten-

2115 4648 2314 4722 tiam
2360 4648 2781 4722 infinitam.
2846 4654 3027 4725 Haec
3092 4654 3305 4727 ratio
3348 4655 3669 4727 colora-

2116 4767 2252 4835 tur
2312 4767 2699 4855 quantnm
2746 4768 2839 4837 ad
2900 4769 3421 4842 antecedens:
3483 4772 3670 4863 qnia

2112 4901 2335 4970 aeque
2481 4882 2997 4958 concluditur
3155 4887 3668 4980 propositum

2115 4996 2181 5067 si
2254 5003 2528 5088 posset
2601 5019 2927 5097 movere
3010 5022 3156 5094 per
3231 5003 3662 5084 infinitum,

2115 5112 2326 5185 sieut
2387 5113 2454 5184 si
2527 5120 2821 5196 movet,
2901 5118 3087 5209 quia
3146 5118 3349 5189 idem
3408 5123 3533 5192 est
3591 5119 3665 5191 ei

2114 5228 2381 5319 ipsum
2421 5252 2599 5303 esse
2648 5232 2725 5303 in
2769 5236 2950 5304 actu
3003 5235 3080 5305 et
3137 5233 3214 5304 in
3268 5235 3656 5325 potentia.

2115 5353 2521 5428 Quantum
2591 5351 2682 5420 ad
2762 5349 3425 5440 consequentiam
3484 5353 3654 5425 sic:

2115 5464 2304 5555 quia
2338 5465 2404 5537 si
2447 5487 2545 5536 ex
2590 5489 2696 5547 se,
2742 5471 2820 5539 et
2883 5486 3038 5537 non
3075 5488 3172 5538 ex
3214 5466 3521 5542 virtute
3556 5470 3660 5539 al·
3713 5489 3861 5543 Quod
3882 5504 3983 5550 po-

2116 5583 2374 5660 terius
2430 5588 2697 5662 movet
2750 5583 3065 5664 infinito
3137 5590 3402 5673 motu;
3457 5551 4005 5681 ergo‘ssffiess'f‘ubffe
