4252 6393
1679 405 2046 484 QUAESTlo
2091 407 2169 468 XI

361 569 682 642 medium
742 567 1132 662 potentia,
1190 590 1238 643 a
1310 589 1465 661 qua
1522 569 1645 640 est
1707 567 1877 659 ipse

356 692 593 760 aetus.

436 804 625 875 Item
647 801 1122 894 experimur
1144 803 1235 875 de
1269 801 1683 895 potentiis,
1713 801 1880 892 qui-

357 920 485 991 bus
532 922 691 992 Deo
752 919 1103 999 unimur,
1171 919 1376 1010 quod
1444 921 1723 990 mutuo
1795 940 1877 990 se

354 1036 692 1128 capiunt.
732 1038 960 1117 Item,
999 1035 1360 1107 videmus
1397 1035 1602 1126 quod
1628 1055 1877 1127 supra

355 1174 451 1234 se,
485 1157 561 1226 et
593 1174 843 1246 supra.
880 1154 1154 1226 omnia
1175 1153 1405 1246 plene
1440 1173 1523 1223 se
1548 1171 1878 1223 conver-

352 1275 539 1344 tunt.

434 1389 651 1468 Item,
737 1388 944 1479 quod
1014 1392 1202 1461 sunt
1270 1387 1877 1459 universalissi-

352 1524 509 1584 mae,
552 1507 630 1576 et
672 1503 767 1575 ad
797 1503 1108 1575 nullum
1161 1522 1413 1593 genus
1454 1504 1664 1577 entis
1706 1522 1877 1575 are-

350 1623 549 1692 tatae.
615 1622 845 1702 Item,
911 1621 1101 1711 quia
1162 1620 1240 1692 in
1312 1621 1479 1692 suis
1563 1620 1875 1693 actibus

350 1739 611 1807 mutuo
659 1757 743 1806 se
792 1736 1249 1828 expediunt,
1323 1737 1509 1829 quia
1573 1740 1874 1827 quanto

347 1849 635 1923 clarius
686 1851 1087 1942 intelligo,
1156 1857 1385 1925 tanto
1456 1852 1875 1926 ardentius

344 1964 597 2058 diligo.

426 2088 539 2156 Ex
580 2085 709 2156 liis
745 2089 1100 2178 quatuor
1133 2089 1383 2178 patet,
1441 2087 1647 2177 quod
1700 2086 1876 2160 istae

348 2202 715 2293 potentiae
758 2203 980 2274 nullo
1028 2203 1261 2275 modo
1331 2208 1672 2295 possunt
1731 2204 1877 2276 dif-

347 2317 547 2390 ferre
583 2339 675 2390 re
709 2319 1112 2392 absoluta.
1164 2319 1384 2402 Quod
1429 2320 1644 2392 enim
1710 2343 1878 2393 mu-

346 2440 472 2507 tuo
539 2457 625 2506 se
686 2435 1037 2528 capiant,
1089 2435 1412 2509 videtur
1452 2437 1876 2511 excludere

342 2551 918 2635 diversitatem,
984 2555 1069 2624 ut
1116 2556 1341 2645 patet
1378 2554 1456 2624 in
1501 2555 1875 2646 personis

340 2668 645 2742 divinis.
737 2671 956 2753 Quod
1041 2671 1290 2743 etiam
1381 2691 1537 2742 una
1626 2693 1875 2764 supra

340 2786 570 2858 aliam
617 2788 994 2861 totaliter
1053 2810 1135 2859 se
1169 2791 1624 2870 convertat,
1673 2789 1876 2861 vide-

340 2907 463 2974 tur
497 2904 766 2976 dicere
802 2904 1171 2976 intimam
1208 2904 1615 2977 unionem.
1655 2907 1873 2987 Quod

338 3019 487 3093 sint
558 3020 1317 3102 universalissimae,
1408 3021 1729 3094 videtur
1793 3021 1871 3092 in

340 3156 416 3207 re
445 3135 712 3210 dicere
757 3136 1094 3210 totalem
1165 3137 1590 3219 unitatem,
1661 3138 1870 3209 sicut

337 3253 525 3326 idem
563 3275 655 3326 re
689 3240 810 3326 est
847 3255 1145 3325 bonum
1180 3258 1259 3327 et
1294 3275 1607 3326 verum.
1654 3255 1870 3325 Unde

336 3368 395 3439 si
426 3370 870 3451 differrent,
936 3391 1094 3441 non
1134 3374 1404 3442 essent
1451 3371 1870 3442 universa-

341 3483 661 3558 lissimae
741 3487 1113 3577 respectu
1195 3485 1458 3557 omnis
1547 3486 1864 3579 obJeeti.

338 3604 542 3683 Quod
578 3624 666 3675 se
723 3602 1176 3694 expediant,
1238 3602 1558 3674 videtur
1605 3603 1869 3675 dicere

334 3720 698 3794 essentiae
734 3721 1165 3801 unitatcm;
1216 3741 1397 3817 quae
1436 3725 1620 3793 sunt
1656 3721 1871 3793 colli-

335 3839 535 3923 gata,
575 3858 662 3909 se
703 3837 1173 3929 impediunt,
1202 3841 1291 3909 ut
1318 3840 1537 3930 patet
1573 3837 1650 3909 in
1684 3838 1869 3910 aliis

330 3950 881 4025 descendendo,

420 4070 642 4150 Item,
693 4069 903 4143 sieut
957 4073 1180 4161 patet
1242 4067 1321 4139 in
1364 4069 1863 4160 Astrologia,

333 4181 462 4254 illa
497 4184 798 4277 positio
833 4184 1131 4257 dicitur
1162 4185 1470 4266 verior,
1511 4206 1684 4275 quae
1720 4184 1869 4255 sal-

334 4305 457 4374 vat
527 4301 817 4374 melius
888 4301 1412 4395 apparentia;
1503 4322 1701 4390 ergo
1792 4300 1869 4370 in

335 4415 768 4509 'l'heologia
820 4418 960 4489 illa
1029 4417 1327 4509 positio
1384 4422 1508 4490 est
1562 4419 1865 4497 verior,

336 4556 497 4625 quae
540 4535 806 4608 salvat
843 4534 1131 4606 melius
1194 4534 1452 4606 fidem.
1520 4534 1664 4605 Sed
1725 4535 1870 4605 fide

337 4653 715 4730 tenemus,
783 4651 987 4741 quod
1032 4649 1305 4721 anima
1347 4653 1473 4721 est
1515 4648 1608 4720 ad
1673 4650 1872 4721 ima-

336 4764 593 4853 ginem
626 4766 798 4846 Dei,
837 4768 1042 4857 quod
1077 4767 1343 4837 salvat
1380 4765 1666 4836 melius
1699 4764 1867 4835 lia‘c

338 4884 620 4971 positio
675 4904 915 4974 qua-m
964 4881 1238 4973 aliqua
1293 4881 1479 4963 alia,
1527 4881 1713 4973 quia
1772 4880 1869 4951 si·

333 5002 455 5069 cit
494 5001 865 5092 ponimus
904 5000 981 5072 in
1018 5002 1184 5072 Deo
1234 5001 1340 5085 (et
1383 5019 1669 5070 verum
1717 5002 1870 5087 est)

335 5117 528 5204 quod
592 5116 949 5189 essentia
1032 5118 1111 5188 et
1195 5115 1485 5187 relatio
1573 5114 1871 5186 consti-

334 5234 558 5304 tuunt
599 5253 1060 5325 personam,
1128 5237 1208 5304 et
1255 5251 1601 5323 persona
1665 5230 1862 5302 nihil

332 5348 649 5422 additad
680 5348 1119 5421 essentiam
1154 5347 1310 5418 nisi
1350 5348 1857 5428 relationem,

333 5466 404 5533 et
446 5468 645 5555 quod
689 5465 863 5536 sola
906 5464 1304 5537 relatione
1358 5463 1863 5552 distinguun-

3408 400 3527 467 473

1992 566 2225 648 idem,
2305 567 2422 639 ita
2503 567 2881 659 ponimus
2952 567 3033 639 in
3090 566 3387 648 anima,
3463 565 3533 639 si

1996 683 2380 774 potentiae
2418 684 2593 756 solo
2628 689 3001 776 respectu
3037 684 3537 774 distinguan-

1994 803 2182 871 tur:
2227 801 2290 873 si
2335 807 2606 874 autem
2661 804 2930 873 essent
2976 806 3158 874 actu
3222 801 3539 872 absolu-

1993 919 2101 995 ta,
2149 937 2310 988 non
2368 921 2581 988 esset
2627 917 3181 1009 potentiarum
3233 916 3350 989 ita
3382 936 3539 988 una

1988 1033 2369 1114 essentia,
2396 1054 2540 1106 nee
2575 1033 2867 1105 similis
2913 1034 3191 1106 modus
3222 1030 3541 1105 distinc-

1991 1146 2240 1221 tionis
2276 1174 2290 1229 ;
2337 1170 2534 1241 ergo
2575 1149 2744 1222 haec
2789 1149 3087 1242 positio
3121 1151 3246 1222 est
3279 1149 3538 1239 magis

1993 1265 2318 1336 salvans
2360 1265 2796 1339 veritatem
2839 1267 3041 1338 fidei.

2267 1588 2687 1644 ARTICULUS
2755 1590 2847 1645 111.
2924 1588 3125 1643 SECT.
3201 1590 3262 1644 11.

1997 1771 2338 1848 Quomodo
2381 1781 2440 1836 el
2484 1793 2606 1858 per
2640 1771 2803 1859 quid
2860 1771 3422 1850 determinantur,
3475 1777 3539 1839 et
3583 1774 3592 1786 '

2078 1888 2597 1973 ‹Iislinymmlur
2628 1890 2946 1974 potentine
2995 1889 3070 1954 in
3109 1889 3338 1955 eadem
3376 1889 3537 1954 sim-

2075 2005 2246 2090 plici
2285 2006 2569 2070 essentia
2616 2004 2917 2071 animm?

2080 2198 2463 2290 Sequitur
2532 2199 2826 2278 videre,
2899 2218 2998 2268 ex
3039 2218 3194 2290 quo
3263 2196 3535 2270 anima
3677 2229 3758 2278 24,

1988 2322 2111 2389 est
2158 2317 2388 2398 idem,
2436 2317 2644 2407 quod
2690 2336 2852 2386 suae·
2917 2315 3302 2408 potentia}
3366 2335 3534 2387 rea-

1991 2433 2210 2515 liter,
2272 2455 2453 2505 cum
2502 2433 2705 2505 idem
2747 2452 2909 2504 non
2979 2432 3241 2524 possit
3284 2432 3536 2525 pluri-
3589 2467 3594 2478 =

1989 2550 2221 2622 ficari
2254 2551 2413 2621 nisi
2469 2571 2610 2642 per
2641 2549 3155 2629 divisioncm;
3196 2552 3281 2620 ut
3316 2554 3541 2642 patet

1993 2667 2070 2737 in
2111 2666 2524 2744 continuo,
2590 2663 2794 2757 quod
2856 2664 3121 2737 locum
3189 2686 3348 2735 non
3409 2664 3540 2736 ha-

1988 2782 2119 2854 bet
2158 2782 2234 2853 in
2270 2781 2537 2853 anima
2570 2806 2584 2861 ;
2626 2786 2713 2854 ut
2750 2785 2971 2874 patet
3043 2782 3121 2853 in
3170 2782 3540 2874 personis

1987 2897 2306 2979 divinis,
2373 2919 2546 2990 quae
2601 2898 3000 2970 relatione
3041 2898 3541 2989 distinguun-

1990 3021 2125 3088 tur
2168 3020 2245 3088 et
2294 3014 2888 3108 plurificantur,
2928 3035 3109 3086 cum
3154 3016 3538 3107 potentiae

1987 3152 2148 3205 non
2218 3132 2833 3223 distinguantur
2906 3151 3050 3222 per
3136 3130 3534 3215 absoluta,

1984 3250 2306 3323 videtur
2407 3251 2612 3341 quod
2700 3248 3312 3337 distinguantur
3397 3272 3541 3342 per

1989 3368 2456 3451 relationes,
2495 3368 2618 3439 vel
2675 3387 2817 3458 per
2878 3364 3399 3458 operationes
3443 3368 3537 3440 ad

1982 3487 2302 3559 diversa
2348 3484 2682 3576 objecta.

2078 3604 2215 3671 Est
2252 3602 2522 3671 autem
2591 3597 3025 3670 difficultas
3075 3596 3296 3669 circa
3340 3595 3513 3678 hoc,
3563 3633 3848 3682 Probum,

1984 3718 2171 3810 quia
2211 3739 2394 3789 cum
2429 3716 2699 3788 anima
2742 3715 2820 3787 in
2874 3713 3331 3788 substantia
3373 3734 3519 3785 sua
3615 3693 3859 3817 „ssfssffiff

1984 3835 2089 3909 sit
2125 3835 2451 3908 omnino
2497 3854 2675 3913 una,
2730 3853 2888 3903 non
2955 3832 3277 3905 videtur
3318 3836 3524 3925 quod
3555 3819 3883 3944 ἶξβέἦξζξξά

1988 3954 2063 4025 in
2106 3973 2201 4023 ea
2235 3952 2338 4023 sit
2383 3948 2706 4040 aliquid,
2755 3969 2900 4041 per
2944 3949 3147 4040 quod
3208 3950 3313 4022 sit
3349 3971 3530 4023 eau-
3560 3943 3880 4068 ffifjfflfflg

1985 4090 2071 4139 sa
2128 4066 2658 4159 plura-litatis,
2725 4085 2905 4136 eum
2968 4064 3217 4135 etiam
3263 4069 3534 4155 poten·
3594 4054 3858 4179 ‘mnasi-

1983 4186 2119 4258 tiae
2168 4184 2332 4256 sint
2377 4182 2526 4253 sibi
2598 4181 3202 4262 connaturales,
3274 4186 3353 4254 et
3396 4181 3535 4253 ha-

1984 4302 2222 4371 beant
2279 4299 2494 4369 inter
2562 4318 2645 4366 se
2689 4296 3150 4369 naturalem
3213 4295 3537 4369 distinc-

1986 4416 2292 4489 tionem
2342 4439 2355 4481 :
2395 4434 2568 4504 quae
2603 4412 3019 4485 distinctio
3067 4414 3537 4485 necessario

1986 4536 2113 4604 est
2183 4552 2228 4602 a
2308 4529 2765 4602 substantia
2839 4529 3158 4609 animae,
3219 4530 3539 4602 videtur

1986 4649 2196 4739 quod
2229 4646 2530 4737 aliquid
2572 4645 2785 4717 aliud
2841 4644 2945 4717 sit
2990 4644 3068 4715 in
3111 4646 3383 4717 anima
3427 4647 3539 4718 ul-

1980 4768 2118 4836 tra
2194 4762 2734 4834 substantiam
2810 4782 3065 4842 sua-m,
3121 4781 3267 4854 per
3331 4764 3536 4853 quod

1981 4879 2619 4971 distinguantur.

2076 4998 2305 5075 Item,
2381 4997 2608 5066 actus
2680 4992 2971 5064 animae
3053 4997 3392 5084 possunt
3460 4993 3532 5065 ei
3565 5009 3873 5075 ,11r92c1n.2.

1980 5114 2258 5184 adesse
2317 5116 2397 5184 et
2439 5111 2761 5190 aliesse;
2809 5130 3005 5199 ergo
3050 5130 3210 5180 non
3251 5114 3371 5181 est
3407 5109 3528 5181 de-

1980 5229 2424 5302 terminata
2462 5228 2553 5298 ad
2591 5226 2776 5298 illos
2809 5226 2898 5296 de
2943 5247 3067 5304 se;
3122 5245 3319 5315 ergo
3377 5246 3524 5316 per

1976 5347 2215 5427 aliud,
2264 5345 2468 5435 quod
2510 5364 2671 5413 non
2700 5346 2824 5414 est
2858 5342 3246 5434 potentIa.

2066 5467 2298 5543 Item,
2362 5482 2455 5532 ea
2518 5481 2689 5551 quae
2725 5459 3019 5532 habent
3058 5484 3191 5527 esse
3226 5461 3304 5531 in
3359 5465 3515 5545 fieri
3567 5469 3878 5538 Amanus,

335 5582 485 5659 tur,
557 5586 628 5655 et
703 5582 906 5673 quod
975 5582 1411 5653 relationes
1473 5602 1633 5652 non
1676 5588 1860 5655 sunt
1971 5595 2053 5671 jn
2133 5578 2521 5669 subjecto,
2603 5581 3238 5668 praesupponunt
3307 5574 3479 5647 acci
