<?xml version="1.0" encoding="UTF-8"?>
<!DOCTYPE html PUBLIC "-//W3C//DTD XHTML 1.0 Transitional//EN"
    "http://www.w3.org/TR/xhtml1/DTD/xhtml1-transitional.dtd">
<html xmlns="http://www.w3.org/1999/xhtml" xml:lang="en" lang="en">
 <head>
  <title>
</title>
<meta http-equiv="Content-Type" content="text/html;charset=utf-8" />
  <meta name='ocr-system' content='tesseract 3.04.00' />
  <meta name='ocr-capabilities' content='ocr_page ocr_carea ocr_par ocr_line ocrx_word'/>
</head>
<body>
  <div class='ocr_page' id='page_1' title='image "./joannisdunsscot03waddgoog_0134.png"; bbox 0 0 4252 6393; ppageno 0'>
   <div class='ocr_carea' id='block_1_1' title="bbox 695 406 806 470">
    <p class='ocr_par' dir='ltr' id='par_1_1' title="bbox 695 406 806 470">
     <span class='ocr_line' id='line_1_1' title="bbox 695 406 806 470; baseline 0.018 -3"><span class='ocrx_word' id='word_1_1' title='bbox 695 406 806 470; x_wconf 76' lang='lat'>122</span> 
     </span>
    </p>
   </div>
   <div class='ocr_carea' id='block_1_2' title="bbox 666 565 2219 5681">
    <p class='ocr_par' dir='ltr' id='par_1_2' title="bbox 666 565 2219 2178">
     <span class='ocr_line' id='line_1_2' title="bbox 674 565 2215 647; baseline 0.001 -10"><span class='ocrx_word' id='word_1_2' title='bbox 674 565 1001 647; x_wconf 90' lang='lat' dir='ltr'>duntur,</span> <span class='ocrx_word' id='word_1_3' title='bbox 1094 570 1366 639; x_wconf 88' lang='lat' dir='ltr'>essent</span> <span class='ocrx_word' id='word_1_4' title='bbox 1445 566 1787 640; x_wconf 75' lang='lat' dir='ltr'>altiores</span> <span class='ocrx_word' id='word_1_5' title='bbox 1877 566 2215 640; x_wconf 86' lang='lat' dir='ltr'>orificiis</span> 
     </span>
     <span class='ocr_line' id='line_1_3' title="bbox 676 680 2217 776; baseline 0.003 -24"><span class='ocrx_word' id='word_1_6' title='bbox 676 680 1030 753; x_wconf 83' lang='lat' dir='ltr'>fontium</span> <span class='ocrx_word' id='word_1_7' title='bbox 1064 707 1078 751; x_wconf 90' lang='lat'>:</span> <span class='ocrx_word' id='word_1_8' title='bbox 1115 701 1621 774; x_wconf 82' lang='lat' dir='ltr'>consequens</span> <span class='ocrx_word' id='word_1_9' title='bbox 1655 682 1979 764; x_wconf 82' lang='lat' dir='ltr'>salsum,</span> <span class='ocrx_word' id='word_1_10' title='bbox 2028 687 2217 776; x_wconf 87' lang='lat' dir='ltr'>quia</span> 
     </span>
     <span class='ocr_line' id='line_1_4' title="bbox 675 799 2216 892; baseline 0.003 -22"><span class='ocrx_word' id='word_1_11' title='bbox 675 801 869 870; x_wconf 90' lang='lat' dir='ltr'>tunc</span> <span class='ocrx_word' id='word_1_12' title='bbox 906 801 1087 871; x_wconf 89' lang='lat' dir='ltr'>tota</span> <span class='ocrx_word' id='word_1_13' title='bbox 1121 819 1329 890; x_wconf 87' lang='lat' dir='ltr'>aqua</span> <span class='ocrx_word' id='word_1_14' title='bbox 1380 799 1726 873; x_wconf 89' lang='lat' dir='ltr'>interius</span> <span class='ocrx_word' id='word_1_15' title='bbox 1772 820 2216 892; x_wconf 86' lang='lat' dir='ltr'>congrega-</span> 
     </span>
     <span class='ocr_line' id='line_1_5' title="bbox 673 915 2211 1009; baseline 0.002 -22"><span class='ocrx_word' id='word_1_16' title='bbox 673 918 761 987; x_wconf 85' lang='lat' dir='ltr'>ta</span> <span class='ocrx_word' id='word_1_17' title='bbox 794 915 1115 1005; x_wconf 83' lang='lat' dir='ltr'>jaceret</span> <span class='ocrx_word' id='word_1_18' title='bbox 1160 935 1411 1009; x_wconf 82' lang='lat' dir='ltr'>super</span> <span class='ocrx_word' id='word_1_19' title='bbox 1453 916 1859 990; x_wconf 87' lang='lat' dir='ltr'>orificium</span> <span class='ocrx_word' id='word_1_20' title='bbox 1930 917 2211 1002; x_wconf 86' lang='lat' dir='ltr'>fontis,</span> 
     </span>
     <span class='ocr_line' id='line_1_6' title="bbox 673 1029 2219 1126; baseline 0.001 -23"><span class='ocrx_word' id='word_1_21' title='bbox 673 1035 754 1105; x_wconf 91' lang='lat' dir='ltr'>et</span> <span class='ocrx_word' id='word_1_22' title='bbox 796 1029 912 1103; x_wconf 89' lang='lat' dir='ltr'>sic</span> <span class='ocrx_word' id='word_1_23' title='bbox 975 1030 1290 1123; x_wconf 83' lang='lat' dir='ltr'>hyeme,</span> <span class='ocrx_word' id='word_1_24' title='bbox 1336 1036 1415 1107; x_wconf 92' lang='lat' dir='ltr'>et</span> <span class='ocrx_word' id='word_1_25' title='bbox 1458 1037 1747 1107; x_wconf 81' lang='lat' dir='ltr'>aestate</span> <span class='ocrx_word' id='word_1_26' title='bbox 1789 1033 2219 1126; x_wconf 82' lang='lat' dir='ltr'>aequaliter</span> 
     </span>
     <span class='ocr_line' id='line_1_7' title="bbox 670 1147 2218 1232; baseline 0.001 -11"><span class='ocrx_word' id='word_1_27' title='bbox 670 1149 1016 1221; x_wconf 89' lang='lat' dir='ltr'>fluerent</span> <span class='ocrx_word' id='word_1_28' title='bbox 1049 1147 1344 1223; x_wconf 85' lang='lat' dir='ltr'>fontes.</span> <span class='ocrx_word' id='word_1_29' title='bbox 1382 1150 2067 1232; x_wconf 80' lang='lat' dir='ltr'>Quemadmodum</span> <span class='ocrx_word' id='word_1_30' title='bbox 2106 1151 2218 1223; x_wconf 81' lang='lat' dir='ltr'>vi-</span> 
     </span>
     <span class='ocr_line' id='line_1_8' title="bbox 667 1265 2216 1361; baseline 0.001 -21"><span class='ocrx_word' id='word_1_31' title='bbox 667 1268 946 1340; x_wconf 80' lang='lat' dir='ltr'>demus</span> <span class='ocrx_word' id='word_1_32' title='bbox 990 1267 1199 1360; x_wconf 90' lang='lat' dir='ltr'>quod</span> <span class='ocrx_word' id='word_1_33' title='bbox 1240 1265 1309 1340; x_wconf 90' lang='lat' dir='ltr'>si</span> <span class='ocrx_word' id='word_1_34' title='bbox 1345 1289 1437 1342; x_wconf 89' lang='lat' dir='ltr'>os</span> <span class='ocrx_word' id='word_1_35' title='bbox 1475 1267 1696 1340; x_wconf 79' lang='lat' dir='ltr'>vasis</span> <span class='ocrx_word' id='word_1_36' title='bbox 1740 1268 1954 1361; x_wconf 90' lang='lat' dir='ltr'>pleni</span> <span class='ocrx_word' id='word_1_37' title='bbox 1988 1288 2216 1361; x_wconf 85' lang='lat' dir='ltr'>aquae</span> 
     </span>
     <span class='ocr_line' id='line_1_9' title="bbox 667 1383 2218 1477; baseline 0.001 -21"><span class='ocrx_word' id='word_1_38' title='bbox 667 1383 1139 1477; x_wconf 76' lang='lat' dir='ltr'>perforetur</span> <span class='ocrx_word' id='word_1_39' title='bbox 1156 1384 1448 1458; x_wconf 85' lang='lat' dir='ltr'>inferiu</span> <span class='ocrx_word' id='word_1_40' title='bbox 1461 1408 1522 1467; x_wconf 91' lang='lat' dir='ltr'>s,</span> <span class='ocrx_word' id='word_1_41' title='bbox 1541 1384 1921 1459; x_wconf 80' lang='lat' dir='ltr'>continue</span> <span class='ocrx_word' id='word_1_42' title='bbox 1941 1385 2136 1459; x_wconf 90' lang='lat' dir='ltr'>decu</span> <span class='ocrx_word' id='word_1_43' title='bbox 2149 1407 2218 1458; x_wconf 91' lang='lat' dir='ltr'>r-</span> 
     </span>
     <span class='ocr_line' id='line_1_10' title="bbox 672 1500 2217 1594; baseline 0.001 -23"><span class='ocrx_word' id='word_1_44' title='bbox 672 1500 787 1575; x_wconf 89' lang='lat' dir='ltr'>rit</span> <span class='ocrx_word' id='word_1_45' title='bbox 836 1501 1300 1594; x_wconf 85' lang='lat' dir='ltr'>aequaliter,</span> <span class='ocrx_word' id='word_1_46' title='bbox 1355 1502 1602 1575; x_wconf 90' lang='lat' dir='ltr'>donec</span> <span class='ocrx_word' id='word_1_47' title='bbox 1658 1522 1818 1574; x_wconf 91' lang='lat' dir='ltr'>non</span> <span class='ocrx_word' id='word_1_48' title='bbox 1887 1502 1995 1576; x_wconf 90' lang='lat' dir='ltr'>sit</span> <span class='ocrx_word' id='word_1_49' title='bbox 2054 1521 2217 1573; x_wconf 87' lang='lat' dir='ltr'>am·</span> 
     </span>
     <span class='ocr_line' id='line_1_11' title="bbox 672 1611 2215 1712; baseline 0.001 -23"><span class='ocrx_word' id='word_1_50' title='bbox 672 1611 888 1709; x_wconf 91' lang='lat' dir='ltr'>plius</span> <span class='ocrx_word' id='word_1_51' title='bbox 922 1639 1131 1712; x_wconf 89' lang='lat' dir='ltr'>aqua</span> <span class='ocrx_word' id='word_1_52' title='bbox 1172 1618 1254 1692; x_wconf 92' lang='lat' dir='ltr'>in</span> <span class='ocrx_word' id='word_1_53' title='bbox 1283 1639 1502 1690; x_wconf 79' lang='lat' dir='ltr'>vase.</span> <span class='ocrx_word' id='word_1_54' title='bbox 1551 1621 1651 1691; x_wconf 87' lang='lat' dir='ltr'>Et</span> <span class='ocrx_word' id='word_1_55' title='bbox 1684 1623 1908 1712; x_wconf 89' lang='lat' dir='ltr'>patet</span> <span class='ocrx_word' id='word_1_56' title='bbox 1939 1639 2215 1692; x_wconf 91' lang='lat' dir='ltr'>eonse-</span> 
     </span>
     <span class='ocr_line' id='line_1_12' title="bbox 675 1736 2213 1830; baseline 0 -22"><span class='ocrx_word' id='word_1_57' title='bbox 675 1736 1002 1830; x_wconf 88' lang='lat' dir='ltr'>qucntia</span> <span class='ocrx_word' id='word_1_58' title='bbox 1039 1755 1186 1828; x_wconf 92' lang='lat' dir='ltr'>per</span> <span class='ocrx_word' id='word_1_59' title='bbox 1229 1736 1565 1811; x_wconf 75' lang='lat' dir='ltr'>tertiam</span> <span class='ocrx_word' id='word_1_60' title='bbox 1598 1737 2213 1810; x_wconf 81' lang='lat' dir='ltr'>conclusionem</span> 
     </span>
     <span class='ocr_line' id='line_1_13' title="bbox 674 1852 2213 1947; baseline 0 -23"><span class='ocrx_word' id='word_1_61' title='bbox 674 1852 963 1947; x_wconf 81' lang='lat' dir='ltr'>primae</span> <span class='ocrx_word' id='word_1_62' title='bbox 1017 1853 1306 1943; x_wconf 87' lang='lat' dir='ltr'>partis,</span> <span class='ocrx_word' id='word_1_63' title='bbox 1364 1853 1554 1944; x_wconf 89' lang='lat' dir='ltr'>quia</span> <span class='ocrx_word' id='word_1_64' title='bbox 1596 1874 1918 1946; x_wconf 88' lang='lat' dir='ltr'>semper</span> <span class='ocrx_word' id='word_1_65' title='bbox 1982 1853 2213 1926; x_wconf 91' lang='lat' dir='ltr'>locus</span> 
     </span>
     <span class='ocr_line' id='line_1_14' title="bbox 675 1969 2210 2060; baseline -0.001 -18"><span class='ocrx_word' id='word_1_66' title='bbox 675 1969 1027 2060; x_wconf 90' lang='lat' dir='ltr'>originis</span> <span class='ocrx_word' id='word_1_67' title='bbox 1085 1989 1316 2060; x_wconf 81' lang='lat' dir='ltr'>aquae</span> <span class='ocrx_word' id='word_1_68' title='bbox 1393 1970 1623 2042; x_wconf 91' lang='lat' dir='ltr'>debet</span> <span class='ocrx_word' id='word_1_69' title='bbox 1679 1992 1856 2041; x_wconf 88' lang='lat' dir='ltr'>esse</span> <span class='ocrx_word' id='word_1_70' title='bbox 1933 1970 2210 2053; x_wconf 88' lang='lat' dir='ltr'>altior,</span> 
     </span>
     <span class='ocr_line' id='line_1_15' title="bbox 666 2085 2209 2178; baseline -0.002 -20"><span class='ocrx_word' id='word_1_71' title='bbox 666 2086 795 2159; x_wconf 85' lang='lat' dir='ltr'>vel</span> <span class='ocrx_word' id='word_1_72' title='bbox 841 2086 1133 2161; x_wconf 89' lang='lat' dir='ltr'>saltem</span> <span class='ocrx_word' id='word_1_73' title='bbox 1174 2106 1398 2178; x_wconf 86' lang='lat' dir='ltr'>aeque</span> <span class='ocrx_word' id='word_1_74' title='bbox 1440 2085 1656 2158; x_wconf 84' lang='lat' dir='ltr'>altus</span> <span class='ocrx_word' id='word_1_75' title='bbox 1700 2087 1880 2159; x_wconf 93' lang='lat' dir='ltr'>loco</span> <span class='ocrx_word' id='word_1_76' title='bbox 1913 2085 2209 2160; x_wconf 78' lang='lat' dir='ltr'>exituS.</span> 
     </span>
    </p>

    <p class='ocr_par' dir='ltr' id='par_1_3' title="bbox 669 2202 2213 3680">
     <span class='ocr_line' id='line_1_16' title="bbox 761 2202 2213 2295; baseline -0.001 -19"><span class='ocrx_word' id='word_1_77' title='bbox 761 2203 1147 2284; x_wconf 82' lang='lat' dir='ltr'>Secundo,</span> <span class='ocrx_word' id='word_1_78' title='bbox 1207 2202 1394 2294; x_wconf 88' lang='lat' dir='ltr'>quia</span> <span class='ocrx_word' id='word_1_79' title='bbox 1453 2205 1521 2275; x_wconf 88' lang='lat' dir='ltr'>si</span> <span class='ocrx_word' id='word_1_80' title='bbox 1582 2222 1789 2294; x_wconf 87' lang='lat' dir='ltr'>aqua</span> <span class='ocrx_word' id='word_1_81' title='bbox 1831 2202 2213 2295; x_wconf 84' lang='lat' dir='ltr'>pluvialis</span> 
     </span>
     <span class='ocr_line' id='line_1_17' title="bbox 669 2319 2208 2414; baseline -0.001 -22"><span class='ocrx_word' id='word_1_82' title='bbox 669 2325 888 2393; x_wconf 89' lang='lat' dir='ltr'>esset</span> <span class='ocrx_word' id='word_1_83' title='bbox 966 2320 1462 2414; x_wconf 87' lang='lat' dir='ltr'>principium</span> <span class='ocrx_word' id='word_1_84' title='bbox 1542 2319 1978 2403; x_wconf 79' lang='lat' dir='ltr'>sufficienS,</span> <span class='ocrx_word' id='word_1_85' title='bbox 2053 2325 2208 2394; x_wconf 91' lang='lat' dir='ltr'>etc.</span> 
     </span>
     <span class='ocr_line' id='line_1_18' title="bbox 671 2437 2212 2531; baseline -0.002 -20"><span class='ocrx_word' id='word_1_86' title='bbox 671 2442 864 2511; x_wconf 90' lang='lat' dir='ltr'>tunc</span> <span class='ocrx_word' id='word_1_87' title='bbox 899 2437 1167 2510; x_wconf 85' lang='lat' dir='ltr'>fontes</span> <span class='ocrx_word' id='word_1_88' title='bbox 1212 2458 1371 2509; x_wconf 92' lang='lat' dir='ltr'>non</span> <span class='ocrx_word' id='word_1_89' title='bbox 1418 2442 1749 2529; x_wconf 81' lang='lat' dir='ltr'>possent</span> <span class='ocrx_word' id='word_1_90' title='bbox 1788 2443 2212 2531; x_wconf 87' lang='lat' dir='ltr'>perpetua-</span> 
     </span>
     <span class='ocr_line' id='line_1_19' title="bbox 674 2542 2207 2646; baseline 0.001 -23"><span class='ocrx_word' id='word_1_91' title='bbox 674 2551 771 2633; x_wconf 89' lang='lat' dir='ltr'>ri,</span> <span class='ocrx_word' id='word_1_92' title='bbox 811 2552 970 2624; x_wconf 91' lang='lat' dir='ltr'>nisi</span> <span class='ocrx_word' id='word_1_93' title='bbox 1002 2556 1320 2626; x_wconf 89' lang='lat' dir='ltr'>tantum</span> <span class='ocrx_word' id='word_1_94' title='bbox 1350 2573 1498 2646; x_wconf 86' lang='lat' dir='ltr'>per</span> <span class='ocrx_word' id='word_1_95' title='bbox 1538 2542 1780 2624; x_wconf 90' lang='lat' dir='ltr'>unam</span> <span class='ocrx_word' id='word_1_96' title='bbox 1824 2552 2207 2645; x_wconf 81' lang='lat' dir='ltr'>pluviam,</span> 
     </span>
     <span class='ocr_line' id='line_1_20' title="bbox 669 2669 2208 2763; baseline -0.002 -22"><span class='ocrx_word' id='word_1_97' title='bbox 669 2669 796 2741; x_wconf 81' lang='lat' dir='ltr'>vel</span> <span class='ocrx_word' id='word_1_98' title='bbox 867 2669 1046 2763; x_wconf 88' lang='lat' dir='ltr'>plus</span> <span class='ocrx_word' id='word_1_99' title='bbox 1097 2672 1317 2743; x_wconf 87' lang='lat' dir='ltr'>esset</span> <span class='ocrx_word' id='word_1_100' title='bbox 1380 2669 1892 2750; x_wconf 90' lang='lat' dir='ltr'>restitutum,</span> <span class='ocrx_word' id='word_1_101' title='bbox 1967 2689 2208 2760; x_wconf 90' lang='lat' dir='ltr'>quam</span> 
     </span>
     <span class='ocr_line' id='line_1_21' title="bbox 670 2781 2210 2879; baseline -0.001 -21"><span class='ocrx_word' id='word_1_102' title='bbox 670 2785 935 2859; x_wconf 82' lang='lat' dir='ltr'>exiret</span> <span class='ocrx_word' id='word_1_103' title='bbox 995 2789 1366 2879; x_wconf 88' lang='lat' dir='ltr'>tempore</span> <span class='ocrx_word' id='word_1_104' title='bbox 1427 2784 1941 2878; x_wconf 68' lang='lat' dir='ltr'>praecedenti.</span> <span class='ocrx_word' id='word_1_105' title='bbox 2012 2781 2210 2859; x_wconf 87' lang='lat' dir='ltr'>Con-</span> 
     </span>
     <span class='ocr_line' id='line_1_22' title="bbox 673 2899 2210 2995; baseline -0.001 -20"><span class='ocrx_word' id='word_1_106' title='bbox 673 2923 1016 2995; x_wconf 88' lang='lat' dir='ltr'>sequens</span> <span class='ocrx_word' id='word_1_107' title='bbox 1094 2899 1425 2983; x_wconf 60' lang='lat' dir='ltr'>fals&#39;um,</span> <span class='ocrx_word' id='word_1_108' title='bbox 1492 2902 1681 2994; x_wconf 83' lang='lat' dir='ltr'>quia</span> <span class='ocrx_word' id='word_1_109' title='bbox 1749 2903 1829 2975; x_wconf 93' lang='lat' dir='ltr'>in</span> <span class='ocrx_word' id='word_1_110' title='bbox 1890 2903 2210 2994; x_wconf 90' lang='lat' dir='ltr'>magnis</span> 
     </span>
     <span class='ocr_line' id='line_1_23' title="bbox 671 3019 2210 3113; baseline 0.001 -24"><span class='ocrx_word' id='word_1_111' title='bbox 671 3020 1184 3094; x_wconf 84' lang='lat' dir='ltr'>siccitatibus</span> <span class='ocrx_word' id='word_1_112' title='bbox 1219 3020 1434 3093; x_wconf 91' lang='lat' dir='ltr'>inter</span> <span class='ocrx_word' id='word_1_113' title='bbox 1455 3019 1651 3090; x_wconf 90' lang='lat' dir='ltr'>duas</span> <span class='ocrx_word' id='word_1_114' title='bbox 1687 3019 2003 3113; x_wconf 87' lang='lat' dir='ltr'>pluvias</span> <span class='ocrx_word' id='word_1_115' title='bbox 2035 3020 2210 3112; x_wconf 88' lang='lat' dir='ltr'>plus</span> 
     </span>
     <span class='ocr_line' id='line_1_24' title="bbox 670 3137 2211 3233; baseline 0 -23"><span class='ocrx_word' id='word_1_116' title='bbox 670 3158 899 3233; x_wconf 84' lang='lat' dir='ltr'>aquae</span> <span class='ocrx_word' id='word_1_117' title='bbox 929 3137 1406 3211; x_wconf 88' lang='lat' dir='ltr'>decurritde</span> <span class='ocrx_word' id='word_1_118' title='bbox 1442 3157 1597 3209; x_wconf 92' lang='lat' dir='ltr'>uno</span> <span class='ocrx_word' id='word_1_119' title='bbox 1634 3142 1930 3218; x_wconf 88' lang='lat' dir='ltr'>monte,</span> <span class='ocrx_word' id='word_1_120' title='bbox 1968 3157 2211 3229; x_wconf 79' lang='lat' dir='ltr'>quam</span> 
     </span>
     <span class='ocr_line' id='line_1_25' title="bbox 672 3254 2213 3345; baseline 0 -18"><span class='ocrx_word' id='word_1_121' title='bbox 672 3256 779 3329; x_wconf 86' lang='lat' dir='ltr'>sit</span> <span class='ocrx_word' id='word_1_122' title='bbox 813 3255 1460 3345; x_wconf 85' lang='lat' dir='ltr'>totagrossities</span> <span class='ocrx_word' id='word_1_123' title='bbox 1495 3254 1713 3327; x_wconf 90' lang='lat' dir='ltr'>illius</span> <span class='ocrx_word' id='word_1_124' title='bbox 1759 3254 2087 3335; x_wconf 88' lang='lat' dir='ltr'>montis,</span> <span class='ocrx_word' id='word_1_125' title='bbox 2144 3254 2213 3327; x_wconf 94' lang='lat' dir='ltr'>si</span> 
     </span>
     <span class='ocr_line' id='line_1_26' title="bbox 672 3371 2212 3464; baseline -0.003 -18"><span class='ocrx_word' id='word_1_126' title='bbox 672 3373 1272 3464; x_wconf 68' lang='lat' dir='ltr'>imaginaretur</span> <span class='ocrx_word' id='word_1_127' title='bbox 1339 3371 1526 3464; x_wconf 90' lang='lat' dir='ltr'>poni</span> <span class='ocrx_word' id='word_1_128' title='bbox 1581 3375 1756 3444; x_wconf 89' lang='lat' dir='ltr'>tota</span> <span class='ocrx_word' id='word_1_129' title='bbox 1824 3375 2052 3444; x_wconf 90' lang='lat' dir='ltr'>terra</span> <span class='ocrx_word' id='word_1_130' title='bbox 2112 3371 2212 3441; x_wconf 90' lang='lat' dir='ltr'>si-</span> 
     </span>
     <span class='ocr_line' id='line_1_27' title="bbox 672 3487 2213 3581; baseline 0 -20"><span class='ocrx_word' id='word_1_131' title='bbox 672 3489 864 3571; x_wconf 90' lang='lat' dir='ltr'>mul,</span> <span class='ocrx_word' id='word_1_132' title='bbox 920 3489 1129 3581; x_wconf 90' lang='lat' dir='ltr'>quod</span> <span class='ocrx_word' id='word_1_133' title='bbox 1172 3508 1332 3561; x_wconf 91' lang='lat' dir='ltr'>non</span> <span class='ocrx_word' id='word_1_134' title='bbox 1365 3492 1604 3569; x_wconf 85' lang='lat' dir='ltr'>esset,</span> <span class='ocrx_word' id='word_1_135' title='bbox 1652 3487 1721 3558; x_wconf 86' lang='lat' dir='ltr'>si</span> <span class='ocrx_word' id='word_1_136' title='bbox 1753 3506 1965 3578; x_wconf 87' lang='lat' dir='ltr'>aqua</span> <span class='ocrx_word' id='word_1_137' title='bbox 1996 3491 2213 3562; x_wconf 84' lang='lat' dir='ltr'>esset</span> 
     </span>
     <span class='ocr_line' id='line_1_28' title="bbox 670 3605 1914 3680; baseline -0.006 0"><span class='ocrx_word' id='word_1_138' title='bbox 670 3606 985 3680; x_wconf 90' lang='lat' dir='ltr'>inclusa</span> <span class='ocrx_word' id='word_1_139' title='bbox 1019 3606 1260 3679; x_wconf 89' lang='lat' dir='ltr'>simul</span> <span class='ocrx_word' id='word_1_140' title='bbox 1307 3606 1384 3677; x_wconf 90' lang='lat' dir='ltr'>in</span> <span class='ocrx_word' id='word_1_141' title='bbox 1436 3605 1575 3677; x_wconf 91' lang='lat' dir='ltr'>illo</span> <span class='ocrx_word' id='word_1_142' title='bbox 1611 3608 1914 3677; x_wconf 89' lang='lat' dir='ltr'>monte.</span> 
     </span>
    </p>

    <p class='ocr_par' dir='ltr' id='par_1_4' title="bbox 667 3720 2214 4629">
     <span class='ocr_line' id='line_1_29' title="bbox 754 3720 2207 3816; baseline -0.003 -20"><span class='ocrx_word' id='word_1_143' title='bbox 754 3723 1057 3807; x_wconf 86' lang='lat' dir='ltr'>Terti0,</span> <span class='ocrx_word' id='word_1_144' title='bbox 1106 3723 1294 3816; x_wconf 87' lang='lat' dir='ltr'>quia</span> <span class='ocrx_word' id='word_1_145' title='bbox 1337 3743 1545 3815; x_wconf 83' lang='lat' dir='ltr'>aqua</span> <span class='ocrx_word' id='word_1_146' title='bbox 1593 3720 1977 3815; x_wconf 87' lang='lat' dir='ltr'>pluvialis</span> <span class='ocrx_word' id='word_1_147' title='bbox 2042 3741 2207 3793; x_wconf 92' lang='lat' dir='ltr'>non</span> 
     </span>
     <span class='ocr_line' id='line_1_30' title="bbox 670 3838 2212 3930; baseline -0.005 -17"><span class='ocrx_word' id='word_1_148' title='bbox 670 3840 1083 3913; x_wconf 87' lang='lat' dir='ltr'>invenitur</span> <span class='ocrx_word' id='word_1_149' title='bbox 1108 3840 1252 3910; x_wconf 89' lang='lat' dir='ltr'>sub</span> <span class='ocrx_word' id='word_1_150' title='bbox 1283 3845 1537 3920; x_wconf 86' lang='lat' dir='ltr'>terra,</span> <span class='ocrx_word' id='word_1_151' title='bbox 1571 3838 1730 3911; x_wconf 90' lang='lat' dir='ltr'>nisi</span> <span class='ocrx_word' id='word_1_152' title='bbox 1767 3858 1909 3930; x_wconf 84' lang='lat' dir='ltr'>per</span> <span class='ocrx_word' id='word_1_153' title='bbox 1939 3838 2212 3912; x_wconf 83' lang='lat' dir='ltr'>decem</span> 
     </span>
     <span class='ocr_line' id='line_1_31' title="bbox 670 3956 2214 4051; baseline -0.003 -24"><span class='ocrx_word' id='word_1_154' title='bbox 670 3956 929 4051; x_wconf 89' lang='lat' dir='ltr'>pedes,</span> <span class='ocrx_word' id='word_1_155' title='bbox 976 3961 1065 4029; x_wconf 91' lang='lat' dir='ltr'>ut</span> <span class='ocrx_word' id='word_1_156' title='bbox 1095 3956 1272 4028; x_wconf 79' lang='lat' dir='ltr'>vult</span> <span class='ocrx_word' id='word_1_157' title='bbox 1324 3959 1627 4026; x_wconf 80' lang='lat' dir='ltr'>Seneca</span> <span class='ocrx_word' id='word_1_158' title='bbox 1668 3957 1751 4022; x_wconf 77' lang='lat' dir='ltr'>de</span> <span class='ocrx_word' id='word_1_159' title='bbox 1792 3958 2214 4023; x_wconf 73' lang='lat' dir='ltr'>naturatibus</span> 
     </span>
     <span class='ocr_line' id='line_1_32' title="bbox 667 4070 2213 4161; baseline 0.001 -21"><span class='ocrx_word' id='word_1_160' title='bbox 667 4074 1157 4161; x_wconf 61' lang='lat' dir='ltr'>quaestionibus,</span> <span class='ocrx_word' id='word_1_161' title='bbox 1221 4073 1494 4142; x_wconf 74' lang='lat' dir='ltr'>tamon</span> <span class='ocrx_word' id='word_1_162' title='bbox 1536 4090 1745 4161; x_wconf 79' lang='lat' dir='ltr'>aqua</span> <span class='ocrx_word' id='word_1_163' title='bbox 1802 4070 2213 4143; x_wconf 74' lang='lat' dir='ltr'>invenitur</span> 
     </span>
     <span class='ocr_line' id='line_1_33' title="bbox 671 4186 2210 4279; baseline 0 -21"><span class='ocrx_word' id='word_1_164' title='bbox 671 4187 816 4259; x_wconf 87' lang='lat' dir='ltr'>sub</span> <span class='ocrx_word' id='word_1_165' title='bbox 850 4193 1079 4261; x_wconf 86' lang='lat' dir='ltr'>terra</span> <span class='ocrx_word' id='word_1_166' title='bbox 1122 4186 1305 4279; x_wconf 84' lang='lat' dir='ltr'>plus</span> <span class='ocrx_word' id='word_1_167' title='bbox 1340 4206 1580 4278; x_wconf 86' lang='lat' dir='ltr'>quam</span> <span class='ocrx_word' id='word_1_168' title='bbox 1613 4191 1938 4259; x_wconf 89' lang='lat' dir='ltr'>centum</span> <span class='ocrx_word' id='word_1_169' title='bbox 1974 4188 2210 4279; x_wconf 84' lang='lat' dir='ltr'>pedes</span> 
     </span>
     <span class='ocr_line' id='line_1_34' title="bbox 671 4302 2210 4395; baseline -0.001 -19"><span class='ocrx_word' id='word_1_170' title='bbox 671 4304 1158 4377; x_wconf 84' lang='lat' dir='ltr'>fodientibus</span> <span class='ocrx_word' id='word_1_171' title='bbox 1229 4307 1567 4383; x_wconf 87' lang='lat' dir='ltr'>terram,</span> <span class='ocrx_word' id='word_1_172' title='bbox 1617 4302 1822 4395; x_wconf 86' lang='lat' dir='ltr'>quod</span> <span class='ocrx_word' id='word_1_173' title='bbox 1892 4324 2048 4375; x_wconf 93' lang='lat' dir='ltr'>non</span> <span class='ocrx_word' id='word_1_174' title='bbox 2094 4326 2210 4376; x_wconf 91' lang='lat' dir='ltr'>es-</span> 
     </span>
     <span class='ocr_line' id='line_1_35' title="bbox 670 4419 2207 4512; baseline 0 -20"><span class='ocrx_word' id='word_1_175' title='bbox 670 4426 818 4503; x_wconf 90' lang='lat' dir='ltr'>set,</span> <span class='ocrx_word' id='word_1_176' title='bbox 866 4420 932 4493; x_wconf 91' lang='lat' dir='ltr'>si</span> <span class='ocrx_word' id='word_1_177' title='bbox 976 4439 1183 4512; x_wconf 88' lang='lat' dir='ltr'>aqua</span> <span class='ocrx_word' id='word_1_178' title='bbox 1218 4419 1355 4491; x_wconf 89' lang='lat' dir='ltr'>illa</span> <span class='ocrx_word' id='word_1_179' title='bbox 1393 4419 1737 4492; x_wconf 87' lang='lat' dir='ltr'>inferior</span> <span class='ocrx_word' id='word_1_180' title='bbox 1781 4439 2207 4509; x_wconf 80' lang='lat' dir='ltr'>generare-</span> 
     </span>
     <span class='ocr_line' id='line_1_36' title="bbox 673 4524 1597 4629; baseline -0.005 -17"><span class='ocrx_word' id='word_1_181' title='bbox 673 4546 810 4613; x_wconf 90' lang='lat' dir='ltr'>tur</span> <span class='ocrx_word' id='word_1_182' title='bbox 848 4524 946 4609; x_wconf 49' lang='grc' dir='ltr'>ω’(</span> <span class='ocrx_word' id='word_1_183' title='bbox 980 4558 1187 4629; x_wconf 87' lang='lat' dir='ltr'>aqua</span> <span class='ocrx_word' id='word_1_184' title='bbox 1232 4536 1597 4629; x_wconf 83' lang='lat' dir='ltr'>pluviali.</span> 
     </span>
    </p>

    <p class='ocr_par' dir='ltr' id='par_1_5' title="bbox 666 4653 2214 5546">
     <span class='ocr_line' id='line_1_37' title="bbox 759 4653 2214 4746; baseline 0 -20"><span class='ocrx_word' id='word_1_185' title='bbox 759 4659 1093 4737; x_wconf 79' lang='lat' dir='ltr'>Quarto,</span> <span class='ocrx_word' id='word_1_186' title='bbox 1160 4654 1348 4745; x_wconf 89' lang='lat' dir='ltr'>quia</span> <span class='ocrx_word' id='word_1_187' title='bbox 1416 4654 1775 4726; x_wconf 86' lang='lat' dir='ltr'>videmus</span> <span class='ocrx_word' id='word_1_188' title='bbox 1818 4653 2024 4745; x_wconf 85' lang='lat' dir='ltr'>quod</span> <span class='ocrx_word' id='word_1_189' title='bbox 2067 4674 2214 4746; x_wconf 90' lang='lat' dir='ltr'>per</span> 
     </span>
     <span class='ocr_line' id='line_1_38' title="bbox 674 4770 2211 4864; baseline 0.001 -20"><span class='ocrx_word' id='word_1_190' title='bbox 674 4772 1071 4844; x_wconf 85' lang='lat' dir='ltr'>modicam</span> <span class='ocrx_word' id='word_1_191' title='bbox 1148 4776 1469 4864; x_wconf 87' lang='lat' dir='ltr'>partem</span> <span class='ocrx_word' id='word_1_192' title='bbox 1544 4770 1834 4864; x_wconf 83' lang='lat' dir='ltr'>pluviae</span> <span class='ocrx_word' id='word_1_193' title='bbox 1892 4770 2211 4845; x_wconf 85' lang='lat' dir='ltr'>humec-</span> 
     </span>
     <span class='ocr_line' id='line_1_39' title="bbox 670 4886 2211 4979; baseline -0.003 -16"><span class='ocrx_word' id='word_1_194' title='bbox 670 4895 898 4963; x_wconf 85' lang='lat' dir='ltr'>tatur</span> <span class='ocrx_word' id='word_1_195' title='bbox 932 4893 1187 4967; x_wconf 88' lang='lat' dir='ltr'>terra,</span> <span class='ocrx_word' id='word_1_196' title='bbox 1233 4892 1312 4960; x_wconf 86' lang='lat' dir='ltr'>et</span> <span class='ocrx_word' id='word_1_197' title='bbox 1357 4887 1534 4979; x_wconf 85' lang='lat' dir='ltr'>ipsa</span> <span class='ocrx_word' id='word_1_198' title='bbox 1576 4886 2049 4960; x_wconf 85' lang='lat' dir='ltr'>humectata</span> <span class='ocrx_word' id='word_1_199' title='bbox 2093 4909 2211 4959; x_wconf 90' lang='lat' dir='ltr'>re-</span> 
     </span>
     <span class='ocr_line' id='line_1_40' title="bbox 672 5004 2212 5098; baseline -0.001 -19"><span class='ocrx_word' id='word_1_200' title='bbox 672 5007 989 5079; x_wconf 90' lang='lat' dir='ltr'>siduum</span> <span class='ocrx_word' id='word_1_201' title='bbox 1026 5004 1751 5098; x_wconf 74' lang='lat' dir='ltr'>pluviaedescendit</span> <span class='ocrx_word' id='word_1_202' title='bbox 1804 5005 1898 5075; x_wconf 90' lang='lat' dir='ltr'>ad</span> <span class='ocrx_word' id='word_1_203' title='bbox 1957 5004 2212 5077; x_wconf 85' lang='lat' dir='ltr'>flumi-</span> 
     </span>
     <span class='ocr_line' id='line_1_41' title="bbox 670 5120 2211 5214; baseline -0.004 -18"><span class='ocrx_word' id='word_1_204' title='bbox 670 5144 798 5205; x_wconf 88' lang='lat' dir='ltr'>na,</span> <span class='ocrx_word' id='word_1_205' title='bbox 855 5127 934 5196; x_wconf 88' lang='lat' dir='ltr'>et</span> <span class='ocrx_word' id='word_1_206' title='bbox 970 5121 1369 5195; x_wconf 88' lang='lat' dir='ltr'>mediante</span> <span class='ocrx_word' id='word_1_207' title='bbox 1422 5121 1601 5214; x_wconf 83' lang='lat' dir='ltr'>ipsa</span> <span class='ocrx_word' id='word_1_208' title='bbox 1641 5120 1976 5193; x_wconf 84' lang='lat' dir='ltr'>flumina.</span> <span class='ocrx_word' id='word_1_209' title='bbox 2022 5141 2211 5211; x_wconf 84' lang='lat' dir='ltr'>aug-</span> 
     </span>
     <span class='ocr_line' id='line_1_42' title="bbox 671 5228 2213 5331; baseline -0.003 -18"><span class='ocrx_word' id='word_1_210' title='bbox 671 5228 1168 5320; x_wconf 78' lang='lat' dir='ltr'>mentantur,</span> <span class='ocrx_word' id='word_1_211' title='bbox 1194 5241 1397 5331; x_wconf 86' lang='lat' dir='ltr'>quod</span> <span class='ocrx_word' id='word_1_212' title='bbox 1434 5260 1594 5310; x_wconf 92' lang='lat' dir='ltr'>non</span> <span class='ocrx_word' id='word_1_213' title='bbox 1623 5243 1838 5312; x_wconf 86' lang='lat' dir='ltr'>esset</span> <span class='ocrx_word' id='word_1_214' title='bbox 1866 5237 1933 5309; x_wconf 87' lang='lat' dir='ltr'>si</span> <span class='ocrx_word' id='word_1_215' title='bbox 1959 5240 2213 5311; x_wconf 88' lang='lat' dir='ltr'>multa</span> 
     </span>
     <span class='ocr_line' id='line_1_43' title="bbox 672 5353 2214 5452; baseline 0 -24"><span class='ocrx_word' id='word_1_216' title='bbox 672 5358 947 5452; x_wconf 88' lang='lat' dir='ltr'>pluvia</span> <span class='ocrx_word' id='word_1_217' title='bbox 998 5360 1657 5447; x_wconf 71' lang='lat' dir='ltr'>congregaretur</span> <span class='ocrx_word' id='word_1_218' title='bbox 1727 5356 1803 5427; x_wconf 92' lang='lat' dir='ltr'>in</span> <span class='ocrx_word' id='word_1_219' title='bbox 1876 5353 2214 5428; x_wconf 88' lang='lat' dir='ltr'>visceri-</span> 
     </span>
     <span class='ocr_line' id='line_1_44' title="bbox 666 5475 1127 5546; baseline -0.007 -1"><span class='ocrx_word' id='word_1_220' title='bbox 666 5475 813 5545; x_wconf 85' lang='lat' dir='ltr'>bus</span> <span class='ocrx_word' id='word_1_221' title='bbox 854 5477 1127 5546; x_wconf 76' lang='lat' dir='ltr'>terrae.</span> 
     </span>
    </p>

    <p class='ocr_par' dir='ltr' id='par_1_6' title="bbox 774 5587 2217 5681">
     <span class='ocr_line' id='line_1_45' title="bbox 774 5587 2217 5681; baseline -0.001 -20"><span class='ocrx_word' id='word_1_222' title='bbox 774 5590 1099 5672; x_wconf 86' lang='lat' dir='ltr'>Quinto,</span> <span class='ocrx_word' id='word_1_223' title='bbox 1182 5588 1371 5681; x_wconf 86' lang='lat' dir='ltr'>quia</span> <span class='ocrx_word' id='word_1_224' title='bbox 1431 5587 1792 5659; x_wconf 83' lang='lat' dir='ltr'>videmus</span> <span class='ocrx_word' id='word_1_225' title='bbox 1865 5588 1943 5660; x_wconf 92' lang='lat' dir='ltr'>in</span> <span class='ocrx_word' id='word_1_226' title='bbox 2015 5588 2217 5661; x_wconf 89' lang='lat' dir='ltr'>locis</span> 
     </span>
    </p>
   </div>
   <div class='ocr_carea' id='block_1_3' title="bbox 1802 407 2646 473">
    <p class='ocr_par' dir='ltr' id='par_1_7' title="bbox 1802 407 2646 473">
     <span class='ocr_line' id='line_1_46' title="bbox 1802 407 2646 473; baseline 0.005 -5"><span class='ocrx_word' id='word_1_227' title='bbox 1802 407 1957 469; x_wconf 81' lang='lat' dir='ltr'>Llss.</span> <span class='ocrx_word' id='word_1_228' title='bbox 2008 407 2052 470; x_wconf 90' lang='grc'>1.</span> <span class='ocrx_word' id='word_1_229' title='bbox 2102 408 2646 473; x_wconf 73' lang='lat' dir='ltr'>Mss‘rssononvu</span> 
     </span>
    </p>
   </div>
   <div class='ocr_carea' id='block_1_4' title="bbox 2325 570 3870 1945">
    <p class='ocr_par' dir='ltr' id='par_1_8' title="bbox 2326 570 3870 1461">
     <span class='ocr_line' id='line_1_47' title="bbox 2330 570 3866 666; baseline 0.008 -28"><span class='ocrx_word' id='word_1_230' title='bbox 2330 570 2785 643; x_wconf 89' lang='lat' dir='ltr'>montuosis</span> <span class='ocrx_word' id='word_1_231' title='bbox 2822 571 2952 644; x_wconf 93' lang='lat' dir='ltr'>ubi</span> <span class='ocrx_word' id='word_1_232' title='bbox 2988 574 3346 647; x_wconf 80' lang='lat' dir='ltr'>maxime</span> <span class='ocrx_word' id='word_1_233' title='bbox 3367 583 3866 666; x_wconf 84' lang='lat' dir='ltr'>generantur</span> 
     </span>
     <span class='ocr_line' id='line_1_48' title="bbox 2329 682 3868 784; baseline 0.008 -30"><span class='ocrx_word' id='word_1_234' title='bbox 2329 682 2620 766; x_wconf 85' lang='lat' dir='ltr'>fontes,</span> <span class='ocrx_word' id='word_1_235' title='bbox 2688 688 2894 777; x_wconf 90' lang='lat' dir='ltr'>quod</span> <span class='ocrx_word' id='word_1_236' title='bbox 2952 708 3163 781; x_wconf 90' lang='lat' dir='ltr'>aqua</span> <span class='ocrx_word' id='word_1_237' title='bbox 3226 692 3603 784; x_wconf 80' lang='lat' dir='ltr'>pluvialis</span> <span class='ocrx_word' id='word_1_238' title='bbox 3656 694 3868 767; x_wconf 89' lang='lat' dir='ltr'>cadit</span> 
     </span>
     <span class='ocr_line' id='line_1_49' title="bbox 2326 800 3869 898; baseline 0.008 -27"><span class='ocrx_word' id='word_1_239' title='bbox 2326 800 2731 882; x_wconf 87' lang='lat' dir='ltr'>deorsum,</span> <span class='ocrx_word' id='word_1_240' title='bbox 2765 809 3104 898; x_wconf 85' lang='lat' dir='ltr'>propter</span> <span class='ocrx_word' id='word_1_241' title='bbox 3132 806 3618 882; x_wconf 87' lang='lat' dir='ltr'>densitatem</span> <span class='ocrx_word' id='word_1_242' title='bbox 3653 829 3869 882; x_wconf 90' lang='lat' dir='ltr'>mon·</span> 
     </span>
     <span class='ocr_line' id='line_1_50' title="bbox 2330 916 3869 1018; baseline 0.005 -27"><span class='ocrx_word' id='word_1_243' title='bbox 2330 916 2559 991; x_wconf 91' lang='lat' dir='ltr'>tium.</span> <span class='ocrx_word' id='word_1_244' title='bbox 2623 918 3023 994; x_wconf 82' lang='lat' dir='ltr'>Similiter</span> <span class='ocrx_word' id='word_1_245' title='bbox 3077 921 3438 997; x_wconf 85' lang='lat' dir='ltr'>videmus</span> <span class='ocrx_word' id='word_1_246' title='bbox 3499 925 3706 1018; x_wconf 88' lang='lat' dir='ltr'>quod</span> <span class='ocrx_word' id='word_1_247' title='bbox 3747 948 3869 997; x_wconf 88' lang='lat' dir='ltr'>su-</span> 
     </span>
     <span class='ocr_line' id='line_1_51' title="bbox 2331 1036 3870 1133; baseline 0.006 -29"><span class='ocrx_word' id='word_1_248' title='bbox 2331 1054 2482 1126; x_wconf 91' lang='lat' dir='ltr'>pra</span> <span class='ocrx_word' id='word_1_249' title='bbox 2562 1037 2951 1128; x_wconf 88' lang='lat' dir='ltr'>quosdam</span> <span class='ocrx_word' id='word_1_250' title='bbox 3018 1036 3286 1113; x_wconf 85' lang='lat' dir='ltr'>fontes</span> <span class='ocrx_word' id='word_1_251' title='bbox 3361 1046 3485 1116; x_wconf 88' lang='lat' dir='ltr'>est</span> <span class='ocrx_word' id='word_1_252' title='bbox 3574 1061 3870 1133; x_wconf 89' lang='lat' dir='ltr'>magna</span> 
     </span>
     <span class='ocr_line' id='line_1_52' title="bbox 2332 1152 3868 1251; baseline 0.005 -28"><span class='ocrx_word' id='word_1_253' title='bbox 2332 1152 2773 1245; x_wconf 89' lang='lat' dir='ltr'>spissitudo</span> <span class='ocrx_word' id='word_1_254' title='bbox 2836 1155 3162 1238; x_wconf 88' lang='lat' dir='ltr'>montis,</span> <span class='ocrx_word' id='word_1_255' title='bbox 3229 1176 3469 1248; x_wconf 88' lang='lat' dir='ltr'>quam</span> <span class='ocrx_word' id='word_1_256' title='bbox 3529 1178 3690 1231; x_wconf 91' lang='lat' dir='ltr'>non</span> <span class='ocrx_word' id='word_1_257' title='bbox 3733 1178 3868 1251; x_wconf 86' lang='lat' dir='ltr'>po-</span> 
     </span>
     <span class='ocr_line' id='line_1_53' title="bbox 2332 1270 3868 1366; baseline 0.002 -22"><span class='ocrx_word' id='word_1_258' title='bbox 2332 1273 2492 1344; x_wconf 89' lang='lat' dir='ltr'>test</span> <span class='ocrx_word' id='word_1_259' title='bbox 2533 1290 2743 1362; x_wconf 91' lang='lat' dir='ltr'>aqua</span> <span class='ocrx_word' id='word_1_260' title='bbox 2803 1270 3185 1363; x_wconf 83' lang='lat' dir='ltr'>pluvialis</span> <span class='ocrx_word' id='word_1_261' title='bbox 3256 1277 3716 1366; x_wconf 89' lang='lat' dir='ltr'>penetrare.</span> <span class='ocrx_word' id='word_1_262' title='bbox 3782 1278 3868 1347; x_wconf 83' lang='lat' dir='ltr'>Et</span> 
     </span>
     <span class='ocr_line' id='line_1_54' title="bbox 2330 1388 3054 1461; baseline -0.003 -1"><span class='ocrx_word' id='word_1_263' title='bbox 2330 1388 2480 1460; x_wconf 90' lang='lat' dir='ltr'>hoc</span> <span class='ocrx_word' id='word_1_264' title='bbox 2528 1389 2622 1461; x_wconf 88' lang='lat' dir='ltr'>de</span> <span class='ocrx_word' id='word_1_265' title='bbox 2682 1390 3054 1461; x_wconf 90' lang='lat' dir='ltr'>secundo.</span> 
     </span>
    </p>

    <p class='ocr_par' dir='ltr' id='par_1_9' title="bbox 2329 1505 3868 1697">
     <span class='ocr_line' id='line_1_55' title="bbox 2418 1505 3868 1600; baseline 0.002 -23"><span class='ocrx_word' id='word_1_266' title='bbox 2418 1506 2532 1577; x_wconf 92' lang='lat' dir='ltr'>De</span> <span class='ocrx_word' id='word_1_267' title='bbox 2582 1505 2832 1580; x_wconf 89' lang='lat' dir='ltr'>tertio</span> <span class='ocrx_word' id='word_1_268' title='bbox 2890 1506 3209 1579; x_wconf 88' lang='lat' dir='ltr'>dicetur</span> <span class='ocrx_word' id='word_1_269' title='bbox 3268 1506 3349 1579; x_wconf 93' lang='lat' dir='ltr'>in</span> <span class='ocrx_word' id='word_1_270' title='bbox 3395 1506 3559 1579; x_wconf 90' lang='lat' dir='ltr'>alia</span> <span class='ocrx_word' id='word_1_271' title='bbox 3616 1525 3868 1600; x_wconf 83' lang='lat' dir='ltr'>quaes·</span> 
     </span>
     <span class='ocr_line' id='line_1_56' title="bbox 2329 1621 2577 1697; baseline -0.028 0"><span class='ocrx_word' id='word_1_272' title='bbox 2329 1621 2577 1697; x_wconf 90' lang='lat' dir='ltr'>tione.</span> 
     </span>
    </p>

    <p class='ocr_par' dir='ltr' id='par_1_10' title="bbox 2325 1737 3864 1945">
     <span class='ocr_line' id='line_1_57' title="bbox 2415 1737 3864 1833; baseline 0.001 -23"><span class='ocrx_word' id='word_1_273' title='bbox 2415 1738 2526 1810; x_wconf 85' lang='lat' dir='ltr'>Ad</span> <span class='ocrx_word' id='word_1_274' title='bbox 2574 1737 2960 1820; x_wconf 88' lang='lat' dir='ltr'>rationes,</span> <span class='ocrx_word' id='word_1_275' title='bbox 3013 1739 3126 1812; x_wconf 84' lang='lat' dir='ltr'>Ad</span> <span class='ocrx_word' id='word_1_276' title='bbox 3169 1739 3546 1833; x_wconf 88' lang='lat' dir='ltr'>primam,</span> <span class='ocrx_word' id='word_1_277' title='bbox 3590 1743 3864 1830; x_wconf 80' lang='lat' dir='ltr'>quidam</span> 
     </span>
     <span class='ocr_line' id='line_1_58' title="bbox 2325 1837 3859 1945; baseline 0.005 -22"><span class='ocrx_word' id='word_1_278' title='bbox 2325 1858 2563 1941; x_wconf 77' lang='lat' dir='ltr'>sontes,</span> <span class='ocrx_word' id='word_1_279' title='bbox 2615 1857 2767 1926; x_wconf 87' lang='lat' dir='ltr'>etc.</span> <span class='ocrx_word' id='word_1_280' title='bbox 2841 1837 3039 1926; x_wconf 81' lang='lat' dir='ltr'>Dico</span> <span class='ocrx_word' id='word_1_281' title='bbox 3111 1855 3319 1945; x_wconf 86' lang='lat' dir='ltr'>quod</span> <span class='ocrx_word' id='word_1_282' title='bbox 3386 1873 3637 1927; x_wconf 85' lang='lat' dir='ltr'>causa</span> <span class='ocrx_word' id='word_1_283' title='bbox 3709 1861 3859 1938; x_wconf 90' lang='lat' dir='ltr'>est,</span> 
     </span>
    </p>
   </div>
   <div class='ocr_carea' id='block_1_5' title="bbox 4015 1760 4043 1810">
    <p class='ocr_par' dir='ltr' id='par_1_11' title="bbox 4015 1760 4043 1810">
     <span class='ocr_line' id='line_1_59' title="bbox 4015 1760 4043 1810; baseline 0 0"><span class='ocrx_word' id='word_1_284' title='bbox 4015 1760 4043 1810; x_wconf 87' lang='grc'>8</span> 
     </span>
    </p>
   </div>
   <div class='ocr_carea' id='block_1_6' title="bbox 3893 1798 4173 1952">
    <p class='ocr_par' dir='ltr' id='par_1_12' title="bbox 3893 1798 4173 1952">
     <span class='ocr_line' id='line_1_60' title="bbox 3913 1798 4165 1897; baseline -0.016 -22"><span class='ocrx_word' id='word_1_285' title='bbox 3913 1821 3996 1875; x_wconf 72' lang='grc' dir='ltr'>Διὶ</span> <span class='ocrx_word' id='word_1_286' title='bbox 4021 1798 4065 1872; x_wconf 74' lang='lat'>1.&#39;</span> <span class='ocrx_word' id='word_1_287' title='bbox 4087 1839 4165 1897; x_wconf 65' lang='grc' dir='ltr'>αζ·</span> 
     </span>
     <span class='ocr_line' id='line_1_61' title="bbox 3893 1900 4173 1952; baseline -0.007 -17"><span class='ocrx_word' id='word_1_288' title='bbox 3893 1900 4026 1952; x_wconf 70' lang='lat' dir='ltr'>qum.</span> <span class='ocrx_word' id='word_1_289' title='bbox 4051 1901 4173 1946; x_wconf 74' lang='lat' dir='ltr'>prm-</span> 
     </span>
    </p>
   </div>
   <div class='ocr_carea' id='block_1_7' title="bbox 2329 1946 4124 2064">
    <p class='ocr_par' dir='ltr' id='par_1_13' title="bbox 2329 1946 4124 2064">
     <span class='ocr_line' id='line_1_62' title="bbox 2329 1946 4124 2064; baseline -0.007 -21"><span class='ocrx_word' id='word_1_290' title='bbox 2329 1969 2517 2063; x_wconf 89' lang='lat' dir='ltr'>quia</span> <span class='ocrx_word' id='word_1_291' title='bbox 2552 1969 2671 2043; x_wconf 89' lang='lat' dir='ltr'>illi</span> <span class='ocrx_word' id='word_1_292' title='bbox 2705 1970 2996 2051; x_wconf 86' lang='lat' dir='ltr'>sontes,</span> <span class='ocrx_word' id='word_1_293' title='bbox 3036 1971 3174 2062; x_wconf 90' lang='lat' dir='ltr'>qui</span> <span class='ocrx_word' id='word_1_294' title='bbox 3214 1971 3511 2044; x_wconf 89' lang='lat' dir='ltr'>durant</span> <span class='ocrx_word' id='word_1_295' title='bbox 3555 1992 3703 2064; x_wconf 89' lang='lat' dir='ltr'>per</span> <span class='ocrx_word' id='word_1_296' title='bbox 3733 1992 3865 2044; x_wconf 88' lang='lat' dir='ltr'>an-</span> <span class='ocrx_word' id='word_1_297' title='bbox 3959 1946 4124 2010; x_wconf 38' lang='lat' dir='ltr'>‘&#39;²¹⁹⁰‘ss</span> 
     </span>
    </p>
   </div>
   <div class='ocr_carea' id='block_1_8' title="bbox 2323 2086 3873 5095">
    <p class='ocr_par' dir='ltr' id='par_1_14' title="bbox 2323 2086 3873 2979">
     <span class='ocr_line' id='line_1_63' title="bbox 2328 2086 3871 2171; baseline 0.002 -11"><span class='ocrx_word' id='word_1_298' title='bbox 2328 2107 2519 2160; x_wconf 91' lang='lat' dir='ltr'>num</span> <span class='ocrx_word' id='word_1_299' title='bbox 2561 2086 2857 2160; x_wconf 88' lang='lat' dir='ltr'>habent</span> <span class='ocrx_word' id='word_1_300' title='bbox 2898 2088 3078 2159; x_wconf 90' lang='lat' dir='ltr'>loca</span> <span class='ocrx_word' id='word_1_301' title='bbox 3108 2091 3750 2171; x_wconf 82' lang='lat' dir='ltr'>concavitatum,</span> <span class='ocrx_word' id='word_1_302' title='bbox 3788 2095 3871 2163; x_wconf 88' lang='lat' dir='ltr'>et</span> 
     </span>
     <span class='ocr_line' id='line_1_64' title="bbox 2328 2205 3873 2297; baseline -0.001 -20"><span class='ocrx_word' id='word_1_303' title='bbox 2328 2225 2725 2297; x_wconf 89' lang='lat' dir='ltr'>pororum</span> <span class='ocrx_word' id='word_1_304' title='bbox 2758 2208 3006 2277; x_wconf 81' lang='lat' dir='ltr'>terrae</span> <span class='ocrx_word' id='word_1_305' title='bbox 3043 2205 3543 2280; x_wconf 84' lang='lat' dir='ltr'>sufficienter</span> <span class='ocrx_word' id='word_1_306' title='bbox 3573 2206 3873 2297; x_wconf 87' lang='lat' dir='ltr'>frigida</span> 
     </span>
     <span class='ocr_line' id='line_1_65' title="bbox 2327 2322 3864 2403; baseline -0.002 -9"><span class='ocrx_word' id='word_1_307' title='bbox 2327 2323 2421 2394; x_wconf 89' lang='lat' dir='ltr'>ad</span> <span class='ocrx_word' id='word_1_308' title='bbox 2462 2322 3094 2395; x_wconf 87' lang='lat' dir='ltr'>convertendum</span> <span class='ocrx_word' id='word_1_309' title='bbox 3120 2341 3395 2395; x_wconf 89' lang='lat' dir='ltr'>aerem</span> <span class='ocrx_word' id='word_1_310' title='bbox 3439 2322 3864 2403; x_wconf 90' lang='lat' dir='ltr'>inclusum,</span> 
     </span>
     <span class='ocr_line' id='line_1_66' title="bbox 2323 2438 3869 2530; baseline 0 -21"><span class='ocrx_word' id='word_1_311' title='bbox 2323 2439 2451 2510; x_wconf 86' lang='lat' dir='ltr'>vel</span> <span class='ocrx_word' id='word_1_312' title='bbox 2491 2458 2881 2530; x_wconf 79' lang='lat' dir='ltr'>vaporem</span> <span class='ocrx_word' id='word_1_313' title='bbox 2917 2438 3340 2529; x_wconf 87' lang='lat' dir='ltr'>inaquam,</span> <span class='ocrx_word' id='word_1_314' title='bbox 3376 2443 3458 2512; x_wconf 88' lang='lat' dir='ltr'>et</span> <span class='ocrx_word' id='word_1_315' title='bbox 3497 2460 3684 2512; x_wconf 90' lang='lat' dir='ltr'>cum</span> <span class='ocrx_word' id='word_1_316' title='bbox 3713 2438 3869 2510; x_wconf 89' lang='lat' dir='ltr'>hoc</span> 
     </span>
     <span class='ocr_line' id='line_1_67' title="bbox 2327 2552 3864 2634; baseline 0.001 -9"><span class='ocrx_word' id='word_1_317' title='bbox 2327 2553 2623 2626; x_wconf 90' lang='lat' dir='ltr'>habent</span> <span class='ocrx_word' id='word_1_318' title='bbox 2702 2552 3273 2625; x_wconf 85' lang='lat' dir='ltr'>sufficientiam</span> <span class='ocrx_word' id='word_1_319' title='bbox 3349 2553 3540 2627; x_wconf 89' lang='lat' dir='ltr'>talis</span> <span class='ocrx_word' id='word_1_320' title='bbox 3619 2554 3864 2634; x_wconf 90' lang='lat' dir='ltr'>aeris,</span> 
     </span>
     <span class='ocr_line' id='line_1_68' title="bbox 2324 2669 3867 2764; baseline 0.002 -23"><span class='ocrx_word' id='word_1_321' title='bbox 2324 2671 2452 2743; x_wconf 83' lang='lat' dir='ltr'>vel</span> <span class='ocrx_word' id='word_1_322' title='bbox 2493 2669 2872 2764; x_wconf 74' lang='lat' dir='ltr'>vaporis;</span> <span class='ocrx_word' id='word_1_323' title='bbox 2931 2670 3061 2742; x_wconf 89' lang='lat' dir='ltr'>sed</span> <span class='ocrx_word' id='word_1_324' title='bbox 3110 2670 3192 2743; x_wconf 94' lang='lat' dir='ltr'>in</span> <span class='ocrx_word' id='word_1_325' title='bbox 3234 2669 3397 2743; x_wconf 92' lang='lat' dir='ltr'>illis</span> <span class='ocrx_word' id='word_1_326' title='bbox 3442 2670 3578 2762; x_wconf 84' lang='lat' dir='ltr'>qui</span> <span class='ocrx_word' id='word_1_327' title='bbox 3623 2672 3867 2744; x_wconf 92' lang='lat' dir='ltr'>modi-</span> 
     </span>
     <span class='ocr_line' id='line_1_69' title="bbox 2325 2786 3868 2880; baseline -0.002 -18"><span class='ocrx_word' id='word_1_328' title='bbox 2325 2810 2421 2862; x_wconf 95' lang='lat' dir='ltr'>co</span> <span class='ocrx_word' id='word_1_329' title='bbox 2483 2793 2851 2880; x_wconf 86' lang='lat' dir='ltr'>tempore</span> <span class='ocrx_word' id='word_1_330' title='bbox 2917 2786 3214 2860; x_wconf 89' lang='lat' dir='ltr'>durant</span> <span class='ocrx_word' id='word_1_331' title='bbox 3298 2786 3564 2861; x_wconf 86' lang='lat' dir='ltr'>deficit</span> <span class='ocrx_word' id='word_1_332' title='bbox 3606 2788 3868 2861; x_wconf 89' lang='lat' dir='ltr'>altera</span> 
     </span>
     <span class='ocr_line' id='line_1_70' title="bbox 2328 2906 3177 2979; baseline -0.005 0"><span class='ocrx_word' id='word_1_333' title='bbox 2328 2906 2677 2979; x_wconf 88' lang='lat' dir='ltr'>istarum</span> <span class='ocrx_word' id='word_1_334' title='bbox 2710 2924 3177 2976; x_wconf 89' lang='lat' dir='ltr'>causarum.</span> 
     </span>
    </p>

    <p class='ocr_par' dir='ltr' id='par_1_15' title="bbox 2327 3019 3869 3571">
     <span class='ocr_line' id='line_1_71' title="bbox 2413 3019 3863 3112; baseline -0.001 -18"><span class='ocrx_word' id='word_1_335' title='bbox 2413 3020 2676 3095; x_wconf 76' lang='lat' dir='ltr'>Aliter</span> <span class='ocrx_word' id='word_1_336' title='bbox 2725 3020 3049 3101; x_wconf 90' lang='lat' dir='ltr'>dicitur,</span> <span class='ocrx_word' id='word_1_337' title='bbox 3121 3020 3329 3112; x_wconf 86' lang='lat' dir='ltr'>quod</span> <span class='ocrx_word' id='word_1_338' title='bbox 3392 3019 3661 3093; x_wconf 86' lang='lat' dir='ltr'>fontes</span> <span class='ocrx_word' id='word_1_339' title='bbox 3717 3020 3863 3100; x_wconf 94' lang='lat' dir='ltr'>illi,</span> 
     </span>
     <span class='ocr_line' id='line_1_72' title="bbox 2327 3138 3867 3233; baseline -0.001 -21"><span class='ocrx_word' id='word_1_340' title='bbox 2327 3138 2462 3233; x_wconf 86' lang='lat' dir='ltr'>qui</span> <span class='ocrx_word' id='word_1_341' title='bbox 2504 3159 2663 3212; x_wconf 94' lang='lat' dir='ltr'>non</span> <span class='ocrx_word' id='word_1_342' title='bbox 2695 3139 3016 3222; x_wconf 89' lang='lat' dir='ltr'>durant,</span> <span class='ocrx_word' id='word_1_343' title='bbox 3064 3158 3225 3213; x_wconf 92' lang='lat' dir='ltr'>non</span> <span class='ocrx_word' id='word_1_344' title='bbox 3259 3142 3448 3213; x_wconf 91' lang='lat' dir='ltr'>sunt</span> <span class='ocrx_word' id='word_1_345' title='bbox 3488 3139 3663 3212; x_wconf 83' lang='lat' dir='ltr'>veri</span> <span class='ocrx_word' id='word_1_346' title='bbox 3699 3138 3867 3211; x_wconf 84' lang='lat' dir='ltr'>son-</span> 
     </span>
     <span class='ocr_line' id='line_1_73' title="bbox 2329 3257 3869 3348; baseline -0.003 -15"><span class='ocrx_word' id='word_1_347' title='bbox 2329 3263 2477 3339; x_wconf 87' lang='lat' dir='ltr'>tes,</span> <span class='ocrx_word' id='word_1_348' title='bbox 2551 3257 2686 3330; x_wconf 86' lang='lat' dir='ltr'>sed</span> <span class='ocrx_word' id='word_1_349' title='bbox 2750 3257 2953 3331; x_wconf 88' lang='lat' dir='ltr'>flunt</span> <span class='ocrx_word' id='word_1_350' title='bbox 3050 3278 3149 3330; x_wconf 82' lang='lat' dir='ltr'>ex</span> <span class='ocrx_word' id='word_1_351' title='bbox 3225 3257 3869 3348; x_wconf 81' lang='lat' dir='ltr'>congregatione</span> 
     </span>
     <span class='ocr_line' id='line_1_74' title="bbox 2328 3372 3869 3466; baseline -0.001 -21"><span class='ocrx_word' id='word_1_352' title='bbox 2328 3394 2559 3464; x_wconf 84' lang='lat' dir='ltr'>aquae</span> <span class='ocrx_word' id='word_1_353' title='bbox 2628 3372 3036 3466; x_wconf 77' lang='lat' dir='ltr'>pluvialis,</span> <span class='ocrx_word' id='word_1_354' title='bbox 3098 3376 3403 3447; x_wconf 91' lang='lat' dir='ltr'>etcum</span> <span class='ocrx_word' id='word_1_355' title='bbox 3464 3372 3869 3464; x_wconf 86' lang='lat' dir='ltr'>ipsadefi·</span> 
     </span>
     <span class='ocr_line' id='line_1_75' title="bbox 2327 3489 3025 3571; baseline -0.009 -7"><span class='ocrx_word' id='word_1_356' title='bbox 2327 3492 2465 3571; x_wconf 89' lang='lat' dir='ltr'>cit,</span> <span class='ocrx_word' id='word_1_357' title='bbox 2503 3495 2584 3563; x_wconf 92' lang='lat' dir='ltr'>et</span> <span class='ocrx_word' id='word_1_358' title='bbox 2634 3490 2787 3563; x_wconf 91' lang='lat' dir='ltr'>iste</span> <span class='ocrx_word' id='word_1_359' title='bbox 2823 3489 3025 3561; x_wconf 81' lang='lat' dir='ltr'>fonS.</span> 
     </span>
    </p>

    <p class='ocr_par' dir='ltr' id='par_1_16' title="bbox 2325 3605 3866 4149">
     <span class='ocr_line' id='line_1_76' title="bbox 2416 3605 3865 3697; baseline -0.001 -18"><span class='ocrx_word' id='word_1_360' title='bbox 2416 3607 2528 3680; x_wconf 72' lang='lat' dir='ltr'>Ad</span> <span class='ocrx_word' id='word_1_361' title='bbox 2597 3605 3054 3677; x_wconf 87' lang='lat' dir='ltr'>secundam.</span> <span class='ocrx_word' id='word_1_362' title='bbox 3134 3606 3435 3676; x_wconf 90' lang='lat' dir='ltr'>Verum</span> <span class='ocrx_word' id='word_1_363' title='bbox 3505 3609 3629 3678; x_wconf 87' lang='lat' dir='ltr'>est</span> <span class='ocrx_word' id='word_1_364' title='bbox 3716 3625 3865 3697; x_wconf 85' lang='lat' dir='ltr'>pro</span> 
     </span>
     <span class='ocr_line' id='line_1_77' title="bbox 2329 3718 3863 3811; baseline -0.005 -15"><span class='ocrx_word' id='word_1_365' title='bbox 2329 3727 2587 3799; x_wconf 88' lang='lat' dir='ltr'>tanto,</span> <span class='ocrx_word' id='word_1_366' title='bbox 2629 3718 2835 3811; x_wconf 85' lang='lat' dir='ltr'>quod</span> <span class='ocrx_word' id='word_1_367' title='bbox 2880 3725 3106 3793; x_wconf 88' lang='lat' dir='ltr'>terra</span> <span class='ocrx_word' id='word_1_368' title='bbox 3150 3719 3368 3799; x_wconf 87' lang='lat' dir='ltr'>sicca</span> <span class='ocrx_word' id='word_1_369' title='bbox 3430 3719 3697 3790; x_wconf 89' lang='lat' dir='ltr'>minus</span> <span class='ocrx_word' id='word_1_370' title='bbox 3737 3724 3863 3799; x_wconf 86' lang='lat' dir='ltr'>est</span> 
     </span>
     <span class='ocr_line' id='line_1_78' title="bbox 2325 3835 3865 3931; baseline -0.001 -21"><span class='ocrx_word' id='word_1_371' title='bbox 2325 3837 2724 3931; x_wconf 86' lang='lat' dir='ltr'>disposita</span> <span class='ocrx_word' id='word_1_372' title='bbox 2801 3836 2895 3908; x_wconf 88' lang='lat' dir='ltr'>ad</span> <span class='ocrx_word' id='word_1_373' title='bbox 2946 3835 3560 3923; x_wconf 84' lang='lat' dir='ltr'>generationem</span> <span class='ocrx_word' id='word_1_374' title='bbox 3623 3857 3865 3928; x_wconf 66' lang='lat' dir='ltr'>,aqua-</span> 
     </span>
     <span class='ocr_line' id='line_1_79' title="bbox 2328 3951 3866 4046; baseline -0.003 -18"><span class='ocrx_word' id='word_1_375' title='bbox 2328 3976 2535 4035; x_wconf 91' lang='lat' dir='ltr'>rum,</span> <span class='ocrx_word' id='word_1_376' title='bbox 2601 3973 2840 4046; x_wconf 84' lang='lat' dir='ltr'>quam</span> <span class='ocrx_word' id='word_1_377' title='bbox 2902 3957 3132 4027; x_wconf 90' lang='lat' dir='ltr'>terra</span> <span class='ocrx_word' id='word_1_378' title='bbox 3199 3951 3519 4044; x_wconf 86' lang='lat' dir='ltr'>frigida,</span> <span class='ocrx_word' id='word_1_379' title='bbox 3589 3958 3669 4027; x_wconf 90' lang='lat' dir='ltr'>et</span> <span class='ocrx_word' id='word_1_380' title='bbox 3729 3953 3866 4025; x_wconf 87' lang='lat' dir='ltr'>hu-</span> 
     </span>
     <span class='ocr_line' id='line_1_80' title="bbox 2327 4073 3014 4149; baseline -0.013 -4"><span class='ocrx_word' id='word_1_381' title='bbox 2327 4073 2564 4145; x_wconf 86' lang='lat' dir='ltr'>mida.</span> <span class='ocrx_word' id='word_1_382' title='bbox 3009 4142 3014 4149; x_wconf 59' lang='grc'><strong>,</strong></span> 
     </span>
    </p>

    <p class='ocr_par' dir='ltr' id='par_1_17' title="bbox 2323 4185 3868 4980">
     <span class='ocr_line' id='line_1_81' title="bbox 2413 4185 3868 4274; baseline -0.003 -14"><span class='ocrx_word' id='word_1_383' title='bbox 2413 4187 2523 4260; x_wconf 77' lang='lat' dir='ltr'>Ad</span> <span class='ocrx_word' id='word_1_384' title='bbox 2601 4186 2964 4265; x_wconf 82' lang='lat' dir='ltr'>tertiam,</span> <span class='ocrx_word' id='word_1_385' title='bbox 3053 4185 3144 4255; x_wconf 88' lang='lat' dir='ltr'>de</span> <span class='ocrx_word' id='word_1_386' title='bbox 3204 4186 3868 4274; x_wconf 84' lang='lat' dir='ltr'>augmentatione</span> 
     </span>
     <span class='ocr_line' id='line_1_82' title="bbox 2323 4300 3866 4399; baseline -0.003 -22"><span class='ocrx_word' id='word_1_387' title='bbox 2323 4305 2787 4383; x_wconf 83' lang='lat' dir='ltr'>fluviorum,</span> <span class='ocrx_word' id='word_1_388' title='bbox 2833 4302 3009 4373; x_wconf 88' lang='lat' dir='ltr'>dico</span> <span class='ocrx_word' id='word_1_389' title='bbox 3045 4300 3253 4392; x_wconf 83' lang='lat' dir='ltr'>quod</span> <span class='ocrx_word' id='word_1_390' title='bbox 3284 4301 3440 4373; x_wconf 89' lang='lat' dir='ltr'>ista</span> <span class='ocrx_word' id='word_1_391' title='bbox 3487 4321 3866 4399; x_wconf 88' lang='lat' dir='ltr'>augmen·</span> 
     </span>
     <span class='ocr_line' id='line_1_83' title="bbox 2327 4417 3866 4511; baseline -0.005 -16"><span class='ocrx_word' id='word_1_392' title='bbox 2327 4421 2535 4495; x_wconf 86' lang='lat' dir='ltr'>tatio</span> <span class='ocrx_word' id='word_1_393' title='bbox 2570 4440 2730 4492; x_wconf 91' lang='lat' dir='ltr'>non</span> <span class='ocrx_word' id='word_1_394' title='bbox 2765 4417 3033 4489; x_wconf 85' lang='lat' dir='ltr'>solum</span> <span class='ocrx_word' id='word_1_395' title='bbox 3055 4418 3277 4489; x_wconf 89' lang='lat' dir='ltr'>venit</span> <span class='ocrx_word' id='word_1_396' title='bbox 3309 4439 3406 4489; x_wconf 84' lang='lat' dir='ltr'>ex</span> <span class='ocrx_word' id='word_1_397' title='bbox 3442 4424 3677 4511; x_wconf 84' lang='lat' dir='ltr'>parte</span> <span class='ocrx_word' id='word_1_398' title='bbox 3704 4419 3866 4511; x_wconf 89' lang='lat' dir='ltr'>plu-</span> 
     </span>
     <span class='ocr_line' id='line_1_84' title="bbox 2323 4533 3868 4626; baseline -0.003 -14"><span class='ocrx_word' id='word_1_399' title='bbox 2323 4541 2500 4617; x_wconf 81' lang='lat' dir='ltr'>viae,</span> <span class='ocrx_word' id='word_1_400' title='bbox 2549 4537 2820 4609; x_wconf 76' lang='lat' dir='ltr'>sodex</span> <span class='ocrx_word' id='word_1_401' title='bbox 2875 4533 3025 4607; x_wconf 82' lang='lat' dir='ltr'>hoc</span> <span class='ocrx_word' id='word_1_402' title='bbox 3079 4535 3290 4625; x_wconf 79' lang='lat' dir='ltr'>quod</span> <span class='ocrx_word' id='word_1_403' title='bbox 3354 4538 3674 4626; x_wconf 89' lang='lat' dir='ltr'>tempus</span> <span class='ocrx_word' id='word_1_404' title='bbox 3741 4539 3868 4608; x_wconf 87' lang='lat' dir='ltr'>est</span> 
     </span>
     <span class='ocr_line' id='line_1_85' title="bbox 2329 4649 3867 4744; baseline -0.005 -15"><span class='ocrx_word' id='word_1_405' title='bbox 2329 4656 2591 4743; x_wconf 84' lang='lat' dir='ltr'>magis</span> <span class='ocrx_word' id='word_1_406' title='bbox 2632 4651 3119 4744; x_wconf 87' lang='lat' dir='ltr'>dispositum</span> <span class='ocrx_word' id='word_1_407' title='bbox 3193 4656 3362 4724; x_wconf 89' lang='lat' dir='ltr'>tam</span> <span class='ocrx_word' id='word_1_408' title='bbox 3433 4649 3650 4721; x_wconf 84' lang='lat' dir='ltr'>infra</span> <span class='ocrx_word' id='word_1_409' title='bbox 3709 4655 3867 4722; x_wconf 86' lang='lat' dir='ltr'>ter-</span> 
     </span>
     <span class='ocr_line' id='line_1_86' title="bbox 2327 4766 3867 4861; baseline -0.005 -17"><span class='ocrx_word' id='word_1_410' title='bbox 2327 4792 2530 4852; x_wconf 87' lang='lat' dir='ltr'>ram,</span> <span class='ocrx_word' id='word_1_411' title='bbox 2563 4790 2801 4861; x_wconf 83' lang='lat' dir='ltr'>quam</span> <span class='ocrx_word' id='word_1_412' title='bbox 2864 4771 3104 4839; x_wconf 85' lang='lat' dir='ltr'>extra</span> <span class='ocrx_word' id='word_1_413' title='bbox 3133 4768 3226 4838; x_wconf 89' lang='lat' dir='ltr'>ad</span> <span class='ocrx_word' id='word_1_414' title='bbox 3253 4766 3867 4857; x_wconf 87' lang='lat' dir='ltr'>generationem</span> 
     </span>
     <span class='ocr_line' id='line_1_87' title="bbox 2327 4906 3476 4980; baseline -0.005 -19"><span class='ocrx_word' id='word_1_415' title='bbox 2327 4906 2749 4980; x_wconf 82' lang='lat' dir='ltr'>aquarum.</span> <span class='ocrx_word' id='word_1_416' title='bbox 3471 4964 3476 4967; x_wconf 51' lang='grc'><em>,</em></span> 
     </span>
    </p>

    <p class='ocr_par' dir='ltr' id='par_1_18' title="bbox 2415 5001 3865 5095">
     <span class='ocr_line' id='line_1_88' title="bbox 2415 5001 3865 5095; baseline -0.003 -18"><span class='ocrx_word' id='word_1_417' title='bbox 2415 5004 2530 5077; x_wconf 82' lang='lat' dir='ltr'>Ad</span> <span class='ocrx_word' id='word_1_418' title='bbox 2579 5006 2958 5095; x_wconf 85' lang='lat' dir='ltr'>quartam</span> <span class='ocrx_word' id='word_1_419' title='bbox 3001 5001 3092 5072; x_wconf 90' lang='lat' dir='ltr'>de</span> <span class='ocrx_word' id='word_1_420' title='bbox 3130 5004 3638 5080; x_wconf 80' lang='lat' dir='ltr'>terraemotu,</span> <span class='ocrx_word' id='word_1_421' title='bbox 3690 5001 3865 5073; x_wconf 91' lang='lat' dir='ltr'>dico</span> 
     </span>
    </p>
   </div>
   <div class='ocr_carea' id='block_1_9' title="bbox 2329 5116 3953 5214">
    <p class='ocr_par' dir='ltr' id='par_1_19' title="bbox 2329 5116 3953 5214">
     <span class='ocr_line' id='line_1_89' title="bbox 2329 5116 3953 5214; baseline -0.002 -22"><span class='ocrx_word' id='word_1_422' title='bbox 2329 5122 2534 5214; x_wconf 89' lang='lat' dir='ltr'>quod</span> <span class='ocrx_word' id='word_1_423' title='bbox 2599 5139 2810 5211; x_wconf 85' lang='lat' dir='ltr'>aqua</span> <span class='ocrx_word' id='word_1_424' title='bbox 2871 5118 3029 5192; x_wconf 90' lang='lat' dir='ltr'>ista</span> <span class='ocrx_word' id='word_1_425' title='bbox 3079 5121 3526 5207; x_wconf 88' lang='lat' dir='ltr'>generatur</span> <span class='ocrx_word' id='word_1_426' title='bbox 3594 5116 3698 5190; x_wconf 93' lang='lat' dir='ltr'>ibi</span> <span class='ocrx_word' id='word_1_427' title='bbox 3776 5118 3867 5189; x_wconf 90' lang='lat' dir='ltr'>de</span> <span class='ocrx_word' id='word_1_428' title='bbox 3944 5194 3953 5204; x_wconf 64' lang='grc'><strong>,</strong></span> 
     </span>
    </p>
   </div>
   <div class='ocr_carea' id='block_1_10' title="bbox 2328 5231 3868 5680">
    <p class='ocr_par' dir='ltr' id='par_1_20' title="bbox 2328 5231 3868 5444">
     <span class='ocr_line' id='line_1_90' title="bbox 2328 5231 3868 5326; baseline -0.003 -16"><span class='ocrx_word' id='word_1_429' title='bbox 2328 5257 2561 5317; x_wconf 87' lang='lat' dir='ltr'>novo,</span> <span class='ocrx_word' id='word_1_430' title='bbox 2608 5235 2741 5309; x_wconf 88' lang='lat' dir='ltr'>sed</span> <span class='ocrx_word' id='word_1_431' title='bbox 2774 5234 2946 5326; x_wconf 85' lang='lat' dir='ltr'>jam</span> <span class='ocrx_word' id='word_1_432' title='bbox 3010 5231 3249 5305; x_wconf 86' lang='lat' dir='ltr'>habet</span> <span class='ocrx_word' id='word_1_433' title='bbox 3300 5232 3568 5304; x_wconf 90' lang='lat' dir='ltr'>locum</span> <span class='ocrx_word' id='word_1_434' title='bbox 3619 5231 3868 5305; x_wconf 88' lang='lat' dir='ltr'>alium</span> 
     </span>
     <span class='ocr_line' id='line_1_91' title="bbox 2328 5347 3549 5444; baseline -0.007 -17"><span class='ocrx_word' id='word_1_435' title='bbox 2328 5356 2622 5434; x_wconf 76' lang='lat' dir='ltr'>exituS,</span> <span class='ocrx_word' id='word_1_436' title='bbox 2671 5372 2909 5444; x_wconf 83' lang='lat' dir='ltr'>quam</span> <span class='ocrx_word' id='word_1_437' title='bbox 2953 5354 3140 5422; x_wconf 88' lang='lat' dir='ltr'>ante</span> <span class='ocrx_word' id='word_1_438' title='bbox 3181 5347 3549 5422; x_wconf 88' lang='lat' dir='ltr'>habebat.</span> 
     </span>
    </p>

    <p class='ocr_par' dir='ltr' id='par_1_21' title="bbox 2329 5469 3865 5680">
     <span class='ocr_line' id='line_1_92' title="bbox 2421 5469 3861 5561; baseline -0.006 -18"><span class='ocrx_word' id='word_1_439' title='bbox 2421 5470 2533 5543; x_wconf 76' lang='lat' dir='ltr'>Ad</span> <span class='ocrx_word' id='word_1_440' title='bbox 2585 5469 2978 5561; x_wconf 82' lang='lat' dir='ltr'>quintam,</span> <span class='ocrx_word' id='word_1_441' title='bbox 3019 5489 3154 5534; x_wconf 81' lang='lat' dir='ltr'>non</span> <span class='ocrx_word' id='word_1_442' title='bbox 3204 5469 3471 5535; x_wconf 78' lang='lat' dir='ltr'>videtur</span> <span class='ocrx_word' id='word_1_443' title='bbox 3511 5489 3661 5556; x_wconf 75' lang='lat' dir='ltr'>quo,</span> <span class='ocrx_word' id='word_1_444' title='bbox 3708 5470 3861 5538; x_wconf 80' lang='lat' dir='ltr'>etc.</span> 
     </span>
     <span class='ocr_line' id='line_1_93' title="bbox 2329 5583 3865 5680; baseline -0.004 -17"><span class='ocrx_word' id='word_1_445' title='bbox 2329 5589 2529 5663; x_wconf 90' lang='lat' dir='ltr'>Dico</span> <span class='ocrx_word' id='word_1_446' title='bbox 2584 5588 2789 5680; x_wconf 86' lang='lat' dir='ltr'>quod</span> <span class='ocrx_word' id='word_1_447' title='bbox 2845 5606 3035 5679; x_wconf 89' lang='lat' dir='ltr'>pars</span> <span class='ocrx_word' id='word_1_448' title='bbox 3076 5583 3670 5673; x_wconf 85' lang='lat' dir='ltr'>consumitura</span> <span class='ocrx_word' id='word_1_449' title='bbox 3721 5584 3865 5658; x_wconf 89' lang='lat' dir='ltr'>sic-</span> 
     </span>
    </p>
   </div>
   <div class='ocr_carea' id='block_1_11' title="bbox 3978 3655 4190 3706">
    <p class='ocr_par' dir='ltr' id='par_1_22' title="bbox 3978 3655 4190 3706">
     <span class='ocr_line' id='line_1_94' title="bbox 3978 3655 4190 3706; baseline -0.024 0"><span class='ocrx_word' id='word_1_450' title='bbox 3978 3655 4058 3706; x_wconf 73' lang='lat' dir='ltr'>Aa</span> <span class='ocrx_word' id='word_1_451' title='bbox 4072 3655 4113 3703; x_wconf 76' lang='lat'>2.</span> <span class='ocrx_word' id='word_1_452' title='bbox 4189 3680 4190 3683; x_wconf 63' lang='lat'><em>=</em></span> 
     </span>
    </p>
   </div>
   <div class='ocr_carea' id='block_1_12' title="bbox 3976 4217 4117 4271">
    <p class='ocr_par' dir='ltr' id='par_1_23' title="bbox 3976 4217 4117 4271">
     <span class='ocr_line' id='line_1_95' title="bbox 3976 4217 4117 4271; baseline -0.05 0"><span class='ocrx_word' id='word_1_453' title='bbox 3976 4218 4056 4271; x_wconf 55' lang='lat' dir='ltr'>Art</span> <span class='ocrx_word' id='word_1_454' title='bbox 4079 4217 4117 4265; x_wconf 84' lang='lat'>3.</span> 
     </span>
    </p>
   </div>
   <div class='ocr_carea' id='block_1_13' title="bbox 3978 5024 4124 5075">
    <p class='ocr_par' dir='ltr' id='par_1_24' title="bbox 3978 5024 4124 5075">
     <span class='ocr_line' id='line_1_96' title="bbox 3978 5024 4124 5075; baseline -0.027 0"><span class='ocrx_word' id='word_1_455' title='bbox 3978 5025 4055 5075; x_wconf 71' lang='lat' dir='ltr'>Aa</span> <span class='ocrx_word' id='word_1_456' title='bbox 4079 5024 4124 5072; x_wconf 76' lang='lat'>⁴.</span> 
     </span>
    </p>
   </div>
   <div class='ocr_carea' id='block_1_14' title="bbox 3970 5499 4123 5552">
    <p class='ocr_par' dir='ltr' id='par_1_25' title="bbox 3970 5499 4123 5552">
     <span class='ocr_line' id='line_1_97' title="bbox 3970 5499 4123 5552; baseline -0.033 0"><span class='ocrx_word' id='word_1_457' title='bbox 3970 5500 4050 5552; x_wconf 72' lang='lat' dir='ltr'>Aa</span> <span class='ocrx_word' id='word_1_458' title='bbox 4079 5499 4123 5548; x_wconf 81' lang='lat'>5.</span> 
     </span>
    </p>
   </div>
  </div>
 </body>
</html>
