4252 6393
658 479 777 543 706
1866 460 1971 523 DE
2014 456 2282 522 RERUM
2324 450 2717 518 PRINCIPIO

658 639 816 711 bilc
858 639 1044 709 actu
1102 631 1459 726 positum
1503 626 1584 699 in
1627 622 2008 698 continuo
2047 617 2205 693 tol-
2320 635 2707 709 praesens,
2754 612 2888 685 sed
2929 632 3288 706 praesens
3354 611 3538 684 dum
3580 610 3867 684 aderat

664 757 780 829 lat
810 751 1492 828 continuitatem?
2318 737 2499 806 crat
2536 729 3052 812 indivisibile;
3089 748 3288 822 ergo
3345 727 3863 822 praeteritum

784 870 1013 948 Item,
1081 862 1514 937 secundum
1568 857 1811 929 istam
1872 850 2209 946 positio·
2320 856 2400 925 et
2425 849 2793 923 futurum
2828 852 3015 921 sunt
3049 845 3594 927 indivisibilia,
3631 851 3716 920 et
3751 845 3868 918 sic

663 1007 844 1060 nem
904 987 996 1059 de
1066 984 1225 1056 isto
1292 1003 1468 1049 ηιιηε
1527 972 1937 1070 praesenti,
2006 969 2212 1062 quod
2323 968 2576 1043 adhuc
2619 968 3136 1062 praeteritum
3167 968 3246 1038 et
3296 964 3666 1040 futurum
3708 983 3871 1038 non

667 1122 988 1196 semper
1034 1103 1161 1174 est
1219 1098 1458 1177 aliud,
1514 1097 1593 1166 et
1645 1088 2215 1171 aliud,videtur
2324 1086 2635 1160 faciunt
2678 1104 3025 1158 moram.

667 1220 974 1295 reverti
1007 1218 1220 1293 ratio
1248 1213 1720 1289 Aristotelis
1747 1206 2210 1303 repr‹›bata;
2417 1202 2921 1295 Respondeo,
2957 1202 3134 1275 dico
3183 1201 3390 1294 quod
3453 1202 3870 1294 praesenti,

670 1339 871 1432 quod
908 1336 1220 1410 scillcet
1292 1333 1501 1405 idem
1552 1348 1727 1398 ηιιηο
1780 1323 2213 1398 secundum
2329 1320 2806 1412 inquantum
2850 1337 3236 1411 praesens,
3291 1317 3592 1410 aliquid
3651 1338 3879 1409 repu-

316 896 434 948 Dub
447 898 549 946 'um
587 888 632 941 3·

673 1453 1213 1527 substantiam
1264 1453 1389 1523 est
1450 1448 1528 1519 in
1592 1449 1772 1519 toto
1844 1447 2216 1532 tempore

673 1572 912 1650 aliud,
949 1572 1027 1640 et
1052 1567 1267 1639 aliud
1302 1563 1742 1638 secundum
1783 1582 1942 1627 esse.

451 1691 526 1742 ¹3·
814 1684 1317 1776 Respondeo.
1401 1680 1513 1752 Ad
1592 1676 1944 1770 primum
2011 1671 2214 1747 dico,

336 1756 643 1819 Responde·
1173 1801 1184 1812 ,
1617 1794 1630 1805 .
2078 1788 2090 1801 .
2167 1787 2180 1800 .

404 1818 589 1895 agrae
676 1804 877 1897 quod
919 1803 1245 1875 duratlo
1284 1803 1682 1890 temporis
1717 1813 1877 1864 non
1921 1811 2217 1881 accipl-

355 1895 631 2015 ἷζῖιηῆἷῖἦῗὲ
680 1924 816 1993 tur
882 1938 925 1990 a
992 1913 1404 2011 praesenti,
1477 1912 1957 2003 inquantum
2024 1925 2222 1998 pra}-

358 2009 617 2118 23:22⁶?ss
681 2056 888 2118 sens,
936 2058 1117 2109 cum
1173 2035 1377 2108 idem
1414 2033 1521 2106 sit
1574 2030 1984 2105 transiens
2036 2022 2226 2097 indi-

375 2140 581 2181 m⁰'“²'·
680 2154 998 2228 visibile
1066 2173 1222 2223 non
1266 2167 1752 2243 permanens
1800 2170 1812 2213 :
1850 2145 1983 2239 sed
2025 2139 2227 2213 acei-

686 2272 906 2365 pitur
969 2290 1015 2341 a
1088 2265 1499 2361 prfesenti,
1602 2269 1689 2336 ut
1770 2260 2074 2335 transit
2149 2258 2228 2330 in

682 2388 1088 2461 rationem
1215 2380 1616 2477 praeteriti
1716 2379 1841 2449 vel
1914 2376 2225 2450 futuri:

677 2517 853 2586 tota
895 2512 1109 2584 enim
1165 2531 1391 2587 mora
1438 2511 1514 2580 et
1557 2505 1882 2579 duratio
1928 2507 2232 2595 tempo-

685 2632 797 2703 ris
849 2629 1229 2715 consistit
1276 2626 1349 2697 in
1398 2645 1657 2705 mora,
1695 2626 1772 2695 et
1807 2621 2235 2694 duratione

679 2746 1103 2842 praeteriti,
1208 2744 1336 2815 vel
1452 2740 1744 2813 futuri.
1854 2738 2239 2820 Quamvis

688 2864 945 2954 igitur
1024 2882 1066 2931 a
1144 2858 1532 2953 prasenti
1628 2879 1802 2924 nunc
1882 2852 2237 2926 indivisi-

680 2978 822 3051 bili
864 2978 1188 3049 ‹licatur
1215 2975 1507 3065 major,
1536 2973 1661 3044 vel
1708 2971 1976 3043 minor
2007 2970 2241 3042 dura·

688 3092 805 3167 tio
859 3096 972 3182 (ut
1035 3090 1209 3181 jam
1280 3086 1472 3179 dixi)
1540 3086 1974 3159 seeundum
2036 3085 2243 3177 quod

686 3209 878 3283 dicit
904 3205 1647 3297 Aristoteles‚quod
1682 3203 2042 3296 prius,et
2074 3224 2253 3295 pos·

694 3327 957 3399 terius
1006 3326 1079 3398 in
1116 3329 1516 3416 tempore,
1564 3321 2000 3393 seeundum
2038 3321 2243 3411 quod

690 3446 787 3516 ad
830 3445 1093 3536 ipsum
1138 3465 1314 3511 nmw
1360 3438 1751 3512 distantia
1813 3437 2241 3529 accipitur,

692 3566 772 3634 ct
818 3557 1270 3651 respective
1312 3555 1683 3626 dica-mus
1720 3558 2037 3645 tempus
2082 3553 2247 3626 Ion-

697 3675 901 3766 gius,
940 3676 1107 3745 tam
1132 3692 1228 3742 ex
1265 3673 1500 3763 parte
1536 3667 1976 3762 praeteriti,
2009 3688 2246 3758 quam

702 3788 979 3867 futuri,
1013 3787 1445 3860 seeundum
1479 3786 1683 3877 quod
1714 3784 1974 3874 magis
2001 3784 2251 3858 distat

701 3929 747 3979 a
794 3903 1176 3999 praesenti
1212 3927 1431 3983 umam
1482 3906 1750 3975 tamen
1800 3899 2246 3991 longitudo,

703 4023 827 4094 vel
882 4020 1244 4093 brevitas
1288 4017 1710 4109 temporis,
1774 4037 1934 4087 non
1998 4020 2120 4089 est
2176 4015 2252 4087 in

708 4140 884 4233 ipso
920 4161 1095 4205 num,
1131 4132 1545 4228 praesenti,
1585 4134 1719 4204 scd
1766 4134 1843 4205 in
1889 4156 2009 4210 eo,
2049 4135 2253 4226 quod

706 4258 953 4329 distat
988 4254 1084 4324 ab
1125 4274 1217 4322 eo
1256 4279 1269 4321 ε
1330 4251 1540 4324 sicut
1576 4250 1900 4340 signato
1956 4257 2255 4344 puncto

712 4374 789 4444 in
821 4370 1058 4449 linea,
1118 4367 1311 4439 illud
1355 4387 1511 4437 non
1564 4370 1686 4438 est
1726 4365 2082 4456 longum,
2131 4367 2258 4439 vel

709 4491 976 4568 breve,
1016 4487 1147 4558 sed
1183 4484 1689 4564 indivisibile:
1753 4484 1884 4555 sed
1911 4485 2259 4577 longitu-

714 4607 808 4677 do
850 4605 1082 4675 lineae
1125 4600 1976 4693 accipitursccundum
2017 4602 2263 4692 maj0-

2330 1440 2550 1527 gnat,
2623 1439 2906 1529 utpote
2989 1456 3247 1517 mora,
3310 1436 3438 1508 vel
3503 1434 3861 1514 duratio,

2333 1555 2540 1646 quod
2604 1574 2764 1626 non
2809 1557 3211 1646 repugnat
3263 1552 3337 1626 ei
3393 1552 3878 1646 inquantum

2336 1672 2847 1765 praeteritum
2886 1672 3034 1751 ,vel
3063 1669 3474 1744 futurum:
3513 1690 3880 1764 praesens

2334 1789 2546 1862 enim
2584 1809 2914 1860 manens
2962 1809 3316 1880 praesens
3365 1787 3882 1861 durationem

2338 1907 2632 1979 habere
2676 1926 2832 1978 non
2868 1910 3175 1998 potest;
3219 1925 3395 1977 nam
3442 1909 3634 1979 tunc
3665 1907 3883 1977 esset

2338 2023 2785 2103 mternitas,
2829 2023 2958 2095 vel
3012 2043 3300 2106 aevum,
3347 2027 3435 2097 ut
3486 2022 3678 2096 dicit
3734 2024 3888 2094 Au·

2342 2141 2720 2231 gustinus
2802 2143 2904 2213 II.
2980 2144 3278 2228 Confess.
3343 2164 3468 2230 cop
3555 2141 3664 2211 14.
3754 2139 3889 2211 sed

2342 2259 2857 2352 praeteritum
2946 2279 3278 2331 manens
3368 2257 3890 2351 praeteritum

2340 2377 2467 2450 vel
2493 2375 2884 2457 futurum,
2913 2375 3427 2448 durationem
3446 2374 3714 2457 habet,
3748 2393 3894 2446 nec

2345 2495 2417 2568 ei
2491 2496 2890 2587 repugnat
2962 2493 3317 2585 longum,
3401 2491 3530 2564 vel
3614 2492 3889 2569 breve,

2350 2609 2720 2702 quamvis
2745 2608 2895 2683 hoc
2941 2611 3339 2701 repugnet
3385 2607 3800 2701 praesenti.
4231 2666 4232 2691 ἶ

2435 2726 2577 2799 Vel
2613 2728 2881 2819 potest
2921 2726 3072 2799 dici
3114 2727 3208 2797 ad
3252 2725 3602 2818 primam
3647 2724 3901 2819 objec-
4062 2758 4134 2805 u.

2350 2845 2681 2927 tionem,
2758 2843 2960 2937 quod
3003 2847 3321 2937 tempus
3364 2843 3603 2915 habet
3653 2819 4211 2947 (ἰυνει-ῥζξῗωῖξ

2351 2962 2659 3035 tionem
2730 2960 2827 3032 ab
2871 2959 3046 3052 ipso
3083 2959 3466 3053 przesenti
3506 2960 3896 3040 durante;
3960 2952 4216 3062 ffiffiff

2353 3097 2514 3151 non
2551 3077 2868 3169 quidem
2930 3077 3134 3168 quod
3192 3076 3395 3149 idem
3455 3100 3634 3145 ηιιησ
3695 3096 3902 3169 prae—

2356 3218 2538 3270 sens
2563 3196 2944 3270 continue
2977 3198 3238 3280 duret,
3274 3216 3459 3268 nam
3493 3194 3647 3268 hoc
3683 3201 3905 3268 esset

2354 3315 2802 3395 aeternitaS,
2837 3313 2963 3385 vel
2999 3333 3296 3395 aevum;
3345 3314 3477 3385 sed
3508 3313 3749 3386 durat
3793 3312 3905 3405 ip-

2358 3453 2537 3504 sum
2581 3451 2937 3524 praesens
2973 3450 3117 3523 per
3145 3430 3322 3512 hoc,
3351 3429 3556 3522 quod
3582 3448 3911 3522 semper

2357 3551 2480 3622 cst
2522 3547 2760 3629 aliud,
2806 3551 2886 3621 ct
2926 3547 3168 3620 aliud.

2448 3669 2667 3750 Quod
2738 3667 2805 3739 si
2863 3667 3209 3747 dicatur,
3272 3666 3478 3758 quod
3548 3685 3708 3737 non
3778 3671 3908 3737 cst

2359 3785 2553 3857 dare
2597 3803 2957 3877 praesens
3003 3782 3079 3854 in
3112 3786 3289 3856 toto
3331 3782 3542 3853 fluxu
3600 3784 3914 3874 tempo·

2367 3900 2481 3972 ris
2517 3905 3256 3992 quantumcumque
3289 3899 3527 3981 aliud,
3556 3901 3635 3970 et
3669 3898 3916 3976 aliud,

2367 4017 2571 4108 quod
2604 4037 2768 4088 non
2802 4016 2905 4089 sit
2968 4015 3455 4089 indivisibile
3506 4014 3916 4088 :indivisi-

2366 4134 2560 4206 bilia
2601 4137 2874 4206 autem
2908 4154 3068 4206 non
3088 4139 3277 4208 sunt
3309 4133 3722 4216 continua,
3774 4153 3922 4205 nec

2368 4251 2618 4324 etiam
2681 4250 3196 4325 durationem
3266 4249 3653 4332 facerent,
3727 4251 3922 4324 dato

2370 4368 2576 4460 quod
2617 4372 3207 4461 consequenter
3242 4390 3326 4441 se
3367 4367 3791 4443 haberent.

2459 4484 2687 4567 Dico,
2759 4484 2965 4576 quod
3019 4483 3540 4558 indivisibilia
3583 4488 3924 4578 accepta

2376 4606 2462 4673 ut
2516 4604 2701 4674 actu
2759 4599 3195 4672 existentia
3243 4599 3342 4672 ab
3385 4599 3729 4673 invicem
3773 4601 3927 4673 dis-

721 4741 917 4802 rcm,
981 4720 1103 4789 vel
1162 4718 1563 4790 minorem
1636 4718 2108 4790 distantiam
2165 4719 2263 4789 ab
2376 4719 2656 4798 tincta,
2708 4717 2834 4789 vel
2886 4717 3265 4798 discreta,
3330 4723 3928 4811 consequenter

723 4837 862 4908 illo
940 4838 1235 4928 puncto
1290 4861 1303 4903 ε
1378 4838 1457 4906 et
1521 4834 1733 4906 sicut
1795 4833 2001 4905 linea
2079 4856 2263 4906 cum
2380 4833 2794 4906 schabcrc
2865 4853 3027 4906 non
3082 4837 3424 4927 possunt
3503 4833 3582 4905 in
3650 4834 3928 4929 aliquo

726 4955 1026 5046 puncto
1060 4970 1217 5021 non
1249 4954 1373 5021 est
1414 4950 1764 5038 longior,
1806 4971 2043 5041 quam
2096 4951 2266 5023 sinc
2378 4950 2760 5024 continuo
2797 4955 2920 5024 :ot
2960 4952 3149 5022 dato
3173 4951 3375 5042 quod
3406 4950 3520 5023 sic
3557 4972 3642 5022 se
3683 4950 3926 5024 habe·

724 5074 1021 5164 puncto
1060 5068 1532 5158 imaginata,
1581 5069 1696 5140 sic
1742 5071 2265 5162 praeteritum

723 5207 904 5259 cum
938 5185 1320 5277 praesenti
1362 5204 1569 5256 nunc
1601 5185 2068 5258 indivisibili
2107 5208 2268 5258 non

725 5309 850 5375 est
893 5303 1239 5394 longius.
1287 5322 1523 5394 quam
1564 5323 1705 5395 per
1747 5325 1829 5371 se
1883 5303 2054 5375 sinc
2096 5328 2272 5373 nunc

736 5420 1119 5514 praesenti
1160 5421 1609 5510 acceptum.

823 5537 901 5609 Si
935 5537 1179 5616 ‹licaS‚
1228 5534 1431 5626 quod
1492 5533 1694 5607 nihil
1736 5538 1859 5607 est
1906 5537 2274 5628 prseteri-

737 5657 937 5733 tum,
975 5650 1099 5721 vel
1146 5650 1537 5731 futurum,
1576 5650 1781 5741 quod
1831 5670 1986 5722 non
2026 5651 2273 5726 fuerit

2384 5071 2588 5149 rent,
2635 5066 2887 5140 adhuc
2941 5067 3455 5140 durationem
3500 5087 3665 5154 non
3717 5067 3933 5145 face·=

2383 5189 2587 5259 rent.
2620 5185 2763 5258 Sed
2793 5184 2869 5256 in
2895 5184 3257 5277 potentia
3279 5190 3639 5279 accepta,
3665 5208 3812 5260 nec
3841 5186 3934 5258 ab

2384 5303 2729 5376 invicem
2770 5302 3149 5384 discreta,
3198 5301 3496 5394 ubique
3540 5303 3620 5376 in
3683 5302 3929 5377 conti·

2385 5437 2543 5488 nuo
2580 5417 2890 5508 signari
2937 5423 3299 5510 possunt,
3339 5438 3483 5491 nec
3534 5419 3927 5494 continui·

2390 5538 2639 5607 tatem
2677 5533 3000 5615 tollunt,
3050 5535 3182 5606 sed
3215 5554 3394 5605 eam
3438 5540 3921 5630 supponunt.

2479 5653 2633 5723 Per
2671 5651 2824 5726 hoc
2868 5655 3089 5745 patet
3125 5650 3426 5726 solutio
3479 5655 3575 5726 ad
3621 5654 3695 5727 id
3729 5653 3924 5748 quod
4089 5681 4176 5733 15.
