4252 6393
393 4458 674 4574 Prozffi'cur

421 4600 505 4634 stc
511 4585 651 4634 undo
660 4622 673 4636 .

667 439 682 462 '‘
738 445 858 512 564

570 632 575 637 ·
722 627 963 700 quam
1006 623 1256 696 agens
1297 600 1785 695 principale;
1835 597 1950 670 sic
1989 595 2267 668 eodem

724 725 958 797 modo
983 744 1080 794 ex
1107 725 1340 814 parte
1374 713 2020 812 patientiS,qi1od
2040 712 2271 805 prius

659 907 665 912 .
721 838 1012 931 recipit
1038 837 1390 908 formam
1406 829 2009 908 accidentalem,
2031 844 2271 916 quam

724 953 1373 1030 substantialem,
1470 954 1559 1024 ut
1621 967 1831 1039 aqua
1916 942 2275 1016 efficitur

723 1073 1008 1153 calida,
1059 1069 1320 1159 magis
1366 1087 1605 1158 quam
1643 1063 1880 1154 ignis.
1925 1065 2129 1129 Prius
2167 1057 2274 1130 di-

659 1191 663 1196 ’
724 1212 819 1264 00
853 1185 1217 1262 naturali
1251 1184 1552 1262 ordine,
1583 1201 1738 1272 quo
1764 1197 2011 1268 agens
2046 1174 2274 1267 prius

725 1305 1061 1396 attingit
1084 1319 1412 1396 passum
1434 1319 1577 1394 per
1608 1296 1974 1370 accidens
2009 1309 2269 1371 suum,

728 1445 969 1518 quam
1012 1441 1159 1516 per
1199 1417 1768 1495 substantiam,
1811 1432 1971 1485 non
2003 1413 2277 1483 autem

728 1545 1127 1633 tempore.
1166 1540 1417 1613 Omne
1462 1534 1720 1625 igItur
1760 1549 2008 1621 agens
2050 1530 2278 1598 natu-

731 1656 928 1736 rale,
964 1651 1325 1727 naturali
1369 1650 1657 1723 saltem
1704 1644 2006 1723 ordine,
2051 1640 2279 1734 prius

730 1771 1034 1846 inducit
1059 1766 1672 1842 similitudinem
1697 1762 1822 1835 sui
1844 1758 2281 1834 accidentis

732 1887 1138 1982 impressi,
1204 1904 1444 1976 quam
1507 1878 1987 1954 substantiae
2062 1896 2275 1946 suae:

728 2025 925 2097 ergo
986 1999 1456 2076 necessario
1502 1998 1705 2070 idem
1749 1995 1945 2068 ordo
1996 1992 2157 2066 erit
2201 1991 2282 2062 in

727 2117 1181 2212 agentibuS,
1218 2120 1298 2189 et
1326 2112 1819 2208 patientibus
1846 2107 2282 2181 secundum

729 2236 1292 2311 intentionem.
1340 2230 1568 2303 Sicut
1609 2226 1824 2300 enim
1861 2247 1944 2296 se
1987 2222 2283 2294 liabent

730 2352 1058 2443 agentia
1100 2350 1196 2422 ad
1229 2347 1579 2438 agentia,
1619 2345 1734 2417 ita
1771 2342 2136 2415 actiones
2188 2338 2283 2410 ad

731 2468 1120 2541 actiones.
1186 2464 1410 2536 Sicut
1479 2461 1735 2552 igitur
1789 2454 2281 2529 intentiones

733 2605 780 2656 a
821 2583 1060 2656 rebus
1119 2579 1581 2673 dependent,
1625 2578 1703 2648 et
1746 2575 1841 2647 ad
1884 2593 2015 2644 res
2072 2568 2284 2641 ordi-

735 2702 1064 2779 nantur,
1110 2697 1227 2770 ita
1272 2696 1597 2788 oportet
1651 2691 1858 2783 quod
1919 2687 2281 2761 actiones

738 2812 1314 2889 intentionales
1375 2811 1473 2884 ab
1520 2807 1979 2882 actionibus
2053 2802 2285 2876 reali·

733 2935 880 3006 bus
936 2948 1401 3003 mensuram
1457 2928 1782 3006 sumant
1827 2951 1840 2993 :
1897 2941 2097 3011 ergo
2149 2940 2283 2990 ne-

732 3047 1097 3124 cessario
1144 3066 1376 3120 omne
1417 3062 1666 3133 agens
1718 3035 2279 3114 intentionale,

733 3167 968 3261 quale
1035 3169 1159 3240 est
1254 3162 1659 3255 objectum
1741 3150 2279 3244 intelligibile,

731 3285 960 3380 prius
1031 3280 1438 3354 assimilat
1536 3277 1689 3349 sibi
1777 3272 2285 3347 intellectum

734 3403 967 3475 modo
1033 3399 1376 3492 quodam
1439 3390 1945 3472 accidentali,
2004 3392 2082 3462 et
2145 3386 2284 3458 irn-

734 3517 1132 3611 perfecto;
1200 3518 1280 3587 et
1351 3513 1429 3584 in
1491 3512 1669 3593 fine,
1756 3506 1988 3580 modo
2052 3500 2284 3595 quasi

736 3632 1282 3712 substantiali,
1307 3630 1457 3702 hoc
1482 3630 1629 3707 est,
1663 3624 2047 3719 perfecto.
2073 3623 2285 3693 Dum

738 3755 1011 3824 autem
1073 3752 1258 3821 actu
1315 3742 1702 3832 intelligit
1763 3737 2121 3833 perfecte
2165 3757 2286 3806 sc-

738 3868 1083 3940 cundum
1156 3862 1739 3956 perfectionem
1801 3858 2059 3935 actus,
2119 3852 2286 3924 for-

742 4003 958 4057 mam
1003 3980 1296 4073 objecti
1342 3978 1419 4049 in
1473 3975 1790 4048 ratione
1825 3970 2129 4061 cogniti
2170 3991 2290 4040 re-

738 4098 987 4192 cipit:
1055 4114 1255 4185 ergo
1311 4091 1536 4185 prius
1608 4085 2050 4178 recipiebat
2107 4104 2286 4155 eam

741 4216 885 4288 sub
919 4213 1236 4285 ratione
1272 4203 1848 4285 similitudinis,
1881 4201 2112 4294 quasi
2150 4199 2288 4271 im-

740 4330 1118 4425 perfecte.

832 4450 1060 4528 Item,
1109 4444 1317 4517 sicut
1358 4441 1661 4515 dictum
1703 4439 1850 4517 est,
1898 4435 2284 4511 actiones,

739 4567 816 4638 et
913 4561 1238 4655 agentia
1311 4554 1874 4630 intentionalia
1962 4552 2289 4623 sumunt

742 4699 1207 4754 mensuram
1251 4676 1348 4747 ab
1381 4672 1830 4765 agentibus,
1903 4673 1981 4740 et
2044 4665 2287 4739 actio-

737 4801 971 4876 nibus
1015 4794 1405 4873 realibus;
1481 4791 1612 4863 sed
1668 4788 1746 4859 in
1810 4785 1973 4858 illis
2040 4801 2288 4873 agens

734 4910 1201 4991 necessario
1239 4907 1466 5002 prius
1501 4903 1869 4976 immittit
1930 4901 2284 4991 aliquam

732 5027 1357 5126 dispositionem
1404 5023 1481 5094 in
1527 5018 1987 5097 materiam,
2047 5034 2287 5107 quam

736 5145 1178 5225 introducit
1234 5141 1583 5212 formam
1649 5163 1662 5205 z
1739 5153 1938 5224 ergo
1999 5134 2077 5203 et
2159 5129 2289 5201 hic

734 5270 1170 5356 antequam
1216 5256 1576 5350 perfecta
1622 5249 2066 5322 intellectio
2117 5248 2283 5327 fiat,

732 5384 891 5457 crit
931 5374 1387 5471 dispositio,
1456 5367 1824 5461 quamvis
1890 5366 1994 5437 sit
2055 5362 2289 5435 dissi-

643 5550 648 5559 ·
734 5496 1132 5575 militudO,
1215 5488 1404 5581 quia
1448 5486 1613 5558 illic
1673 5487 1793 5555 est
1859 5483 2123 5554 forma
2158 5499 2287 5549 na-

614 5678 621 5686 .
733 5612 1030 5691 turalis
1073 5606 1443 5681 effective
1484 5603 1582 5675 ab
1615 5598 1887 5693 agenti
1928 5594 2289 5669 naturali

1897 429 1999 498 DE
2045 434 2309 498 RERUM
2356 430 2744 496 PRINCIPIO

2385 593 2612 685 ejus:
2678 596 2912 665 actus
2953 611 3150 664 vero
3218 587 3708 683 cognitionis
3764 609 3895 662 non

2384 711 2507 780 est
2542 708 2641 779 ab
2691 708 3004 801 objecto
3048 705 3437 786 effective,
3486 705 3618 777 sed
3675 704 3897 802 dispo-

2388 823 2649 904 sitive,
2699 823 3017 895 ratione
3073 822 3369 915 speciei
3415 822 3823 901 immissae;
3861 842 3899 892 a

2386 940 2753 1035 potentia
2792 962 2988 1013 vero
3029 943 3152 1012 est
3194 939 3584 1021 effective,
3625 941 3703 1010 et
3747 958 3901 1010 cau-

2340 1071 2345 1076 ·
2389 1058 2671 1130 sative.

2482 1175 2709 1256 Item,
2766 1194 2998 1246 omne
3030 1173 3249 1255 illud,
3296 1173 3500 1265 quod
3531 1173 3624 1245 de
3665 1176 3903 1265 poten·
3968 1195 4103 1245 renio.
4186 1205 4187 1210 ,

2388 1289 2507 1361 tia
2536 1288 2791 1362 tendit
2824 1291 2919 1361 ad
2978 1295 3278 1369 actum,
3325 1288 3779 1362 necessario
3830 1290 3906 1361 de

2391 1425 2601 1477 novo
2645 1404 2946 1496 aliquid
2984 1406 3319 1499 recipit;
3360 1407 3425 1478 si
3463 1409 3678 1480 enim
3728 1426 3911 1477 nunc

2394 1520 2855 1594 intellectus
2902 1521 3311 1612 intelligit,
3348 1522 3803 1595 necessario
3844 1543 3915 1594 se

2396 1635 2631 1710 habet
2700 1639 2969 1720 aliter,
3025 1660 3268 1732 quam
3315 1639 3569 1731 prius.
3612 1640 3776 1711 Hoc
3814 1641 3918 1710 est

2397 1754 2830 1826 secundum
2883 1754 3413 1827 Aristotelem
3466 1757 3533 1826 8.
3592 1759 3916 1844 Plissysicor.

2397 1883 2556 1938 texe.
2630 1895 2794 1941 com.
2866 1874 2932 1943 7.
3016 1872 3239 1953 Quod
3319 1891 3551 1944 omne
3624 1870 3919 1950 mobile,

2398 1987 2601 2076 quod
2654 2006 2863 2058 nunc
2910 1992 3307 2068 movetur,
3365 1992 3445 2061 et
3508 1987 3737 2079 prius
3785 2006 3923 2058 non

2398 2101 2899 2182 movebatur,
2937 2101 3402 2175 necessario
3437 2102 3711 2194 aliqua
3740 2121 3926 2173 nova

2395 2215 2820 2308 dispositio
2869 2218 2943 2289 in
2975 2241 3069 2293 eo
3106 2220 3320 2292 facta
3366 2223 3515 2292 est.
3562 2221 3677 2291 Ad
3718 2223 3926 2292 actus

2397 2336 2670 2404 autem
2706 2334 3203 2427 intelligendi
3234 2336 3553 2410 videtur
3596 2336 3925 2410 intellec-

2398 2450 2528 2520 tus
2584 2449 2852 2522 reduci
2906 2473 3049 2543 per
3116 2451 3621 2543 intelligibile
3688 2474 3767 2524 se
3807 2452 3928 2522 ha-

2396 2563 2587 2636 bens
2660 2568 2755 2639 ad
2801 2566 3064 2659 ipsum
3106 2589 3317 2642 1111110
3372 2569 3642 2650 aliter,
3711 2588 3926 2661 quam

2400 2682 2655 2774 prius,
2692 2688 2772 2757 et
2835 2685 3067 2775 quasi
3126 2685 3778 2760 connaturaliter
3813 2705 3932 2777 po·

2397 2799 2655 2871 tentia
2697 2801 2792 2872 ad
2869 2802 3333 2893 objectum:
3397 2823 3595 2895 ergo
3663 2802 3933 2875 intelli·

2397 2916 2650 3004 gendo
2686 2937 2914 2988 suam
2949 2917 3387 2990 essentiam
3423 2941 3507 2990 se
3539 2918 3780 2993 habet
3812 2918 3935 2992 ali-

2399 3035 2528 3105 ter
2566 3053 2801 3114 nunc,
2879 3054 3118 3125 quam
3191 3035 3461 3127 prius;
3536 3038 3677 3110 sed
3726 3037 3935 3131 prius

2397 3153 2576 3222 erat
2614 3149 2764 3222 sibi
2794 3171 3155 3244 praesens
3189 3172 3333 3245 per
3358 3153 3931 3229 substantiam:

2398 3287 2596 3355 ergo
2671 3271 3021 3359 oportet,
3108 3270 3313 3360 quod
3378 3289 3589 3345 nunc
3656 3270 3763 3343 sit
3804 3269 3937 3342 sibi

2402 3401 2760 3473 praesens
2823 3384 2903 3454 in
2967 3385 3285 3457 ratione
3332 3387 3673 3478 cogniti,
3750 3386 3940 3479 quod

2398 3518 2555 3570 non
2614 3503 2880 3592 potest
2913 3501 3071 3573 nisi
3108 3522 3250 3594 per
3294 3503 3679 3595 speciem.

2493 3615 2722 3697 Item,
2756 3615 2823 3686 si
2863 3616 3299 3707 praesentia
3345 3617 3495 3690 sibi
3528 3623 3752 3693 esset
3785 3639 3945 3692 cau-
3993 3629 4156 3683 Quarto·

2402 3751 2514 3810 sa,
2565 3731 2771 3821 quod
2823 3732 3225 3824 objectum
3291 3740 3663 3809 moveret
3707 3738 3803 3809 ad
3844 3734 3949 3806 in·
4056 3802 4061 3808 .

2398 3846 2945 3937 telligenduni,
3020 3870 3340 3942 semper
3409 3874 3493 3923 se
3565 3854 3951 3943 intellige·

2404 3966 2557 4041 ret,
2595 3983 2779 4033 cum
2826 3984 3150 4055 semper
3192 3964 3341 4037 sibi
3378 3966 3484 4040 sit
3527 3989 3893 4060 praesens
3933 3992 3948 4046 ;

2401 4095 2561 4148 non
2604 4097 2802 4168 ergo
2848 4083 3120 4152 movet
3179 4082 3538 4153 essentia
3589 4086 3809 4157 nuda
3850 4083 3950 4155 in-

2402 4194 2818 4267 tellectum
2855 4223 2868 4264 :
2908 4216 3104 4286 ergo
3150 4217 3294 4288 per
3362 4198 3673 4290 aliquid
3715 4200 3948 4279 aliud,

2406 4311 2539 4383 sed
2572 4330 2732 4383 non
2779 4315 3047 4403 potest
3091 4312 3245 4384 nisi
3290 4334 3432 4405 per
3474 4316 3861 4407 speciem.

2496 4429 2725 4508 Item,
2795 4428 2859 4499 si
2926 4429 3359 4500 secundum
3418 4432 3954 4505 Aristotelem
4026 4461 4180 4518 Quam.

2399 4547 2465 4617 3.
2528 4547 2610 4612 cle
2656 4550 2927 4629 Anima,
3003 4561 3161 4615 tart.
3238 4552 3344 4620 12.
3417 4554 3809 4642 lucelliyere
3872 4564 3961 4618 est

2401 4663 2735 4750 quoddam
2771 4666 2939 4749 paci,
3016 4663 3519 4756 impossibile
3588 4671 3722 4740 est
3792 4687 3961 4761 pas-

2403 4798 2581 4848 sum
2618 4777 2783 4870 pati
2815 4778 2914 4849 ab
2946 4785 3259 4871 agente,
3306 4783 3463 4855 nisi
3519 4785 3617 4856 ab
3661 4808 3763 4858 eo
3826 4786 3961 4858 ali-

2404 4892 2587 4983 quid
2634 4893 3021 4986 recipiat;
3060 4917 3257 4988 ergo
3308 4902 3790 4974 necessario
3852 4904 3964 4974 in-

2402 5012 2781 5085 tellectus
2842 5015 3144 5107 aliquid
3185 5020 3276 5089 de
3334 5039 3544 5092 novo
3614 5020 3959 5114 recipit;

2405 5126 2537 5196 sed
2579 5146 2734 5197 non
2774 5129 3064 5222 recipit
3095 5133 3187 5204 de
3219 5152 3427 5205 novo
3480 5136 3960 5221 essentiam,

2402 5260 2599 5331 ergo
2643 5246 3111 5317 necessario
3155 5251 3530 5322 essentiae
3573 5250 3963 5343 speciem.

2492 5359 2654 5429 Nec
2688 5364 2949 5450 potest
2974 5361 3369 5454 dici‚quod
3401 5366 3492 5438 de
3525 5386 3745 5440 novo
3774 5366 3968 5439 reci·
4066 5407 4135 5453 «11.
4186 5408 4187 5433 ³

2408 5472 2572 5564 piat
2607 5477 2903 5557 actum,
2943 5477 3129 5567 quia
3154 5477 3289 5551 illc
3322 5481 3420 5552 ab
3442 5482 3773 5572 objecto
3809 5503 3965 5556 non

2403 5593 2550 5674 est,
2607 5591 2769 5663 imo
2826 5592 3093 5685 potius
3135 5598 3214 5667 et
3278 5596 3829 5691 principalius
3870 5598 3966 5675 ab
