4252 6393
1657 405 2019 484 QUAESTIO
2066 407 2143 473 ix

337 570 590 643 omnis
628 590 820 663 pars
845 567 1574 643 consubstantialis
1596 588 1870 641 secun-

334 688 509 760 dum
554 688 1048 782 supradicta,
1095 688 1191 761 ad
1230 687 1542 781 primas
1589 689 1869 780 partes

333 805 1065 881 consubstantiales
1135 805 1585 888 reducitur,
1660 804 1868 878 scili-

333 924 449 994 cet
482 922 579 995 ad
620 923 1059 997 materiam
1089 927 1170 997 et
1213 922 1591 1005 formam,
1627 926 1708 996 et
1750 920 1868 995 sic

333 1042 530 1136 quod
576 1063 769 1115 vere
827 1042 1209 1116 dicuntur
1268 1046 1546 1135 partes
1616 1046 1868 1115 mate-

335 1156 600 1240 riales,
626 1155 756 1229 vel
779 1156 1174 1230 formales
1204 1157 1490 1241 totius,
1546 1159 1623 1230 et
1660 1178 1866 1250 quae-

331 1274 515 1346 libet
544 1272 702 1348 dici
736 1273 998 1367 possit
1028 1274 1281 1350 etiam
1320 1295 1514 1347 vere
1556 1274 1672 1347 sic
1706 1293 1866 1346 ma-

332 1391 540 1466 teria
574 1390 705 1464 vel
737 1390 1034 1465 forma.

150 1501 209 1551 ⁷¹·
414 1507 533 1578 Ex
596 1504 749 1579 hoc
806 1505 1010 1589 dico,
1075 1509 1299 1599 patet
1360 1507 1568 1601 quod
1601 1505 1868 1580 simile

330 1623 749 1700 adductum
791 1622 1205 1697 concludit
1249 1624 1745 1718 oppositum,
1786 1625 1865 1696 in

330 1758 478 1830 quo
557 1739 875 1832 quidem
953 1737 1342 1814 similiter
1416 1736 1857 1821 dicebatur,

328 1858 527 1950 quod
568 1858 781 1933 sicut
822 1859 905 1932 in
943 1878 1103 1931 uno
1146 1857 1570 1951 supposito
1602 1855 1863 1929 homi-

322 1975 440 2048 nis
484 1978 670 2047 sunt
703 1975 993 2048 formae
1042 1974 1655 2067 corruptibileS,
1706 1973 1859 2047 toti

319 2094 774 2187 composito
837 2091 1619 2173 consubstantiales,
1686 2111 1860 2184 quae

319 2213 766 2290 informant
816 2213 1339 2307 corporalem
1392 2212 1854 2296 materiam,

317 2334 390 2404 et
429 2352 594 2404 non
627 2330 1189 2424 spiritualem;
1229 2330 1345 2404 sic
1380 2331 1459 2403 in
1502 2332 1643 2405 illo
1686 2354 1862 2427 sup·

321 2447 587 2540 posito
637 2452 764 2523 est
802 2446 1073 2521 forma
1103 2447 1854 2532 consubstantialis,

317 2564 633 2638 scilicet
689 2563 1193 2639 intellectiva
1245 2585 1421 2656 quae
1464 2564 1861 2640 informat

324 2682 787 2763 materiam,
826 2684 908 2755 et
948 2700 1108 2753 non
1150 2682 1696 2774 corporalem.
1744 2685 1861 2755 Ex

322 2794 492 2879 hoc,
547 2797 752 2878 dico,
797 2796 1309 2870 concluditur
1345 2799 1855 2891 oppositum;

321 2933 505 2988 nam
575 2913 865 2987 formae
920 2914 1423 3006 corporales,
1469 2935 1863 3009 corpora-

323 3028 472 3102 lem
546 3028 985 3102 materiam
1055 3029 1625 3115 informantes,
1699 3054 1861 3106 res-

322 3150 552 3239 pectu
659 3146 1227 3240 subsequentis
1308 3147 1596 3222 formae
1675 3155 1862 3225 sunt

317 3264 817 3348 materiales,
875 3268 954 3339 et
993 3285 1187 3337 vere
1219 3285 1266 3336 a
1306 3265 1861 3359 subsequenti-

310 3382 447 3455 bus
493 3381 1081 3465 informantur,
1119 3382 1484 3475 alioquin
1516 3384 1859 3457 nisifor·

312 3520 437 3572 ma
466 3520 571 3573 ex
609 3519 755 3572 sua
782 3497 1400 3592 imperfectione
1432 3499 1660 3572 unita
1698 3520 1857 3573 ma·

310 3616 540 3689 teriae
590 3618 965 3709 respectu
1003 3615 1597 3707 subsequentis,
1642 3621 1856 3690 esset

311 3732 664 3807 materia
693 3734 945 3805 tantae
977 3732 1588 3815 abstractionis,
1642 3739 1857 3809 esset

312 3849 665 3924 materia
706 3848 1136 3930 naturalis,
1181 3848 1391 3922 sicut
1443 3849 1858 3942 Metaphy-

314 3967 477 4040 sica
527 3966 662 4038 vel
725 3965 1074 4038 materia
1114 3965 1317 4047 coeli,
1357 3966 1560 4059 quod
1598 3970 1858 4039 osten-

77 4129 265 4191 ΜΛ.
314 4105 487 4157 sum
529 4087 661 4157 est
693 4104 869 4156 esse
903 4082 1202 4155 falsum
1241 4107 1448 4172 supra
1480 4082 1560 4154 in
1607 4106 1856 4176 quaes·

116 4203 212 4252 W·-
312 4203 529 4276 tione
571 4202 668 4273 dc
700 4198 1295 4293 compositione
1356 4199 1676 4283 animae,
1724 4203 1854 4274 ubi

306 4320 800 4399 dictumest,
864 4317 1071 4409 quod
1113 4316 1462 4390 materia
1540 4321 1624 4387 ut
1688 4339 1857 4390 om-

308 4435 493 4511 nino
540 4456 689 4509 ens
733 4455 985 4527 prope
1027 4434 1255 4515 nihil,
1310 4455 1472 4505 non
1513 4439 1637 4508 est
1679 4435 1857 4507 sub-

302 4552 614 4643 jectum
654 4552 1002 4644 alicujus
1046 4551 1391 4642 agentis,

390 4670 833 4741 Ostensum
864 4668 988 4737 est
1029 4664 1302 4745 etiam,
1361 4665 1565 4755 quod
1604 4668 1855 4737 matc-

313 4782 451 4865 ria,
500 4787 591 4855 ut
637 4785 758 4854 est
804 4781 1252 4873 subjectum
1300 4781 1854 4871 generationis

293 4904 384 4973 -et
424 4897 1022 4992 corruptionis,
1081 4897 1434 4971 includat
1483 4918 1853 4971 neeessa-

312 5017 430 5091 rio
481 5019 852 5110 aliquam
908 5015 1286 5096 sormam,
1340 5018 1420 5088 et
1464 5014 1721 5086 multa
1762 5016 1853 5087 de

306 5132 450 5208 hoc
541 5135 651 5208 ibi
702 5158 717 5215 ;
792 5151 990 5223 ergo
1064 5130 1381 5205 habent·
1440 5132 1851 5203 rationem

307 5251 677 5325 materiae
712 5251 1083 5341 respectu
1129 5248 1794 5340 subsequentium
1831 5272 1846 5329 ;

304 5388 496 5459 ergo
562 5389 613 5440 a
693 5365 970 5446 simili,
1036 5363 1305 5436 forma
1392 5363 1850 5437 informans

305 5484 742 5556 materiam
769 5478 1313 5574 spiritualem,
1351 5480 1576 5552 nullo
1614 5480 1848 5551 modo

304 5599 572 5687 potest
640 5596 797 5669 dici
858 5614 1049 5689 pars
1122 5594 1850 5668 consubstantialis

486 5732 752 5785 Tom.1V.

77 4682 192 4740 'lum
212 4696 257 4747 8.

92 4761 129 4795 n.
154 4754 211 4803 ¹9.

1968 569 2339 664 *alicujus
2373 572 2837 664 compositi,
2879 572 3008 647 vel
3042 575 3310 648 forma
3364 576 3533 653 illa-

1991 710 2175 761 rum
2195 691 2782 783 corporalium,
2815 692 2983 766 sive
3009 695 3535 768 consubstan-

1988 803 2216 878 tialis
2261 805 2454 889 illis,
2526 807 2687 880 nisi
2752 813 3128 900 respectu
3198 809 3531 885 illarum

1986 938 2180 990 vere
2224 920 2331 994 sit
2389 924 2470 995 et
2498 921 2820 996 dicatur
2851 923 3164 1007 forma;
3203 925 3370 999 haec
3401 948 3533 1000 au-

1987 1039 2153 1109 tem
2194 1041 2319 1111 est
2363 1037 2887 1123 intellectiva,
2951 1044 3029 1113 et
3064 1042 3181 1114 sic
3228 1042 3405 1117 dico
3438 1044 3536 1117 ad

1989 1150 2238 1224 istam
2269 1154 2786 1245 positionem.
2825 1156 2977 1230 Hic
3009 1156 3291 1230 debent
3331 1178 3532 1252 ergo

1988 1268 2179 1360 poni
2214 1270 2664 1346 solutiones
2698 1274 2793 1346 ad
2853 1274 3059 1347 alias
3109 1275 3533 1350 difficulta-

1976 1387 2110 1464 tes
2154 1387 2532 1480 superius
2567 1389 2907 1483 positas,
2945 1390 3134 1464 lieet
3183 1391 3529 1466 intuenti

1984 1501 2421 1595 diligenter
2462 1507 2664 1580 satis
2700 1511 3031 1599 pateant
3062 1530 3161 1581 ex
3207 1510 3530 1602 praedic-

1986 1618 2120 1691 tis.

2327 1930 2577 1988 ARTIC.
2658 1933 2727 1990 11.
2806 1932 3007 1991 SECT.
3087 1936 3185 1994 111.

1995 2112 2225 2178 Verius
2270 2124 2333 2178 ct
2384 2116 2751 2200 perfectius
2816 2117 3053 2183 unitur
3118 2119 3349 2185 anima
3415 2119 3526 2188 in-

2070 2228 2403 2294 tellectiva
2450 2232 2718 2317 corpori
2760 2233 3071 2314 humane,
3127 2255 3325 2321 quam
3381 2237 3526 2304 alia

2068 2362 2487 2429 quercumque
2523 2343 2748 2426 forma
2785 2365 2920 2410 ame
2951 2347 3271 2413 macerioe.

2069 2541 2360 2616 Restat
2403 2541 2675 2613 videre
2707 2541 3047 2615 tertium
3081 2539 3524 2615 articulum

1982 2657 2362 2750 superius
2440 2657 2834 2750 positum,
2918 2657 3229 2730 scilicet
3319 2658 3525 2750 quod

1983 2770 2446 2845 intellectus
2531 2772 2806 2845 verius
2903 2775 2984 2846 et
3081 2772 3525 2865 perfectius

1981 2888 2265 2963 unitur
2297 2887 2651 2961 humano
2692 2887 3055 2981 corpori,
3094 2893 3183 2962 ut
3223 2888 3521 2973 forma,

1983 3025 2225 3096 quam
2260 3005 2533 3098 aliqua
2567 3006 2837 3079 forma
2878 3026 3046 3079 suae
3099 3005 3469 3080 materiae
3505 3032 3522 3089 ;

1982 3140 2075 3194 ac
2136 3141 2283 3216 per
2349 3121 2501 3194 hoc
2574 3122 2790 3195 inter
2850 3142 3129 3194 omnes
3189 3121 3526 3195 effectus

1976 3243 2324 3335 naturae,
2415 3237 2658 3310 homo
2749 3238 3010 3329 magis
3086 3243 3212 3313 est
3292 3259 3522 3319 unus,

1981 3371 2222 3443 quam
2280 3350 2604 3443 aliquod
2658 3351 2874 3424 aliud
2948 3351 3521 3444 compositum.

2547 3551 2951 3607 SCHOLIUM.

2050 3704 2573 3761 perfectissimam
2625 3718 2762 3759 esse
2792 3703 3019 3759 animae
3067 3716 3210 3761 cum
3260 3717 3520 3775 corpore

1980 3806 2297 3871 unionem,
2330 3807 2391 3859 et
2421 3801 2882 3858 nobilissimum
2913 3802 3195 3858 omnium
3228 3802 3519 3858 animan-

1975 3905 2134 3961 tium
2167 3903 2573 3973 compositum
2606 3902 3007 3967 constituere,
3044 3901 3392 3958 manifestis
3416 3901 3519 3958 hic

1976 4001 2194 4073 probat
2226 3998 2593 4065 rationibuS,
2628 4014 2767 4069 quae
2818 3998 3209 4069 potissimum
3260 4014 3332 4055 eo
3378 4002 3519 4055 ten-

1974 4100 2150 4165 dunt,
2186 4103 2251 4155 ut
2281 4097 2562 4168 probent,
2596 4096 2757 4167 quod
2789 4096 2970 4153 homo
3019 4098 3098 4153 sit
3143 4097 3340 4154 veluti
3393 4101 3523 4153 ter-

1977 4200 2188 4255 minus
2245 4201 2305 4254 et
2379 4195 2906 4266 complementum
2986 4199 3248 4251 naturae.
3331 4194 3524 4267 quue

1975 4296 2173 4352 simili
2207 4295 2494 4351 discursu
2536 4293 2825 4364 probavit
2865 4293 3230 4351 Aristoteles
3277 4292 3525 4348 discur-

1974 4408 2122 4449 rens
2155 4407 2266 4463 per
2295 4405 2509 4448 omnes
2541 4388 2774 4459 gradus
2804 4390 3220 4446 animantium
3279 4393 3339 4446 et
3386 4390 3527 4445 ani-

1976 4505 2246 4556 marum,
2315 4494 2375 4545 et
2423 4487 2673 4545 tandem
2697 4487 3012 4544 hominem
3078 4492 3258 4545 vocat
3309 4494 3527 4557 posere-

1972 4607 2130 4645 mum
2175 4596 2222 4644 ct
2245 4592 2575 4657 minimum;
2598 4592 2957 4655 postremum,
2980 4587 3123 4657 quia
3138 4584 3528 4657 procedendo

1973 4681 2049 4737 ab
2109 4678 2495 4751 imperfectis
2551 4675 2627 4733 ad
2681 4677 3073 4747 perfectiora,
3106 4674 3342 4732 obtinet
3374 4675 3525 4731 ulti-

1976 4793 2170 4845 mum,
2260 4776 2372 4832 hoe
2457 4779 2569 4841 est,
2658 4774 3190 4845 perfectissimum
3253 4772 3520 4843 gradum

1974 4876 2143 4932 inter
2199 4889 2458 4945 corpora
2526 4872 2850 4942 viventia3
2886 4873 3218 4938 minimum,
3243 4873 3388 4944 quia
3420 4871 3520 4928 di-

1972 4973 2131 5041 vidi,
2166 4978 2272 5030 aut
2303 4972 2501 5027 secari
2538 4972 2601 5026 in
2652 4970 2809 5026 alias
2857 4970 3096 5041 species
3144 4985 3264 5027 non
3297 4975 3514 5042 potest.

2065 5125 2341 5197 Primo
2378 5125 2598 5215 patet
2635 5121 2776 5203 sic,
2842 5121 3113 5194 forma
3175 5143 3514 5217 propor-

1972 5241 2397 5316 tionaliter
2464 5239 3046 5331 correspondet
3117 5241 3509 5323 materiae,

1972 5360 2166 5433 talis
2216 5359 2431 5429 enim
2479 5357 2746 5428 forma
2793 5354 2945 5426 tali
3007 5355 3373 5429 materiae
3440 5360 3509 5430 2.

1970 5479 2242 5563 Pleysic.
2294 5488 2457 5543 teari.
2502 5474 2612 5544 26.
2659 5486 2719 5539 et
2759 5474 2822 5541 1.
2876 5473 2957 5537 cle
3013 5474 3281 5554 Anima,
3348 5487 3507 5546 lea-t.

1970 5594 2078 5664 53.
2126 5592 2259 5663 scd
2301 5591 2594 5674 forma,
2642 5593 2730 5661 ut
2771 5586 3158 5669 videmuS,
3207 5595 3509 5679 quanto

3293 5722 3357 5775 28

3406 373 3636 495 ω’

3663 2563 3751 2620 72.
