4252 6393
1813 400 2067 468 CAPUT
2113 403 2184 466 ll.

379 561 564 642 ista:
615 558 746 635 sed
799 581 959 636 non
1004 585 1048 636 e
1086 554 1511 637 contrario
1554 563 1647 636 ad
1681 564 1919 655 quod-

375 682 592 766 libet,
637 682 846 775 quod
900 681 1201 755 dicitur
1249 685 1355 754 13.
1413 683 1546 754 sed
1587 682 1681 753 ad
1724 681 1918 754 illud

373 797 759 882 eminens,
833 797 912 872 in
984 821 1139 891 quo
1208 798 1676 871 necessario
1737 818 1920 871 con-

372 920 714 988 currunt
751 915 926 989 istae
956 916 1128 988 duae
1173 917 1560 991 rationes.

141 1018 230 1070 ²⁰·
467 1034 559 1106 In
616 1033 774 1107 ista
816 1033 1372 1127 responsione,
1426 1034 1698 1125 aliqua
1741 1055 1917 1125 quae

379 1152 561 1221 sunt
611 1152 983 1232 narrata,
1031 1149 1111 1221 in
1166 1148 1334 1222 suis
1394 1150 1919 1223 ostendentur

377 1266 599 1348 loeis,
645 1271 723 1339 et
769 1268 883 1340 ita
927 1266 1083 1338 ista
1119 1266 1542 1359 responsio
1582 1287 1742 1338 non
1785 1289 1918 1361 po·

373 1382 598 1454 nitur
675 1385 1061 1474 tanquam
1148 1386 1490 1478 propria
1567 1385 1915 1478 alicujus

374 1497 949 1579 conclusionis,
1013 1500 1147 1571 sed
1201 1504 1591 1592 tanquam
1648 1501 1917 1595 expla-

373 1615 593 1687 natio
653 1615 1106 1690 narrativa.
1187 1617 1275 1688 In
1340 1618 1917 1711 propositioni-

374 1731 513 1803 bus
576 1738 848 1804 autem
907 1732 1546 1816 conclusionum,
1602 1756 1738 1806 seu
1792 1755 1917 1807 ac-

373 1849 835 1942 ceptionum
871 1850 1120 1942 praedi
1177 1852 1315 1934 ati,
1360 1872 1504 1924 nee
1548 1851 1753 1924 alias
1797 1873 1916 1924 sa-

370 1967 475 2038 tis
514 1968 944 2058 probatum
979 1970 1128 2038 est.

49 2160 328 2223 metaph
462 2088 768 2159 Contra
827 2084 1071 2157 istam
1141 2086 1752 2178 responsionem
1823 2086 1917 2157 ad

75 2200 124 2299 ἐι..
152 2225 219 2300 2..
334 2194 350 2207 ‘
377 2203 806 2274 secundam
849 2201 1169 2273 videtur
1204 2222 1382 2274 esse
1425 2202 1914 2277 Aristoteles

46 2292 355 2402 g'ssffissffi?
378 2322 483 2392 10.
557 2318 1424 2408 Melaplzysicoe:Ut1‘um
1494 2318 1600 2393 sit
1665 2339 1916 2410 genus

46 2417 332 2540 ssffssssssfjss,
376 2456 647 2514 unum,
683 2435 890 2527 quod
924 2434 1027 2506 sit
1077 2454 1482 2517 mensura,
1527 2439 1604 2508 et
1655 2436 1733 2508 in
1779 2437 1920 2508 ali-

46 2542 316 2590 “fflmdffi
376 2573 530 2644 quo
576 2571 897 2645 genere.
954 2554 1054 2624 Et
1099 2553 1319 2644 patet
1365 2552 1461 2623 ad
1514 2551 1913 2644 primum;

371 2671 449 2741 et
490 2668 924 2741 secundum
977 2668 1240 2760 ipsum
1271 2672 1347 2736 in
1389 2671 1454 2740 5.
1514 2671 1923 2756 Mecaphysi-

367 2809 477 2865 σω,
529 2789 1090 2858 mensuratum
1154 2783 1515 2857 refertur
1579 2785 1920 2858 realiter

370 2903 460 2973 ad
496 2920 990 2983 mensuram,
1026 2922 1187 2974 non
1221 2923 1261 2973 e
1294 2905 1622 2982 contra;
1664 2901 1920 2992 igitur

368 3017 689 3092 videtur
754 3018 1195 3111 dependere
1273 3018 1369 3090 ad
1447 3037 1917 3089 mensuram

369 3133 687 3228 proprii
720 3133 1069 3227 generis,
1126 3133 1207 3205 in
1255 3154 1410 3227 qua
1445 3136 1716 3208 tamen
1755 3152 1915 3205 non

366 3251 835 3325 continetur
863 3251 1367 3333 virtualiter,
1426 3252 1558 3324 sed
1593 3254 1916 3325 tantum

368 3368 846 3444 eminenter.

121 3522 209 3576 21,
469 3489 699 3570 Item,
754 3488 823 3559 si
876 3488 952 3560 in
1002 3486 1674 3569 eminentissime,
1713 3488 1918 3578 quod

46 3586 307 3699 Ξῖἕξζᾘ,
373 3604 840 3680 necessario
882 3604 1433 3697 participatur
1483 3608 1563 3678 et
1605 3624 1917 3677 mensu-

372 3725 528 3804 rat,
563 3722 988 3796 concurrit
1021 3722 1366 3813 utraque
1402 3719 1617 3793 ratio
1648 3740 1915 3794 neces-

369 3839 635 3920 sario;
713 3838 967 3930 igitur
1038 3836 1116 3908 in
1188 3836 1911 3930 propinquioribus

365 3955 514 4029 sibi
546 3957 1139 4047 consequenter
1177 3954 1598 4027 concurrit
1649 3953 1910 4044 magis

362 4103 601 4174 quam
685 4081 762 4153 in
841 4079 1451 4161 remotioribus,
1534 4078 1909 4153 videlicet

358 4207 562 4298 quod
596 4206 860 4296 majus
894 4208 974 4277 et
1009 4203 1300 4286 minus,
1337 4208 1417 4279 et
1461 4203 1907 4276 maximum

353 4333 731 4407 videntur
765 4331 965 4403 idem
1003 4330 1433 4412 includere,
1473 4330 1905 4402 secundum

357 4458 622 4550 majus
680 4460 759 4530 et
806 4456 1275 4537 maximum,
1323 4459 1402 4529 et
1448 4455 1905 4528 considera-

356 4586 710 4660 tionibus
752 4581 1227 4657 Aristotelis
1283 4580 1360 4653 in
1401 4580 1723 4673 Topicis
1771 4608 1784 4651 ε
1837 4579 1905 4652 si

356 4713 450 4784 ad
485 4710 930 4783 maximum
963 4707 1433 4788 maximum,
1473 4705 1587 4779 ita
1619 4706 1712 4777 ad
1749 4725 1909 4777 ma·

358 4856 603 4927 gnum
638 4853 1046 4925 magnum,
1082 4831 1399 4905 finitum
1430 4830 1526 4902 ad
1559 4830 1901 4912 finitum,

357 4967 511 5035 etc.

457 5090 685 5167 Item,
761 5085 830 5157 si
898 5087 1321 5157 causatum
1400 5083 1784 5174 dependet
1860 5102 1909 5154 a

363 5233 610 5286 causa
651 5211 1129 5302 inquantum
1172 5209 1592 5285 causante;
1651 5205 1910 5296 igitur

359 5335 741 5428 dependet
777 5352 822 5403 a
850 5330 1377 5411 correlative,
1415 5329 1599 5421 quia
1646 5331 1908 5401 actua·

357 5464 459 5536 lis
501 5458 871 5536 causatio
938 5475 1186 5550 super
1235 5455 1694 5528 absolutum
1746 5472 1906 5524 non

355 5588 570 5665 addit
630 5584 787 5658 nisi
848 5583 1367 5665 relationem;
1437 5579 1570 5652 sed
1637 5599 1908 5651 eonse-

46 2094 142 2143 f'ide
171 2096 326 2145 scot.

46 5138 158 5187 Tere
167 5139 235 5187 ἰα
247 5175 268 5188 .

3460 407 3580 474 739

2034 586 2283 658 quens
2361 571 2484 641 est
2564 567 2899 651 falsum,
2975 569 3163 662 quia
3233 569 3580 645 relativa

2035 687 2222 755 sunt
2260 684 2505 757 simul
2543 690 2866 759 natura.

2083 802 2355 882 ·Item,
2416 803 2706 877 saltem
2759 802 3032 895 aliqua
3088 804 3250 877 erit
3298 804 3574 895 depen-
3662 809 3897 862 Quarta·

2031 914 2326 998 dentia,
2360 921 2439 990 et
2472 939 2630 990 non
2673 920 2766 991 ad
2798 940 3156 1020 causam,
3205 923 3290 991 ut
3332 939 3575 991 causa

2033 1032 2126 1103 ad
2187 1037 2614 1108 causatum
2679 1036 3212 1128 propinquius
3281 1057 3574 1117 causae,

2034 1152 2229 1241 puta
2280 1149 2464 1231 ista,
2512 1171 2685 1243 quae
2717 1155 2842 1225 est
2874 1153 2968 1224 ad
3004 1151 3358 1245 primum
3391 1153 3582 1225 emi-

2031 1284 2253 1348 nens,
2293 1265 2768 1359 inquantum
2801 1289 2984 1341 eum
3020 1269 3363 1343 secunda
3397 1290 3580 1342 con-

2032 1382 2320 1464 currit,
2384 1382 2547 1455 imo
2607 1386 2685 1455 et
2748 1384 2979 1477 prior
3030 1384 3247 1456 omni
3300 1386 3579 1479 depen-

2029 1495 2299 1569 dentia
2359 1499 2454 1569 ad
2496 1519 2865 1581 causam3
2911 1506 2990 1574 et
3043 1501 3215 1573 ideo
3278 1501 3577 1574 insuffi-

2031 1614 2344 1687 cienter
2396 1615 2781 1688 dividitur
2841 1616 3016 1709 ipsa
3066 1620 3434 1693 causatio
3498 1620 3576 1692 in

2033 1731 2802 1805 secundadivisione
2838 1732 3090 1826 prius,
3139 1755 3177 1806 a
3228 1757 3384 1827 quo
3437 1737 3576 1808 ali·

2031 1849 2217 1940 quid
2248 1849 2630 1941 dependet
2666 1849 2743 1921 in
2776 1870 3134 1933 causam,
3180 1855 3258 1925 et
3300 1873 3575 1926 causa-

2030 1968 2204 2036 tum
2252 1965 2787 2059 propinquius
2821 1986 3112 2039 causae.

2122 2081 2234 2153 Ad
2312 2082 2665 2174 primam
2756 2083 3027 2174 itaque
3104 2086 3572 2169 notandum,
3715 2104 3803 2158 22.

2029 2197 2388 2291 primum
2416 2199 2493 2270 in
2523 2219 2815 2291 genere
2839 2202 2961 2272 est
2995 2200 3580 2294 participatum

2033 2317 2468 2389 secundum
2518 2316 2925 2408 quodlibet
2986 2317 3135 2398 sui,
3184 2319 3315 2391 sed
3356 2318 3580 2391 dimi-

2031 2438 2225 2508 nute
2286 2433 2499 2506 forte
2542 2435 2973 2507 secundum
3015 2439 3400 2510 naturam
3460 2455 3584 2527 ge-

2031 2551 2282 2634 neriS,
2346 2571 2521 2643 quae
2580 2551 3025 2644 perfectius
3083 2555 3205 2626 est
3268 2554 3347 2625 in
3411 2574 3588 2647 per-

2033 2668 2385 2752 fectiori,
2441 2671 2521 2741 et
2570 2669 3048 2744 diminutius
3100 2671 3180 2743 in
3213 2672 3583 2754 seeundo,

2034 2805 2222 2857 nam
2265 2806 2422 2858 non
2459 2786 2893 2858 secundum
2927 2791 3313 2861 naturam
3348 2787 3591 2859 sumi-

2033 2903 2175 2972 tur
2213 2900 2669 2974 differentia
2703 2901 3111 2995 specifica;
3152 2907 3343 2976 tunc
3374 2902 3589 2974 enim

2033 3016 2363 3106 negatio
2399 3017 2573 3087 sola
2605 3015 3169 3106 distingueret,
3209 3016 3379 3089 ideo
3420 3017 3590 3088 nul-

2032 3135 2200 3208 lum
2264 3133 2621 3227 primum
2686 3131 2765 3204 in
2809 3152 3105 3223 genere
3145 3138 3269 3209 est
3318 3154 3585 3208 neees-

2036 3250 2263 3323 sario
2308 3268 2719 3321 mensura.

2099 3364 2505 3457 Numquid
2531 3364 3019 3440 Aristoteles
3058 3364 3440 3457 intelligit
3474 3364 3581 3439 ibi

2035 3483 2550 3576 oppositum?
2596 3481 3099 3573 Respondeo,
3174 3481 3578 3574 principa-

2031 3601 2135 3674 lis
2198 3600 2540 3672 intentio
2604 3597 2860 3691 ipsius
2902 3598 3241 3691 capituli
3282 3603 3406 3672 est
3460 3620 3578 3671 os-

2030 3718 2357 3792 tendere
2431 3714 2828 3808 quomodo
2889 3712 3105 3787 ratio
3178 3735 3578 3787 mensurae

2029 3834 2411 3908 convenit
2455 3832 2613 3914 uni,
2683 3851 2844 3903 non
2904 3834 3224 3905 tantum
3294 3830 3370 3902 in
3428 3834 3580 3905 dis-

2026 3951 2278 4024 cretis
2347 3953 2423 4022 et
2493 3948 2923 4029 continuis,
2999 3949 3130 4020 sed
3188 3948 3437 4022 etiam
3501 3950 3580 4022 in

2027 4068 2248 4141 omni
2282 4086 2578 4157 genere
2633 4092 2647 4134 ε
2703 4069 2783 4137 et
2833 4084 3119 4135 verum
3173 4070 3322 4146 est,
3376 4067 3581 4156 quod

2023 4185 2165 4259 illo
2269 4183 2474 4275 quod
2569 4184 3093 4253 mensuratur
3195 4180 3275 4251 in
3353 4200 3580 4273 gene-

2024 4323 2137 4385 re,
2176 4302 2364 4375 licet
2401 4317 2558 4371 non
2601 4297 3094 4378 necessario,
3143 4299 3268 4370 est
3312 4298 3574 4389 magis

2022 4438 2269 4491 unum
2310 4435 2819 4487 mensurans.

2109 4535 2223 4606 Ad
2267 4534 2697 4606 secundam
2731 4551 2890 4605 non
2926 4530 3297 4622 sequitur
3330 4532 3561 4623 quod,
3704 4570 3790 4624 23,

2019 4654 2173 4722 etc.
2219 4648 2917 4722 considerationes
2962 4646 3423 4738 intelligant
3471 4649 3562 4720 de
3596 4633 3898 4758 fflfflfifflf·

2021 4763 2407 4846 maxime,
2460 4762 2665 4854 quod
2715 4761 3269 4835 essentialiter
3325 4763 3566 4834 inelu-

2018 4880 2134 4954 dit
2205 4879 2675 4957 maximum,
2749 4895 2908 4947 non
2980 4877 3188 4968 quod
3249 4882 3569 4951 tantum

2020 4995 2680 5070 communicatur
2717 4991 3034 5065 ratione
3067 5014 3477 5067 excessus.

2110 5112 2225 5183 Ad
2257 5109 2619 5189 tertiam,
2670 5107 2747 5178 in
2795 5111 3156 5180 tractatu
3200 5108 3291 5179 de
3342 5109 3571 5182 Rela-

2021 5226 2380 5299 tionibus
2442 5243 2738 5316 quaere,
2804 5222 3200 5314 quomodo
3246 5224 3572 5297 relatio-

2021 5361 2164 5413 nes
2242 5339 2665 5434 oppositae,
2748 5357 2908 5409 non
2985 5358 3212 5428 aeque
3300 5338 3569 5431 primo

2020 5477 2347 5549 semper
2387 5455 3000 5545 consequuntur
3043 5456 3437 5535 extrema,
3483 5460 3569 5528 ut

2023 5596 2179 5647 una
2232 5591 2591 5653 causam,
2640 5570 2772 5642 sed
2831 5568 3095 5641 altera
3152 5570 3417 5663 prius,
3490 5578 3570 5648 et
