4252 6393
744 426 863 489 392
1903 431 2006 493 DE
2048 427 2315 495 RERUM
2357 425 2746 492 PRINCIPIO

1158 814 1623 897 QUAESTIO
1721 814 1861 886 IX.

736 1022 1094 1110 Supposico
1172 1022 1347 1108 quod
1436 1023 1670 1089 anima
1753 1021 2120 1088 rationalis
2201 1020 2290 1086 sit

828 1140 1189 1226 composita
1230 1160 1316 1205 ex
1344 1140 1634 1206 materia
1673 1147 1732 1203 et
1769 1141 2018 1224 forma,
2064 1147 2289 1204 utrum

833 1277 983 1325 vere
1037 1266 1100 1323 et
1146 1255 1588 1322 essentialiter
1641 1256 1856 1341 saciat
1888 1275 2093 1321 unum
2142 1273 2289 1320 eum

831 1393 1109 1461 corpore
1140 1370 1173 1437 ‘?

746 1579 916 1637 Arist.
947 1580 1012 1634 de
1070 1579 1298 1646 Anima,
1330 1584 1460 1635 text.
1490 1577 1577 1634 11.
1614 1584 1662 1633 ee
1698 1579 1747 1635 1.
1805 1580 1869 1633 de
1908 1583 2060 1647 part.
2100 1578 2288 1637 Anim.

818 1667 939 1720 cap.
973 1650 1026 1708 1.
1058 1651 1222 1707 Aver.
1248 1651 1304 1708 3.
1365 1653 1429 1705 de
1475 1652 1681 1705 Anima
1736 1666 1874 1706 eom.
1916 1651 1969 1705 5.
2024 1648 2287 1705 Themist.

817 1725 914 1778 lib.
944 1726 997 1778 2.
1018 1738 1139 1791 cop.
1172 1721 1258 1778 27.
1288 1721 1527 1794 Simplie.
1559 1723 1656 1778 tib.
1685 1723 1736 1779 1.
1759 1727 1889 1778 text.
1918 1726 1974 1778 7.
2006 1720 2289 1793 Philopon.

817 1799 947 1851 teme.
984 1793 1071 1851 11.
1104 1795 1167 1850 D.
1208 1792 1397 1851 Thom.
1434 1793 1484 1850 1.
1517 1800 1664 1861 pare.
1697 1800 1884 1863 quaest.
1917 1793 2006 1849 76.
2033 1795 2199 1849 artic.
2237 1793 2289 1852 1.

814 1863 1063 1938 Cajetan.
1091 1865 1229 1920 ibid.
1256 1863 1499 1924 Valentia
1528 1867 1670 1935 disp.
1686 1864 1739 1922 6.
1756 1871 1945 1934 quaest.
1959 1868 2013 1921 2.
2025 1869 2220 1946 punct.
2237 1865 2288 1922 1.

815 1938 1126 1994 Suarezlib.
1146 1937 1197 1993 1.
1229 1940 1293 1993 de
1322 1939 1507 1992 anim.
1532 1952 1652 2006 cap.
1688 1938 1738 1994 1.
1772 1936 2089 1992 Conimbrnc.
2114 1937 2212 1992 lib.
2234 1939 2289 1994 2.

814 2009 878 2062 de
898 2012 1088 2065 Anim.
1119 2024 1239 2077 cap.
1275 2010 1326 2067 1.
1349 2007 1605 2077 quesne.
1638 2010 1819 2065 arui.
1853 2008 2039 2081 Comp.
2072 2010 2216 2078 disp.
2234 2010 2289 2065 2.

814 2082 879 2134 de
906 2082 1095 2137 Anim.
1133 2086 1322 2150 quest.
1360 2080 1409 2136 1.
1435 2078 1556 2136 αἳ.
1595 2085 1796 2139 Aversa
1825 2085 1955 2137 tom.
1988 2083 2042 2137 2.
2084 2081 2290 2138 Philas.

817 2157 1005 2221 quaest.
1038 2151 1127 2210 57.
1158 2157 1284 2210 sect.
1314 2151 1369 2210 2.

532 2387 578 2438 ι,
838 2344 1314 2437 Respondeo
1360 2368 1375 2413 ε
1422 2343 1803 2437 quoniam
1836 2341 1967 2416 hic
1998 2343 2089 2416 de
2147 2345 2293 2418 tri-

749 2464 1033 2543 nitate,
1070 2462 1146 2534 et
1184 2461 1415 2533 modo
1458 2459 1798 2534 unitatis
1832 2460 2150 2544 animae,
2212 2464 2292 2534 et

751 2578 1132 2672 corporis
1196 2579 1621 2672 quaeritur,
1712 2581 1800 2652 ut
1859 2577 2099 2670 juxta
2166 2598 2292 2650 ar-

475 2739 672 2791 omnia
751 2700 918 2770 tem
989 2695 1556 2790 Philosophil.
1604 2698 1875 2784 Physie.
1940 2708 2100 2764 text.
2136 2698 2200 2768 4.
2247 2717 2293 2768 a

431 2811 698 2915 αξξξζξρζ,
751 2813 1317 2886 communibus
1391 2812 1485 2884 ad
1534 2811 1920 2905 specialia
1977 2812 2292 2885 descen-

407 2933 685 2992 appetunt·
748 2932 1060 3014 damus,
1125 2929 1535 3003 sciendum
1605 2931 1754 3013 est,
1838 2930 2044 3022 quod
2124 2951 2293 3003 om-

747 3047 887 3120 nia
964 3070 1137 3141 quae
1198 3049 1410 3129 sunt,
1484 3048 1916 3120 secundum
1968 3048 2292 3120 modum

751 3162 904 3238 sibi
980 3162 1594 3239 convenientem
1635 3166 1716 3238 et
1789 3162 2287 3257 possibilem,

748 3283 1150 3356 unitatem
1182 3283 1599 3374 appetunt,
1635 3282 1944 3356 dicente
2004 3282 2290 3357 Boetio

746 3401 831 3470 de
923 3402 1254 3470 Trinitate
1331 3411 1391 3466 el
1465 3401 1630 3481 Une,
1691 3423 1837 3488 cap.
1900 3402 1967 3472 2.
2048 3403 2294 3469 Omnia

746 3514 1068 3608 (inquit)
1134 3518 1457 3583 unitatem
1521 3528 1865 3604 appetunt,
1938 3530 2006 3583 ιιι
2091 3520 2294 3585 etiam

747 3656 827 3703 ea
879 3634 1091 3701 mulla
1146 3642 1322 3712 ειιπι,
1368 3653 1512 3719 quae
1558 3654 1765 3699 unte-m
1819 3631 1959 3699 diei
2014 3634 2294 3703 volunt.-

749 3773 1169 3841 quoeeumque
1217 3752 1397 3817 enim
1441 3749 1619 3817 idem
1684 3750 1950 3838 quidem
1987 3763 2163 3832 sunt,
2225 3765 2295 3820 ut

748 3890 907 3938 vera
937 3870 1193 3935 unitate
1221 3889 1355 3933 esse
1387 3869 1717 3949 nitantur,
1780 3877 1895 3932 aut
1924 3889 2069 3933 eam
2107 3869 2292 3935 simi-

753 3984 957 4053 lando
992 3987 1327 4053 nituntur.
1390 3980 1609 4052 Unde
1665 3979 2077 4073 appetitus
2124 3981 2294 4053 uni-

748 4099 947 4174 tatis
990 4098 1109 4171 ita
1148 4098 1487 4171 intimus
1538 4100 1618 4170 et
1659 4095 2149 4179 essentialiS,
2213 4101 2295 4171 et

750 4206 1241 4279 universalis
1264 4209 1386 4278 est
1430 4204 1825 4287 omnibuS,
1869 4206 2040 4277 tam
2072 4226 2294 4278 crea-

753 4321 967 4397 turis
1036 4342 1277 4414 quam
1310 4322 1696 4402 creatori,
1744 4321 1947 4412 quod
1981 4320 2293 4392 nullum

750 4443 900 4522 est,
991 4460 1135 4513 nec
1200 4438 1656 4529 excogitari
1706 4439 1972 4530 potest
2042 4455 2294 4528 genus

756 4554 1325 4636 multitudinis,
1390 4555 1527 4626 aut
1594 4553 2019 4626 divisionis
2128 4552 2296 4628 sive

752 4672 1328 4755 distinctionis,
1424 4670 1631 4764 quod
1716 4670 1812 4741 ad
1898 4669 2296 4742 unitatem

754 4790 1114 4883 aliquam
1155 4810 1316 4863 non
1378 4788 1858 4868 reducatur;
1924 4786 2040 4858 ita
2091 4787 2298 4878 quod

752 4909 929 5003 ipsa
955 4912 1043 4983 ut
1066 4908 1462 4981 unitatem
1484 4904 1855 4985 habeant,
1885 4903 2050 4975 sive
2074 4903 2294 4989 illud,

751 5026 834 5099 in
868 5045 1025 5118 quo
1068 5024 1281 5106 sunt,
1340 5021 1568 5116 prius
1636 5024 2018 5094 occurrat
2070 5020 2299 5092 intel-

751 5142 1026 5223 lectui,
1065 5159 1307 5233 quam
1380 5139 1558 5231 ipsa
1627 5134 2063 5209 multitudo
2126 5135 2296 5207 sive

750 5258 1213 5334 diversitas.
1289 5254 1416 5330 Sic
1456 5251 1822 5332 dicimus,
1916 5251 2119 5342 quod
2188 5250 2296 5323 di-

749 5394 993 5448 versa
1069 5368 1515 5447 accidentia
1585 5368 1769 5439 sunt
1831 5385 2077 5436 unum
2120 5365 2294 5437 sub-

744 5493 1005 5589 jecto;
1068 5490 1390 5562 diversa
1439 5504 1777 5555 numero
1821 5485 2007 5555 sunt
2052 5501 2295 5552 unum

756 5617 1058 5712 specie;
1114 5614 1436 5687 diversa
1493 5609 1780 5702 specie,
1819 5611 2004 5679 sunt
2049 5627 2292 5678 unum

2401 608 2696 681 genere
2748 586 3263 686 subalterno;
3326 586 3648 659 diversa
3713 604 3921 678 gene·
3995 653 4000 658 ,

2403 727 2493 779 re
2538 705 3035 788 subalterno,
3110 709 3300 780 sunt
3352 724 3602 778 unum
3649 722 3922 795 genere

2403 824 3027 917 generalissimo
3055 848 3069 906 ;
3097 824 3421 898 diversa
3471 842 3764 914 genere
3814 842 3925 914 ge-

2400 941 2954 1024 neralissimo,
3005 943 3192 1014 sunt
3228 960 3476 1013 unum
3510 940 3590 1013 in
3626 939 3926 1014 ratione

2399 1059 2652 1141 entis;
2701 1079 2952 1152 quare
3000 1061 3079 1130 et
3113 1058 3293 1152 ipsa
3336 1056 3765 1131 multitudo
3801 1078 3930 1130 nu-

2401 1195 2802 1249 merorum
2829 1174 3144 1248 infinita
3177 1176 3273 1247 ad
3295 1195 3570 1259 unum,
3600 1174 3801 1267 quod
3820 1177 3932 1249 est

2401 1294 2904 1388 principium
2939 1292 3288 1375 numeri,
3336 1294 3778 1368 reducitur.
3815 1292 3929 1366 Sic

2400 1410 2651 1484 etiam
2713 1410 2794 1483 in
2859 1409 3603 1484 communicatione
3662 1409 3930 1483 intrin-

2403 1547 2590 1600 seca
2630 1527 2995 1602 Trinitas
3029 1546 3571 1621 personarum
3623 1527 3718 1599 ad
3748 1526 3929 1599 duas

2400 1643 3000 1725 ema-nationem
3043 1644 3218 1716 duae
3255 1643 3814 1717 emanationes
3844 1644 3929 1716 ad

2400 1760 2555 1832 duo
2591 1760 3022 1854 principia,
3063 1760 3375 1835 scilicet
3442 1758 3932 1834 intellectum

2402 1878 2479 1947 et
2548 1875 3087 1959 voluntatem,
3164 1880 3241 1949 et
3325 1875 3466 1949 illa
3541 1876 3635 1948 ad
3704 1896 3934 1948 unam

2403 1992 3097 2086 simplicissimam
3142 1991 3545 2067 unitatem
3574 1990 3937 2066 essentiae

2405 2107 2924 2183 reducuntur.

2495 2228 2696 2300 Cum
2741 2226 2999 2319 igitur
3037 2226 3128 2299 de
3181 2226 3473 2298 animae
3515 2226 3938 2301 rationalis

2403 2346 2485 2417 et
2543 2343 2924 2435 corporis
2965 2345 3280 2417 unitate
3313 2349 3761 2436 quaeratur,
3795 2344 3939 2416 duo

2406 2464 2594 2533 sunt
2627 2460 3203 2554 principaliter
3236 2460 3754 2553 inquirenda:
3792 2461 3939 2553 pri-

2407 2597 2627 2649 mum
2703 2580 2851 2660 est,
2932 2581 3210 2651 utrum
3266 2577 3768 2669 generaliter
3847 2599 3938 2650 ex

2403 2692 2674 2768 forma
2729 2695 3272 2779 substantiali,
3318 2700 3397 2770 et
3436 2695 3941 2769 materialiat

2407 2831 2654 2884 unum
2687 2816 2722 2882 ‘2
2760 2813 3208 2885 Secundum
3250 2832 3353 2885 an
3386 2833 3483 2884 ex
3516 2812 3795 2885 anima
3827 2831 3941 2883 ra·

2407 2928 2722 3011 tiona-li,
2786 2930 3155 3021 quamvis
3186 2928 3480 3003 habeat
3516 2929 3942 3003 materiam

2406 3049 2727 3138 partem
2801 3047 2952 3129 sui,
3022 3050 3289 3141 potest
3323 3067 3471 3139 per
3510 3047 3944 3120 essentiam

2401 3182 2594 3236 vere
2635 3183 2819 3237 cum
2860 3183 3209 3258 corpore
3244 3184 3490 3237 unum
3538 3164 3749 3240 fieri.

2900 3463 3178 3523 ARTICU
3188 3464 3328 3522 LUS
3399 3466 3442 3521 1.

2411 3647 2645 3714 Utrum
2701 3646 2928 3729 forma
2990 3643 3477 3721 substantialis,
3537 3657 3600 3713 et
3667 3648 3949 3715 materia

2490 3764 2706 3849 sacia-c
2745 3780 2950 3828 unum
2975 3782 3101 3847 per
3133 3782 3202 3827 se
3240 3762 3608 3841 essentiale,
3664 3774 3728 3830 et
3780 3764 3946 3828 acci-

2491 3878 2655 3945 dens
2700 3899 2846 3944 eum
2883 3875 3169 3964 subjecto
3197 3897 3404 3944 umam
3442 3878 3915 3946 accidentale?

2495 4068 2733 4142 Circa
2777 4066 3133 4160 primum
3165 4068 3318 4141 duo
3356 4073 3544 4145 sunt
3573 4071 3944 4152 videnda;

2407 4184 2763 4278 primum
2813 4188 2962 4265 est,
3027 4186 3232 4276 quod
3271 4184 3542 4258 forma
3586 4188 3950 4261 substan·

2405 4301 2630 4375 tialis
2666 4322 2811 4394 per
2845 4321 3075 4374 suam
3107 4301 3549 4377 essentiam
3593 4310 3792 4380 nata
3831 4310 3951 4378 est

2404 4420 2585 4493 fieri
2630 4440 2902 4501 unum,
2939 4423 3020 4493 et
3077 4422 3515 4495 essentiale
3563 4443 3753 4495 cum
3798 4442 3952 4494 ma·

2406 4537 2618 4611 teria
2687 4557 2857 4619 sua,
2909 4540 2991 4611 et
3030 4558 3072 4609 e
3122 4538 3547 4611 contrario
3604 4538 3950 4613 materia

2406 4676 2593 4729 cum
2661 4652 2931 4725 forma
3017 4674 3188 4726 sua.
3272 4656 3721 4729 Secundum
3800 4659 3945 4736 est,

2410 4770 2617 4863 quod
2677 4770 3046 4844 accidens
3115 4793 3298 4845 cum
3368 4793 3515 4845 suo
3586 4773 3946 4867 subjecto

2409 4906 2569 4958 non
2600 4890 2725 4960 est
2757 4888 3039 4959 natum
3084 4885 3199 4961 sic
3239 4888 3800 4963 essentialiter
3839 4887 3945 4959 fa-

2407 5024 2592 5075 eere
2623 5022 2894 5074 unum.

2977 5181 3372 5241 SCHOLIUM.

2477 5333 2744 5405 Egregie
2776 5330 2951 5389 docet
2981 5332 3193 5389 Scotus
3224 5334 3289 5389 in
3320 5335 3375 5389 2.
3414 5333 3555 5393 dist.
3593 5336 3677 5392 12.
3730 5340 3943 5407 quaest.

2407 5433 2458 5490 1.
2490 5436 2544 5497 §-
2572 5432 2891 5501 Respondeo,
2940 5431 3324 5501 Philosophus,
3348 5436 3406 5489 et
3429 5433 3493 5489 in
3517 5434 3943 5506 sequentibuS,

2409 5529 2572 5587 unde
2603 5528 2934 5601 proveniat
2967 5530 3274 5587 unitatum
3307 5531 3642 5591 diversitas
3673 5535 3741 5590 in
3781 5546 3945 5590 com-

2403 5629 2641 5701 positis,
2697 5633 2758 5686 et
2816 5642 3015 5700 quare
3075 5629 3188 5687 hoc
3246 5633 3651 5705 compositum
3712 5631 3942 5689 dicitur
