4252 6393
337 1970 616 2046 Conclusio

363 2042 613 2110 quaestuo-

418 2111 525 2147 ,ι’δ,

440 4896 515 4950 19.

685 377 796 444 188

672 541 965 624 dinem,
1014 540 1227 616 sieut
1279 544 1502 635 patet
1544 562 1640 612 ex
1702 541 2212 633 praecedenti,

674 680 861 733 nam
914 659 1200 734 taliter
1262 657 1628 731 diffundit
1679 678 1910 729 suam
1960 657 2215 731 virtu-

674 780 839 852 tem
894 797 1126 849 omne
1169 796 1416 866 agens
1459 774 1860 849 naturale.
1907 774 2210 856 Tertio,

677 894 864 988 quia
897 894 1157 968 turris
1207 894 1571 967 existens
1607 892 1687 965 in
1735 893 1913 985 ripa
1956 912 2211 983 aquae,

671 1014 946 1086 tamen
1030 1012 1349 1085 videtur
1428 1010 1905 1105 profundari
1994 1009 2215 1084 infra

675 1133 1015 1211 terram,
1057 1133 1447 1220 quantum
1493 1128 1572 1200 in
1614 1148 1802 1200 aere
1848 1128 2219 1200 elevatur

673 1248 1291 1337 superterram,
1328 1248 1407 1319 et
1450 1248 1722 1317 tamen
1759 1244 1897 1316 illa
1940 1243 2212 1332 imago

674 1381 834 1433 non
871 1364 1145 1453 posset
1181 1361 1545 1454 imprimi
1579 1364 1895 1435 tantum
1932 1360 2010 1432 in
2034 1381 2216 1453 pro-

673 1476 916 1550 fundo
962 1483 1231 1551 terrae.

762 1595 1058 1679 Quinta
1120 1600 1245 1669 est
1326 1593 1762 1667 diversitas
1843 1593 2209 1688 speculo-

680 1733 858 1783 rum
903 1713 980 1783 in
1016 1712 1592 1803 magnitudine,
1637 1718 1719 1787 et
1769 1712 2208 1806 parvitate,

677 1833 758 1902 et
795 1829 912 1901 sic
957 1828 1037 1902 in
1079 1830 1556 1923 asperitate,
1594 1835 1674 1904 et
1716 1831 2076 1904 lenitate.

764 1947 1210 2021 Secundum
1279 1947 1427 2020 hoc
1488 1947 1824 2041 ponitur
1896 1947 2215 2019 conclu-

671 2062 793 2136 sio
838 2065 1319 2157 responsiva
1361 2066 1456 2137 ad
1498 2064 1955 2157 quaesitum,
2006 2066 2214 2156 quod

672 2181 1034 2272 quaedam
1078 2185 1265 2254 sunt
1327 2182 1657 2274 specula
1711 2181 2217 2256 reflectentia

667 2299 961 2379 lucem,
1008 2303 1089 2372 et
1148 2298 1538 2389 figuram;
1599 2298 1964 2389 quaedam
2027 2301 2215 2372 sunt

672 2434 847 2503 quae
908 2435 1068 2486 non
1130 2419 1471 2507 possunt
1543 2414 1964 2487 reflectere
2021 2415 2216 2505 figu-

670 2552 874 2612 ram,
922 2530 1296 2623 quamvis
1345 2530 1543 2602 bene
1582 2530 1871 2603 lucem.
1918 2533 2019 2605 Et
2062 2530 2213 2603 hoc

669 2647 1166 2738 intelligitur
1196 2647 1287 2718 de
1318 2646 1586 2737 figura
1638 2647 2045 2739 corporis,
2084 2668 2211 2720 cu-

661 2766 796 2858 jus
838 2765 1101 2836 lucem
1140 2764 1591 2837 reflectunt.

763 2884 916 2953 Per
971 2879 1122 2954 hoc
1194 2881 1627 2954 solvuntur
1692 2881 2056 2954 rationes
2117 2883 2212 2953 ad

670 3003 857 3073 ante
904 2998 1395 3090 oppositum.
1445 2997 1854 3071 Probatur
1891 2998 2212 3070 conclu·

670 3116 792 3189 sio
908 3115 1174 3208 primo
1269 3136 1367 3186 ex
1423 3118 1657 3208 parte
1746 3114 2208 3207 parvitatis,

665 3237 745 3308 et
800 3231 1377 3323 magnitudinis
1429 3232 1974 3325 speculorum,
2025 3233 2214 3324 quia

670 3351 1032 3443 quaedam
1103 3348 1429 3441 specula
1491 3353 1677 3422 sunt
1744 3349 1855 3421 ita
1929 3370 2207 3440 parva,

669 3469 877 3560 quod
921 3470 1261 3559 propter
1326 3465 1449 3537 sui
1497 3465 1988 3557 parvitatem
2049 3487 2211 3538 non

671 3583 1085 3657 sufficiunt
1156 3583 1578 3655 reflectere
1657 3582 1817 3654 nisi
1887 3587 2210 3675 partem

672 3701 1071 3774 modicam
1129 3698 1248 3772 rei
1312 3700 1672 3791 objectae,
1731 3698 1944 3773 sicut
1989 3703 2211 3792 patet

670 3819 766 3891 ad
846 3817 1466 3909 experientiam.
1560 3820 1680 3888 Ex
1758 3838 1913 3908 quo
1989 3820 2212 3909 patet

670 3934 878 4027 quod
938 3933 1006 4004 si
1059 3932 1223 4005 sint
1287 3932 1544 4005 multa
1588 3933 1787 4006 talia
1850 3934 2205 4025 specula,

673 4050 930 4123 mixta
999 4071 1082 4121 se
1152 4048 1523 4131 invicem,
1595 4050 1964 4142 dispersa
2024 4049 2210 4123 hinc

673 4166 871 4249 inde,
911 4171 1100 4242 tunc
1154 4166 1233 4239 in
1288 4167 1798 4241 multitudine
1851 4169 2211 4260 speculo-

677 4303 854 4354 rum
912 4302 1073 4355 non
1135 4282 1588 4357 reflectitur
1655 4284 1920 4374 figura
1991 4284 2210 4355 illius

669 4398 1076 4492 eorporis,
1123 4400 1256 4471 sed
1297 4399 1529 4471 color
1563 4398 1854 4471 solum.
1911 4402 2012 4472 Et
2059 4399 2209 4472 hoc

669 4519 794 4590 est
838 4515 1044 4607 quod
1074 4515 1267 4589 dicit
1311 4516 1800 4589 Aristoteles
1837 4520 1910 4584 in
1958 4520 2084 4584 iseo
2141 4520 2206 4590 3.

669 4633 760 4705 de
794 4632 1051 4722 guttis
1085 4653 1313 4724 aquae
1371 4632 1554 4704 hinc
1599 4632 1776 4704 inde
1817 4633 2210 4726 dispersis

674 4749 754 4820 in
794 4748 1023 4832 nube,
1062 4749 1157 4820 ad
1190 4769 1432 4840 quam
1463 4749 1550 4821 fit
1578 4749 1910 4821 reflexio
1942 4749 2207 4822 Iridis.

764 4866 1148 4949 Secundo,
1208 4866 1604 4958 probatur
1647 4865 2065 4937 conclusio
2111 4887 2211 4938 ex

675 4985 906 5076 parte
937 4982 1438 5075 asperitatis,
1469 4987 1548 5055 et
1587 4981 1979 5062 lenitatis,
2022 4983 2211 5074 quia

666 5119 1021 5191 corpora
1062 5119 1355 5191 aspera
1400 5120 1559 5169 non
1619 5098 2046 5172 reflectunt
2095 5098 2210 5171 sic

668 5215 1018 5304 figuram
1077 5217 1513 5287 secundum
1566 5215 1852 5295 lucem,
1892 5219 2033 5288 aut
2076 5237 2203 5287 co·

670 5333 930 5405 lorem
978 5333 1266 5413 solum,
1334 5332 1548 5404 sicut
1596 5330 2019 5404 dicebatur
2085 5354 2207 5402 su-

669 5469 814 5541 per
871 5448 1228 5541 primum
1276 5448 1350 5519 in
1403 5447 1850 5539 quaestione
1908 5448 1999 5518 de
2063 5452 2207 5521 Ga·

665 5564 910 5639 laxia.
977 5568 1078 5642 Et
1141 5568 1362 5659 patet
1433 5565 1527 5636 ad
1582 5561 2201 5656 experientiam,

1787 379 1927 441 LlB.
1979 381 2078 441 ΙΙΙ.
2123 379 2667 445 MErEououUM

2328 561 2517 616 nam
2572 545 2797 615 Luna
2864 546 3207 635 propter
3256 542 3433 635 ejus
3478 532 3869 615 difformi-

2329 662 2583 734 tatem
2619 660 2697 734 in
2743 661 3117 741 raritate,
3154 664 3233 733 et
3265 659 3664 734 densitate
3707 677 3871 731 non

2334 778 2680 852 reflectit
2738 779 3088 869 figuram
3159 777 3371 850 Solis
3433 779 3868 849 secundum

2331 895 2594 968 lucem
2635 896 2836 989 ejuS.
2876 894 3438 970 Consimiliter
3460 900 3584 970 est
3606 896 3697 967 de
3739 915 3869 987 pa·

2332 1013 2559 1095 riete‚
2606 1014 2701 1086 ad
2753 1034 2987 1105 quem
3030 1013 3120 1087 fit
3162 1012 3494 1085 reflexio
3538 1012 3868 1085 luminis

2330 1131 2568 1203 Solis.
2606 1134 2706 1203 Et
2739 1151 2987 1203 causa
3019 1135 3168 1211 est,
3208 1131 3396 1223 quia
3429 1130 3633 1202 radii
3679 1129 3868 1202 inei-

2326 1248 2601 1321 dentes
2635 1247 2727 1318 ad
2772 1247 3287 1340 superficiem
3328 1267 3706 1339 asperam
3758 1246 3870 1319 in-

2328 1365 2601 1438 cidunt
2670 1364 3220 1446 uniformiter,
3288 1368 3369 1438 et
3427 1364 3869 1437 consimili-

2331 1483 2518 1554 ter:
2582 1483 2714 1554 sed
2776 1481 2852 1553 in
2916 1481 3398 1557 reflectendo
3465 1480 3869 1554 divarian-

2328 1601 2468 1671 tur
2499 1620 2745 1691 super
2777 1598 3313 1691 asperitatem
3378 1596 3863 1689 superficiei,

2330 1712 2503 1785 ideo
2566 1719 2907 1807 propter
2972 1712 3591 1788 difformitatem
3656 1712 3868 1785 diva-

2331 1831 2739 1911 riationis,
2785 1851 2947 1903 non
3009 1835 3276 1925 potest
3336 1848 3737 1923 apparere
3785 1829 3869 1901 fi·

2329 1968 2563 2039 gura,
2604 1950 2737 2022 sed
2770 1949 2937 2031 lux,
2974 1953 3115 2023 aut
3148 1949 3383 2022 color
3434 1948 3728 2022 solum.

2408 2068 2528 2137 Ex
2606 2085 2761 2157 quo
2835 2062 3210 2155 sequitur
3278 2064 3487 2155 quod
3538 2064 3869 2156 specula

2325 2180 2523 2253 bene
2608 2180 3109 2255 reflectentia
3174 2200 3337 2253 non
3415 2180 3682 2252 solum
3754 2181 3867 2251 lu-

2325 2319 2526 2380 cem,
2583 2299 2710 2370 vel
2772 2298 3163 2378 colorem,
3249 2297 3383 2368 sed
3459 2318 3645 2370 cum
3712 2297 3865 2371 hoc

2323 2415 2702 2506 figuram,
2757 2415 3244 2487 debentesse
3276 2413 3536 2496 laevia,
3578 2414 3862 2507 polita,

2325 2537 2405 2607 et
2440 2535 2700 2613 tersa;
2748 2531 3010 2613 laevia,
3075 2531 3191 2605 ita
3251 2531 3458 2623 quod
3503 2531 3582 2603 in
3615 2532 3715 2603 iis
3760 2532 3868 2604 sit

2324 2649 2823 2724 continuitas
2856 2649 3028 2722 sine
3054 2648 3277 2742 poris
3310 2648 3863 2729 sensibilibus;

2328 2767 2611 2861 polita,
2661 2768 2775 2840 ita
2809 2769 3015 2859 quod
3062 2767 3137 2838 iu
3192 2767 3310 2839 eis
3357 2766 3465 2840 sit
3514 2767 3865 2839 remotio

2327 2885 2834 2967 rubositatis,
2893 2885 3207 2959 seilicet
3267 2884 3868 2977 supereminen-

2326 3003 2661 3083 tiarum,
2712 3007 2791 3076 et
2838 3002 3490 3082 concavitatum;
3554 3001 3687 3073 sed
3745 3003 3866 3074 de-

2326 3116 2514 3190 bent
2546 3136 2723 3185 esse
2760 3120 3010 3198 tersa,
3076 3114 3189 3188 ita
3239 3113 3445 3206 quod
3490 3134 3650 3185 non
3703 3113 3866 3186 sint

2326 3254 2617 3325 sparsa
2681 3232 3035 3325 pulvere,
3088 3229 3479 3313 anhelitu,
3527 3234 3666 3304 aut
3700 3230 3864 3302 alio

2325 3349 2668 3420 humore
2702 3347 3130 3422 inficiente.

2417 3465 2649 3538 Patet
2696 3465 2953 3556 igitur
2995 3465 3351 3558 qualiter
3390 3464 3867 3539 diversimo-

2322 3580 2413 3651 de
2466 3579 2670 3653 fiunt
2716 3580 3193 3654 reflexiones
3246 3601 3293 3652 a
3337 3580 3686 3673 speculis
3752 3582 3869 3654 di-

2322 3697 2614 3777 versis,
2679 3703 2848 3770 tam
2912 3699 3350 3770 secundum
3432 3697 3696 3770 lucem
3787 3705 3869 3774 et

2323 3816 2699 3906 figuram,
2792 3836 3031 3906 quam
3084 3815 3519 3886 secundum
3582 3834 3868 3887 rarum

2323 3939 2404 4006 et
2444 3934 2806 4014 densum,
2861 3936 2940 4005 et
2993 3932 3180 4004 aliis
3222 3930 3863 4005 diversitatibus

2326 4052 2427 4121 Et
2487 4047 2640 4120 hoc
2700 4050 2790 4119 de
2847 4048 3159 4140 primo;
3231 4052 3311 4121 et
3378 4049 3469 4120 de
3520 4049 3865 4120 secundo

2322 4164 2640 4238 dicetur
2677 4164 2751 4235 in
2796 4163 2959 4236 alia
2997 4164 3466 4255 quaestione.

2413 4279 2806 4352 Rationes
2856 4281 2949 4352 ad
2997 4281 3460 4373 oppositum
3515 4301 3659 4373 per
3710 4281 3869 4354 ista

2325 4399 2510 4468 sunt
2572 4394 2885 4467 solutae.

2726 4704 3184 4786 QUAESTIO
3280 4704 3370 4771 V.

2329 4906 2559 4972 Utrum
2610 4907 2680 4973 in
2726 4908 2978 4972 visione
3007 4908 3193 4990 sacta
3238 4927 3365 4992 per
3393 4907 3661 4992 specula
3696 4907 3868 4972 acci-

2852 5021 2971 5087 dat
3002 5019 3243 5089 error?

2413 5215 2814 5306 Arguitur
2857 5215 3059 5306 quod
3096 5235 3279 5296 non,
3322 5213 3507 5306 quia
3550 5215 3618 5285 si
3650 5218 3864 5287 esset

2319 5353 2585 5412 error,
2673 5331 2805 5402 ille
2870 5332 3221 5403 maxime
3290 5332 3694 5405 accideret
3789 5332 3858 5404 in

2312 5448 2619 5541 judicio
2663 5448 2753 5518 de
2798 5449 3255 5538 quantitate
3301 5448 3420 5520 rei
3454 5448 3677 5530 visae,
3728 5448 3856 5518 sed

2319 5565 2470 5639 hoc
2532 5586 2694 5636 non
2778 5569 3045 5659 potest
3105 5565 3512 5647 accidere;
3581 5564 3854 5658 igitur,

3906 5311 4017 5372 Ary
4031 5242 4163 5368 ,ipri-

3890 5388 3935 5422 ”l
3944 5389 3977 5423 U
3983 5387 4028 5418 m
4035 5405 4048 5419 .
