4252 6393
1815 421 2180 499 QUAESTIO
2227 422 2278 484 X

456 585 583 654 cet
653 583 1158 674 sanguinem,
1261 582 1667 676 phlegma,
1740 583 2002 656 chole-

459 718 659 779 ram,
697 704 776 773 θῖ
822 699 1469 773 melancholiam.
1534 699 1706 774 Hoc
1750 704 1998 794 patet.

459 814 729 907 primo
756 837 897 908 per
930 817 1521 891 auctoritatem
1559 816 1829 898 Rasis,
1869 815 2003 908 qui

452 931 647 1005 dicit
692 931 770 1004 in
814 932 1050 1015 libro,
1100 933 1233 1025 qui
1279 933 1755 1008 intitulatur
1803 935 2003 1002 Mini-

451 1073 552 1118 me
582 1053 957 1133 minimum,
994 1055 1075 1124 et
1115 1056 1239 1125 θεῖ
1290 1070 1594 1143 parvus
1655 1049 1997 1133 libellus,

452 1167 788 1260 loquens
857 1168 947 1239 de
1003 1167 1412 1261 praedictis
1457 1171 1810 1260 quatuor
1859 1167 2003 1240 hu-

458 1283 821 1357 moribus
897 1310 911 1354 :
968 1290 1047 1353 Si
1100 1299 1376 1356 attestor
1432 1288 1823 1354 immensam
1880 1289 2006 1353 Dei

452 1404 849 1490 potentiam,
905 1405 1043 1469 hoec
1072 1403 1316 1483 dicam,
1354 1403 1657 1469 convenit
1692 1404 1763 1467 in
1792 1402 2004 1466 omni-

457 1518 571 1585 bus
600 1522 902 1608 reperire
928 1542 1127 1608 usque
1143 1519 1233 1586 ad
1260 1541 1541 1586 arenam
1560 1518 1789 1584 maris,
1827 1513 2000 1588 Hoc

456 1631 748 1725 probat
800 1632 1211 1707 Avicenna
1271 1632 1539 1725 primo
1591 1629 1803 1702 libro
1857 1633 2003 1704 Ca-

452 1748 714 1831 nonis,
787 1748 1086 1831 dicens,
1165 1748 1372 1841 quod
1424 1747 1493 1820 si
1544 1745 2004 1838 accipiatur

453 1864 784 1957 sanguis
842 1865 1271 1946 humanus,
1337 1868 1416 1939 et
1496 1867 1853 1956 ponatur
1922 1862 2003 1935 in

412 2001 637 2071 „vase
670 1982 767 2056 ad
811 1981 1106 2074 ignem,
1169 1980 1437 2074 primo
1501 1981 1669 2055 exit
1713 1999 2002 2073 spuma

452 2098 726 2181 rubea,
764 2120 940 2191 quae
972 2099 1095 2171 est
1118 2097 1295 2190 ejus
1334 2097 1669 2170 cholera
1703 2117 2006 2169 :secun-

447 2217 568 2299 do,
642 2216 878 2310 quasi
935 2216 1313 2289 albumen
1383 2214 1538 2295 ovi,
1613 2213 1821 2306 quod
1880 2215 2002 2285 est

447 2334 620 2427 ejus
657 2333 1062 2427 phlegma,
1108 2337 1188 2408 et
1223 2335 1594 2405 remanet
1637 2331 1718 2402 in
1764 2329 2002 2402 fundo

444 2451 665 2523 vasis
744 2451 1096 2525 materia
1170 2449 1604 2523 terrestris
1680 2467 1999 2541 grossa,

451 2590 625 2661 quae
707 2571 831 2640 est
931 2568 1266 2659 sanguis
1338 2565 2000 2640 melancholicus.

453 2685 624 2760 Hoc
720 2686 998 2758 eodem
1078 2684 1647 2779 experimento
1745 2682 2010 2756 utitur

452 2801 863 2875 Avicenna
897 2801 977 2873 in
1019 2800 1232 2874 libro
1258 2802 1350 2874 de
1385 2799 1687 2892 majori
1722 2799 2011 2890 Alchy-

455 2918 641 3000 mia,
704 2917 836 2990 ubi
877 2917 1097 2999 dicit,
1146 2918 1353 3010 quod
1402 2917 1527 2989 lac
1597 2917 1688 2989 de
1732 2938 1817 2989 se
1889 2937 2008 2988 re·

449 3035 801 3109 solvitur
842 3034 921 3108 in
987 3055 1286 3116 serum,
1372 3035 1578 3126 quod
1654 3035 1777 3105 est
1833 3033 2010 3124 ejus

450 3150 868 3245 phlegma;
959 3150 1039 3224 in
1108 3152 1529 3242 butyrum,
1598 3150 1808 3243 quod
1887 3152 2013 3224 est

445 3270 620 3362 ejus
669 3269 1038 3360 sanguis;
1076 3268 1156 3341 in
1194 3268 1746 3342 substantiam
1784 3287 2014 3359 gros-

447 3405 649 3468 sam,
695 3390 783 3461 ut
853 3389 979 3459 est
1019 3406 1334 3467 caseus,
1412 3406 1587 3477 quae
1648 3387 1772 3456 cst
1834 3383 2010 3475 ejus

449 3502 1013 3585 melancholia,
1095 3506 1173 3575 et
1219 3503 1589 3574 remanet
1646 3500 2009 3587 cholera,

451 3640 623 3711 quae
652 3641 794 3713 per
824 3618 1388 3693 ebullitionem
1413 3616 1856 3690 evanescit.
1896 3619 2013 3689 Ex

450 3735 575 3807 his
668 3740 894 3829 patet
974 3735 1054 3809 in
1126 3736 1338 3809 lacte
1443 3738 1521 3806 et
1621 3733 2017 3823 sanguine

452 3848 832 3932 humano,
870 3849 1314 3942 quemlibet
1359 3849 1765 3921 dictorum
1819 3866 2020 3939 qua-

452 3970 644 4039 tuor
681 3988 858 4039 esse
894 3966 1365 4045 humorum;
1404 3965 1585 4038 etin
1644 3965 2018 4037 omnibus

443 4083 901 4157 viventibus
938 4081 1484 4162 inveniuntur,
1516 4082 1644 4153 scd
1670 4081 2021 4153 donomi-

439 4204 741 4273 nantur
773 4222 819 4273 a
845 4199 1505 4294 praedominante.
1533 4198 1748 4271 Dicti
1770 4199 2020 4271 etiam

441 4322 795 4410 quatuor
834 4316 1220 4390 humores
1254 4320 1441 4390 sunt
1475 4316 1555 4388 in
1597 4315 2016 4407 lapidibus,

444 4431 816 4510 inberbis
848 4440 929 4511 et
955 4435 1331 4516 metallis,
1377 4456 1424 4507 a
1483 4438 1778 4507 natura
1799 4434 2021 4507 educ·

444 4556 576 4636 tis,
667 4554 800 4625 sed
858 4573 1018 4625 non
1085 4552 1381 4624 habent
1448 4549 1779 4621 nomina
1842 4570 2021 4642 pro·

446 4670 650 4762 pria,
724 4670 934 4742 sicut
1035 4669 1115 4741 in
1194 4667 1709 4741 animalibus.
1798 4664 2018 4737 Unde

443 4787 1010 4880 Alchymistae,
1106 4786 1238 4879 qui
1317 4806 1463 4879 per
1535 4784 2019 4857 abstractio·

443 4920 620 4974 nem
654 4900 1063 4976 dictorum
1107 4901 1574 4982 humorum,
1635 4898 2016 4971 nituntur

444 5023 1005 5093 transmutare
1083 5015 1586 5090 substantias
1651 5013 2015 5087 metallo-

448 5153 655 5216 rum,
711 5154 859 5227 per
905 5131 1572 5205 commixtionem
1651 5132 1731 5202 ct
1792 5147 2013 5220 sepa-

451 5250 851 5324 rationem
909 5249 1243 5321 illorum
1278 5246 1722 5320 humorum
1766 5265 1812 5317 a
1855 5265 2012 5316 me-

443 5366 699 5449 tallis,
760 5388 938 5459 quae
982 5367 1069 5439 fit
1115 5386 1262 5458 per
1298 5365 1690 5457 quosdam
1757 5363 2009 5454 igneS,

444 5487 528 5556 et
578 5482 1194 5557 sublimationes
1254 5486 1334 5554 et
1385 5478 2011 5554 commixtiones

444 5602 985 5695 quarumdam
1022 5619 1426 5691 aquarum
1455 5624 1469 5681 ;
1519 5597 1674 5690 ipsi
1706 5597 2005 5675 dicunt,

3555 422 3696 486 ’445

2119 584 2323 676 quod
2399 583 2615 657 calix
2682 588 3032 658 vocatur
3102 581 3663 664 melancholia,

2118 720 2329 792 aqua
2362 701 2576 785 vitae,
2625 701 3044 794 phlegma;
3090 701 3356 775 virtus
3402 701 3664 792 ignea,

2118 817 2494 901 cholera;
2542 839 2686 890 aer
2728 818 3078 900 subtilis,
3128 817 3486 909 sanguis·
3527 843 3541 886 ε
3589 818 3668 889 θῖ

2114 936 2310 1006 tunc
2342 934 2708 1009 volentes
2754 935 3175 1007 ostendere
3219 933 3351 1027 qui
3391 932 3670 1004 humo·

2119 1068 2253 1121 res
2296 1054 2507 1132 sunt,
2549 1051 2683 1144 qui
2715 1052 2911 1124 bene
2945 1049 3464 1125 commisceri
3494 1070 3673 1143 pos-

2118 1172 2332 1250 sunt,
2377 1171 2456 1241 et
2501 1169 2635 1260 qui
2670 1188 2855 1250 non,
2892 1167 3165 1242 dicunt
3210 1168 3417 1261 quod
3456 1166 3667 1241 calix

2115 1283 2359 1374 hujus
2430 1283 2741 1356 metalli
2790 1288 2868 1357 et
2917 1283 3184 1358 virtus
3253 1282 3490 1375 ignea
3583 1283 3669 1355 il-

2116 1402 2302 1482 lius,
2357 1404 2545 1474 sunt
2601 1401 2725 1473 vel
2779 1422 2941 1474 non
2986 1406 3174 1476 sunt
3216 1401 3411 1474 bene
3453 1419 3668 1473 com-

2119 1515 2584 1589 mixtibiles.
2666 1517 2937 1610 Aliqui
3020 1520 3317 1590 vocant
3409 1515 3669 1589 dictos

2117 1638 2473 1727 quatuor
2530 1633 2919 1707 humores
2963 1634 3043 1707 in
3105 1634 3462 1708 metallis
3528 1654 3670 1727 per

2116 1754 2472 1843 quatuor
2507 1756 2783 1844 partes
2826 1750 3208 1824 animalis
3245 1777 3259 1822 ε
3299 1771 3487 1824 nam
3523 1771 3671 1824 cor

2114 1872 2414 1943 vocant
2487 1866 2950 1958 choleram;
3048 1867 3305 1961 hepar
3370 1871 3670 1944 vocant

2118 1985 2643 2076 sanguinem3
2719 2006 2906 2058 ossa
2998 1983 3666 2065 melancholiam;
3743 2053 3753 2060 .

2117 2101 2546 2174 cerebrum
2624 2101 3028 2195 phlegma.
3108 2101 3329 2175 Unde
3395 2100 3669 2175 dicunt

2120 2217 2329 2309 quod
2366 2218 2792 2291 cerebrum
2837 2218 3078 2312 hujus
3124 2217 3432 2293 metalli
3492 2215 3671 2290 fluit

2117 2329 2341 2414 bene,
2376 2331 2505 2404 vel
2545 2353 2706 2405 non
2738 2333 2915 2407 fluit
2947 2333 3044 2406 ad
3097 2352 3308 2416 ossa,
3352 2331 3481 2405 vel
3542 2331 3670 2404 he-

2123 2466 2274 2538 par
2325 2447 2545 2521 illius
2618 2449 2952 2524 metalli.
3017 2447 3179 2522 Alii
3245 2449 3671 2523 nominant

2121 2561 2308 2636 illos
2348 2562 2736 2638 humores
2779 2565 2858 2639 in
2893 2566 3253 2640 metallis
3298 2585 3443 2659 per
3485 2585 3674 2657 qua-

2122 2680 2317 2752 tuor
2375 2684 2666 2756 aetates
2710 2709 2724 2752 ε
2762 2703 2950 2755 nam
3020 2682 3498 2774 sanguinem
3539 2702 3673 2756 vo-

2123 2801 2314 2872 cant
2376 2797 2845 2890 pueritiam,
2905 2797 3328 2872 choleram
3392 2798 3671 2891 juven-

2124 2917 2412 2998 tutem,
2487 2914 2864 3010 phlegma
2945 2916 3285 2999 senium,
3370 2915 3674 2989 melan-

2125 3031 2484 3106 choliam
2573 3038 3103 3109 senectutem.
3205 3037 3304 3109 Et
3399 3035 3675 3109 dicunt

2130 3149 2336 3241 quod
2417 3148 2773 3243 pueritia
2839 3153 2919 3225 et
3002 3154 3376 3226 senectus
3483 3150 3675 3226 isto-

2130 3286 2338 3347 rum,
2375 3265 2501 3338 vel
2556 3265 2888 3339 illorum
2923 3264 3449 3341 metallorum
3491 3287 3677 3340 con·

2125 3381 2459 3454 veniunt
2494 3382 2716 3467 bene,
2752 3381 2878 3455 vel
2911 3403 3074 3455 non
3103 3382 3300 3456 bene
3344 3409 3359 3454 :
3405 3386 3486 3457 et
3518 3382 3679 3458 ista

2133 3497 2405 3570 omnia
2458 3502 2735 3591 patent
2769 3499 2850 3571 in
2882 3499 3230 3572 diversis
3271 3499 3506 3574 libris
3550 3498 3678 3572 Al-

2131 3614 2760 3707 chymistarum.
2796 3618 2897 3690 Et
2923 3615 3223 3710 absque
3263 3616 3499 3690 dubio
3535 3615 3678 3688 illa

2135 3732 2488 3821 quatuor
2581 3730 2915 3805 nomina
2996 3734 3296 3823 εαηραίε,
3384 3733 3675 3815 cholera,

2124 3850 2462 3937 phleqnza,
2498 3860 2558 3915 ec
2585 3850 3053 3930 melancholia,
3103 3847 3441 3941 propria
3491 3849 3679 3921 Sunt

2136 3965 2490 4056 quatuor
2521 3962 2960 4038 humorum
3012 3964 3514 4039 animalium.
3580 3969 3682 4042 Et

2137 4080 2506 4172 quamvis
2550 4084 2906 4173 quatuor
2947 4081 3330 4154 humores
3391 4080 3474 4153 in
3517 4102 3679 4156 om-

2135 4197 2371 4269 nibus
2445 4197 2858 4290 praedictis
2902 4196 3448 4280 inveniantur,
3504 4218 3680 4291 pos-

2136 4319 2325 4389 sunt
2359 4319 2630 4389 tamen
2693 4314 2879 4388 aliis
2920 4314 3380 4388 nominibus
3429 4315 3681 4390 nomi-

2133 4433 2342 4505 nari

2226 4548 2575 4623 Ratione
2615 4547 2867 4622 etiam
2901 4546 3054 4625 hoc
3097 4552 3321 4642 patet
3373 4574 3387 4620 ε
3428 4566 3681 4639 genus

2134 4669 2508 4762 corporis
2559 4667 3125 4761 corruptibilis
3184 4666 3569 4743 dividitur
3603 4667 3682 4741 in

2134 4788 2489 4876 quatuor
2547 4805 2902 4878 corpora
2941 4784 3503 4867 elementaria,
3542 4782 3681 4857 ha-

2131 4899 2403 4976 bentia
2437 4902 2651 4975 inter
2685 4923 2768 4975 se
2800 4901 3293 4996 completam
3345 4921 3682 4995 propor-

2133 5016 2436 5092 tionem
2482 5021 2560 5090 et
2621 5016 3131 5099 continuam,
3195 5016 3387 5111 quia
3465 5015 3679 5091 sicut

2131 5133 2485 5226 primum
2524 5138 2713 5209 ante
2754 5134 3215 5216 secundum,
3254 5132 3370 5205 sic
3407 5153 3678 5206 secun-

2129 5250 2315 5323 dum
2376 5254 2564 5327 ante
2622 5250 2962 5325 tertium
3030 5254 3112 5323 θῖ
3190 5253 3378 5325 ante
3444 5270 3677 5342 quar-

2126 5368 2328 5447 tum,
2393 5370 2475 5440 et
2536 5367 2652 5440 sic
2738 5365 3260 5448 ascendendO,
3338 5366 3522 5437 sunt
3595 5364 3679 5437 in

2128 5482 2513 5556 continua
2581 5483 3140 5577 proportione.
3233 5481 3675 5575 Proportio

2125 5597 2365 5682 enim,
2406 5603 2494 5674 ut
2533 5598 2718 5673 dicit
2764 5598 3157 5682 EuclideS,
3202 5600 3325 5672 est
3361 5598 3442 5671 in
3483 5617 3677 5693 qua-

3827 4585 3904 4637 ss.
